1916 3190
256 232 342 277 368

747 251 790 288 Q.
822 251 1031 281 HORATH
1070 250 1241 282 FLAcffl

547 341 713 385 Audita
734 343 961 386 Musarum
984 347 1195 388 sacerdos

603 409 858 463 Virginibus
875 414 1110 467 puerisque
1130 421 1275 459 canto.

489 475 662 530 Regum
682 477 971 520 timendorum
991 479 1037 521 in
1056 483 1260 536 proprios
1280 495 1446 538 greges,
1685 484 1715 524 5

489 543 637 597 Reges
657 544 702 585 in
724 544 847 599 ipsos
867 545 1098 600 imperium
1118 553 1190 591 est
1206 549 1237 592 J
1240 551 1354 601 oviS‚

543 610 668 652 Clari
688 610 910 666 Giganteo
931 613 1163 669 triumpho,

601 677 777 721 Cuncta
797 681 1036 734 supercilio
1055 685 1285 726 moventis.

257 811 306 840 se·
319 807 478 842 inauditos
488 814 580 843 antea
590 820 697 843 versus
706 820 782 843 cano
790 812 903 853 puellis
919 812 1142 852 acJuvenibtoe.
1167 814 1274 855 Reges
1283 816 1441 848 metuendi
1453 826 1525 849 snos
1534 817 1569 848 in
1578 817 1714 858 populos.

255 850 337 891 ipsos
356 856 460 885 autem
481 853 515 885 in
539 854 643 894 Reges
662 857 847 896 potestatem
868 855 963 887 habet
975 857 1117 898 Jupiter,
1132 857 1225 890 uictis
1243 859 1428 899 gigantibus
1442 860 1590 902 inclytus,
1610 861 1715 892 omnia

868 957 1111 973 OONWO

255 1024 399 1053 rum—5
426 1019 493 1052 Hic
505 1021 628 1063 incipit
644 1021 722 1054 Ode
734 1022 869 1054 decima
885 1027 1008 1064 quarta
1021 1024 1130 1066 quinti
1147 1019 1241 1058 Libri
1258 1026 1295 1058 in
1310 1026 1375 1059 Ed.
1390 1027 1581 1061 Sanam—6
1596 1029 1708 1061 Deest

257 1064 397 1095 verbum
413 1067 459 1095 est
476 1064 509 1095 in
525 1074 592 1096 uno
604 1065 739 1096 Bersm.
755 1069 791 1096 et
806 1065 907 1097 Dess.
924 1069 955 1098 1.
977 1069 1027 1098 est
1040 1067 1119 1098 Jovi
1134 1077 1218 1100 nnus
1234 1068 1337 1101 Fabr.
1352 1074 1389 1102 et
1403 1079 1489 1102 unus
1502 1071 1637 1103 Ber-sm.
1652 1071 1714 1102 im·

256 1106 428 1146 probante
442 1106 602 1139 sanie-⁷
625 1107 770 1149 Cuning.
786 1108 958 1149 triumpho,
971 1112 1003 1141 et
1020 1110 1155 1151 Cuncta,
1169 1113 1288 1152 &ce-9
1310 1112 1321 1129 ‘
1333 1112 1412 1144 Esto
1428 1113 1482 1155 (h.
1496 1123 1529 1146 e.
1545 1113 1716 1146 conceda-

918 1226 952 1259 N
956 1226 1060 1260 01·AE

299 1299 469 1332 Musarum
503 1299 661 1341 sacerdos]
707 1300 826 1332 Bonus
853 1301 963 1333 omnis

256 1348 370 1382 Poeta
385 1350 562 1382 Musarum
579 1355 615 1382 et
631 1350 801 1391 Apollinis
817 1352 963 1384 antistes

255 1404 292 1431 et
321 1400 483 1431 sacerdos
514 1399 624 1431 audit.
678 1400 804 1441 Virgil.
827 1401 962 1434 AEneid.

255 1457 308 1481 vr.
319 1452 397 1481 645.
409 1448 453 1480 de-
466 1449 630 1489 Orpheo:
647 1453 657 1467 ‘
672 1449 748 1481 Nec
761 1459 826 1481 non
842 1450 961 1482 Threi·

254 1500 328 1532 cius
340 1501 441 1541 longa
452 1510 530 1532 cum
545 1505 643 1532 veste
655 1500 841 1533 sacerdos!
854 1501 958 1534 Ovid.

254 1550 374 1583 Amor.
392 1559 450 1582 nr.
466 1554 498 1583 8.
512 1554 565 1583 23.
585 1551 597 1568 ‘
611 1550 675 1583 Ille
700 1560 766 1591 ego
779 1551 958 1584 Musarum

254 1610 361 1643 purus
387 1601 581 1643 Phoebique
607 1601 791 1634 sacerdos!
832 1601 958 1635 Tibull.

254 1661 295 1683 n.
311 1655 344 1685 5.
359 1654 390 1685 1.
410 1652 420 1670 6
435 1652 578 1692 Phoebe,
603 1651 696 1692 fave,
717 1661 825 1684 novus
847 1652 962 1694 ingre-

253 1701 350 1733 ditur
365 1706 425 1734 tua
441 1702 569 1743 templa
585 1702 756 1734 sacerdos.
799 1703 879 1735 Huc
895 1713 962 1745 age

254 1761 330 1784 cum
345 1752 477 1784 cithara
492 1752 766 1794 carminibusque
785 1752 890 1784 veui.’

295 1805 317 1835 4
346 1802 534 1843 Virginibus
545 1803 710 1845 puerisque
723 1803 833 1844 canto]
853 1804 960 1837 Velut

254 1852 359 1886 castis
379 1858 418 1885 et
438 1853 622 1894 docilibus,
645 1853 860 1896 proindeque
887 1854 960 1888 ido-

254 1902 327 1933 neis
352 1905 424 1934 tum
441 1902 484 1934 ad
499 1912 596 1935 sacra
613 1907 685 1940 tum
709 1903 752 1935 ad
781 1907 960 1945 praecepta

253 1961 385 1983 morum
410 1953 634 1993 capessenda.
679 1953 738 1985 Sic
760 1958 799 1985 et
815 1954 850 1985 in
875 1955 959 1986 Car-

253 2001 344 2032 mine
370 2001 535 2033 Saeculari
558 2002 606 2034 ait
629 2013 650 2034 a
671 2002 810 2044 Sibyllis
828 2005 958 2036 moneri

254 2055 264 2069 ⁸
288 2051 438 2091 virgines
473 2052 583 2083 lectas
616 2063 808 2095 puerosque
846 2053 959 2087 castos

254 2101 322 2132 Dis
335 2124 344 2133 .
355 2124 364 2134 .
374 2123 382 2133 .
394 2101 523 2134 Dicere
535 2103 694 2136 carmen!
725 2105 771 2137 Et
785 2115 810 2137 1.
825 2105 894 2138 od.
906 2109 960 2139 21.

253 2152 264 2170 ‘
280 2151 429 2183 Dianam
442 2155 571 2183 tenerae
600 2152 706 2185 dicite
723 2154 886 2196 virgines,
902 2156 960 2188 In-

256 2205 392 2234 tonsum
408 2201 506 2242 pueri
521 2201 627 2234 dicite
641 2203 850 2243 Cynthium!

297 2244 322 2283 5'
342 2251 466 2291 Regum
493 2251 712 2290 timndmm,
740 2253 810 2294 ssa]
846 2254 956 2286 Docet

254 2301 409 2343 inprimis
431 2302 466 2333 in
488 2311 557 2343 quo
578 2311 646 2333 non
665 2302 711 2334 sit
724 2301 872 2334 felicitas
890 2308 957 2335 sta-

255 2352 386 2385 tuenda
398 2362 408 2383 z
433 2356 470 2383 et
481 2361 582 2393 quam
594 2353 754 2386 aberrent
765 2353 823 2394 qui
840 2363 959 2396 supref

255 2412 312 2434 ma
341 2406 515 2443 potestate
551 2402 757 2441 gaudentem
796 2408 961 2436 censeant

255 2452 409 2493 beatum,
424 2451 514 2493 quod
533 2451 578 2483 ab
595 2451 671 2484 aliis
689 2452 863 2493 timeatur,
885 2454 960 2485 nnl-

255 2503 325 2534 lum
343 2512 425 2534 vero
446 2502 578 2534 timeat.
622 2502 807 2534 Enimvero
832 2509 959 2535 morta-

255 2553 337 2584 lium
359 2562 459 2584 nemo
483 2553 700 2594 quantumvis
723 2557 846 2594 potens
872 2553 959 2596 ejus-

256 2603 349 2636 modi
361 2607 432 2642 θεῖς
461 2613 539 2635 cum
560 2612 664 2643 supra
678 2613 715 2634 se
731 2604 823 2635 Deos
834 2603 960 2635 babeat

258 2653 348 2694 aequi
373 2657 410 2685 et
439 2653 547 2695 iniqui
573 2652 738 2693 vindices,
766 2658 802 2685 et
827 2653 959 2695 Regum

257 2702 415 2743 perinde,
433 2708 471 2735 ut
485 2704 519 2734 hi
537 2704 753 2744 populorum,
766 2704 958 2736 cervicibus

257 2751 474 2784 incubantes.
518 2752 635 2785 Plaut.
655 2753 772 2785 Casin.
795 2762 836 2785 ιι.
859 2757 890 2785 5.
905 2756 959 2786 26.

257 2802 268 2819 6
285 2797 392 2835 Quasi
422 2807 459 2834 tu
485 2803 617 2835 nescias
641 2807 783 2844 repente
807 2807 845 2836 ut
869 2813 961 2836 emo-

1017 1302 1150 1335 riantur
1170 1304 1306 1337 humani
1322 1304 1452 1342 JovesI
1468 1304 1504 1337 id
1519 1309 1588 1347 est,
1602 1304 1717 1350 Reges

1015 1356 1052 1384 et
1069 1353 1265 1395 Principes.

1058 1403 1098 1434 In
1111 1404 1254 1444 proprios
1265 1405 1396 1446 greges]
1410 1405 1499 1437 Sunt
1509 1405 1625 1447 Reges
1635 1414 1719 1448 qus-

1014 1450 1044 1481 si
1060 1457 1214 1491 pastores
1224 1452 1441 1494 populorum.
1450 1454 1578 1486 Psalnn.
1590 1463 1719 1488 mxxvi.

1012 1502 1067 1532 20.
1090 1502 1100 1519 ‘
1117 1502 1304 1534 Deduxisti
1331 1502 1421 1534 sicut
1446 1512 1527 1535 oves
1549 1505 1714 1545 populum

1012 1555 1107 1582 tuum
1121 1551 1156 1582 in
1171 1561 1273 1584 manu
1289 1553 1420 1593 Moysis
1434 1558 1472 1585 et
1486 1553 1623 1587 Aaron:
1667 1556 1717 1588 Et

1012 1599 1142 1633 Psalm.
1169 1610 1314 1634 nxxvu.
1341 1605 1397 1634 53.
1418 1603 1430 1622 ‘
1445 1602 1599 1636 Abstulit
1622 1604 1715 1637 sicut

1015 1658 1096 1681 oves
1113 1651 1276 1691 populum
1291 1656 1401 1693 sunm,
1423 1656 1461 1684 et
1475 1653 1639 1695 perduxit
1654 1663 1714 1687 eos

1015 1703 1176 1740 tanquam
1193 1700 1359 1742 gregem?

1057 1752 1079 1781 6
1103 1750 1206 1791 Reges
1219 1751 1254 1782 in
1267 1752 1350 1792 ipsos
1362 1751 1528 1793 imperium
1547 1757 1595 1786 est
1607 1754 1718 1796 Ionis]

1014 1799 1155 1832 Sueton.
1169 1800 1240 1833 Jul.
1258 1801 1344 1835 Caes.
1361 1811 1438 1844 cap.
1453 1806 1486 1836 6.
1507 1807 1516 1822 ⁴
1529 1804 1592 1836 Est
1606 1804 1642 1836 in
1658 1814 1716 1846 ge-

1014 1859 1098 1882 nere
1113 1856 1150 1883 et
1164 1852 1331 1884 sanctitas
1354 1852 1503 1895 Regum,
1525 1855 1582 1896 qui
1609 1855 1717 1897 pluri-

1013 1910 1104 1933 mum
1120 1902 1212 1934 iuter
1225 1902 1378 1935 homines
1394 1904 1539 1945 pollent,
1557 1910 1593 1937 et
1618 1906 1719 1938 caeri-

1013 1952 1128 1984 monia
1157 1952 1322 1993 Deorum,
1348 1963 1489 1995 quorum
1515 1954 1582 1996 ipsi
1605 1956 1639 1986 in
1655 1965 1719 1997 po-

1013 2005 1139 2034 testate
1155 2007 1234 2034 sunt
1247 2003 1384 2043 Reges!

1056 2055 1076 2084 7
1102 2052 1192 2084 Clari
1219 2053 1379 2092 Giganteo
1403 2053 1574 2095 triumpho]
1597 2054 1716 2096 Appa-

1013 2103 1084 2134 ruit
1114 2104 1197 2135 satis
1229 2109 1393 2145 quantum
1431 2105 1491 2136 Dii
1522 2105 1716 2137 homiuibus

1013 2154 1237 2195 praevaleant,
1265 2163 1343 2186 cum
1372 2154 1541 2195 Gigantes
1575 2155 1714 2198 immani

1014 2203 1137 2236 robore
1159 2205 1395 2246 superbientes
1412 2206 1549 2246 Jupiter
1565 2205 1715 2238 debella·

1011 2254 1074 2285 vit.
1118 2255 1207 2286 Vide
1223 2265 1266 2287 11.
1289 2255 1358 2287 Od.
1382 2258 1436 2289 12.
1453 2259 1505 2288 19.
1526 2260 1564 2288 et
1577 2255 1647 2288 od.
1661 2265 1715 2289 ιν.

1011 2302 1112 2343 hujus
1127 2303 1219 2334 libri.

1055 2354 1075 2382 8
1101 2352 1221 2383 Cuncta
1229 2353 1389 2392 supercilio
1401 2353 1569 2393 mouentis]
1581 2353 1713 2386 Orbem

1014 2401 1208 2433 universum
1215 2407 1300 2433 nutu
1314 2403 1414 2434 unico
1426 2403 1624 2444 quatientis.
1636 2404 1714 2436 Vir-

1013 2451 1072 2492 gil.
1087 2451 1220 2485 AEneid.
1245 2461 1300 2484 1x.
1314 2455 1387 2485 106.
1408 2453 1418 2470 ‘
1435 2452 1580 2494 Annuit,
1602 2459 1639 2487 et
1662 2462 1715 2487 to-

1012 2505 1085 2532 tum
1105 2506 1190 2533 nutu
1212 2501 1405 2534 tremefecit
1425 2501 1634 2543 Olympum-⁹
1667 2505 1713 2536 E·

1013 2552 1130 2592 gregia
1148 2551 1485 2593 divium-Majestatis
1500 2552 1689 2586 declaratio
1702 2564 1717 2594 ;

1012 2610 1059 2632 ext
1081 2601 1223 2633 Homeri
1246 2602 1347 2634 Iliad.
1369 2606 1406 2634 A.
1427 2601 1473 2633 ἐπ’
1497 2601 1610 2644 ὀφρύσι
1623 2604 1716 2636 νεῦσε

1012 2650 1159 2692 Κρονίων,
1182 2652 1359 2693 superciliis
1379 2652 1491 2684 annuit
1512 2652 1711 2695 Satur-uides,

1011 2701 1045 2733 id
1060 2706 1127 2741 est,
1140 2701 1300 2743 Jupiter:
1325 2701 1404 2734 hinc
1419 2706 1457 2734 et
1470 2704 1642 2735 concussis
1655 2713 1712 2736 co-

1013 2753 1076 2784 mis
1100 2753 1223 2786 coelnm
1247 2752 1461 2784 concussisse
1473 2752 1600 2785 ibidem
1624 2752 1717 2789 dicis,

1013 2807 1080 2836 tur.
1111 2801 1243 2837 Quibus
1267 2811 1287 2834 e
1309 2802 1462 2835 versibus
1483 2802 1624 2836 Phidias
1641 2803 1709 2835 aie-
