1916 3190
223 240 310 283 336

709 256 753 294 Q.
786 253 995 284 HORATII
1032 253 1206 286 FLAcct

454 346 598 399 Cura;
630 360 711 389 nec
732 351 896 389 turmas
918 347 1115 400 equitum
1134 346 1354 402 relinquit,

456 413 605 469 Ocyor
624 415 842 474 cervisket
862 421 1021 468 agente
1043 415 1216 456 nimbos

799 481 949 535 Ocyor
969 481 1106 523 Euro.

458 548 613 590 Laetus
633 549 677 590 in
697 561 892 603 praesens
914 549 1107 599 animus,
1129 548 1249 603 quod
1269 547 1382 590 ultra
1402 550 1484 599 est,

1634 546 1691 588 25

462 615 622 659 Oderit
642 630 814 667 curare,
836 621 879 658 et
899 630 1051 658 amara
1071 617 1188 658 lento

457 683 697 739 Temperet
717 686 825 726 risu.

887 684 1014 725 Nihil
1035 688 1103 725 est
1123 685 1181 726 ab
1204 685 1322 726 omni

805 753 940 794 Parte
960 753 1155 794 beatum.

461 818 663 861 Abstulit
682 820 848 861 clarum
869 819 959 861 cita
979 832 1100 860 mors
1119 817 1343 860 Achillem
1360 832 1373 871 ;

459 885 614 940 Longa
633 885 876 927 Tithonum
896 886 1057 927 minuit
1075 889 1282 928 senectus
1301 898 1313 938 ;

1636 884 1694 927 30

229 1001 286 1023 nee
309 990 424 1022 deserit
446 989 582 1030 equitum
604 989 755 1028 cohortes,
779 989 911 1020 velocior
933 988 1043 1028 cervis,
1063 992 1094 1020 et
1118 989 1202 1020 Euro
1219 988 1315 1020 nubes
1335 987 1522 1025 discutiente
1542 988 1696 1030 rapidior.

231 1034 326 1065 Mens
347 1032 555 1073 praesentibus
569 1035 714 1062 contenta
729 1035 837 1062 caveat
859 1031 1018 1071 inquirere
1039 1031 1201 1071 quicquam
1215 1031 1347 1063 ulterius
1357 1041 1368 1061 .·
1391 1031 1522 1062 molesta
1535 1040 1607 1062 tero
1621 1041 1696 1071 qua·

231 1077 304 1107 dam
318 1076 397 1106 laetit
403 1074 433 1105 ia
446 1075 633 1105 moderetur.

680 1074 754 1104 Non
771 1077 820 1104 est
834 1073 952 1113 aliquid
966 1074 1049 1104 omni
1063 1074 1184 1104 ratione
1201 1073 1386 1114 perfectum.
1430 1072 1586 1104 Achillem
1597 1073 1699 1112 glori-

232 1128 320 1150 osum
344 1116 471 1149 sustulit
496 1126 578 1148 mors
604 1116 767 1157 repentina
779 1126 792 1153 ,·
827 1116 994 1147 Tithonum
1017 1115 1194 1147 debilitavit
1217 1119 1340 1148 senecta
1360 1115 1542 1158 'prolixiom
1565 1115 1700 1157 mihique

850 1199 869 1211 Ο
873 1198 948 1211 “OO
952 1199 1065 1212 “OC“
1069 1199 1089 1211 θ’

233 1266 289 1297 ap.
306 1255 455 1297 Cnning.
486 1265 602 1297 puppes
618 1265 680 1297 pro
694 1265 788 1287 noves
798 1266 811 1293 ;
836 1254 925 1287 unde
942 1255 1090 1295 Cuning.
1106 1254 1242 1287 emend.
1257 1257 1466 1296 proma—22
1489 1254 1583 1296 Lips.
1596 1257 1630 1287 3.
1645 1263 1697 1286 re-

232 1300 449 1340 linquen—23
477 1299 574 1330 Ocior
588 1299 703 1330 nimbis
726 1299 844 1329 mallet
865 1298 992 1330 Sanad.
1015 1302 1024 1316 ⁴
1045 1299 1146 1330 Esset
1163 1297 1198 1328 id
1216 1297 1424 1329 Ovidianum
1448 1307 1603 1334 acumen,
1629 1307 1698 1329 non

235 1340 491 1373 Horatianum.’
513 1342 689 1372 Jani.-—25
715 1341 835 1372 Lentus
860 1340 893 1371 in
915 1350 1052 1380 praesens
1069 1350 1154 1372 unus
1170 1340 1386 1372 Bersmanni.
1409 1340 1700 1372 animi.·..0den·s

234 1404 244 1413 .
259 1406 268 1415 .
283 1404 292 1414 .
306 1383 467 1424 Temperes
482 1383 574 1422 conj.
591 1383 794 1414 Reum—26
818 1384 827 1400 ‘
845 1383 974 1414 Omnes
990 1383 1095 1422 lento,
1112 1387 1243 1422 praeter
1260 1392 1363 1414 unum
1380 1383 1581 1422 alterumve,
1597 1381 1700 1414 codd.

235 1430 273 1457 et
297 1430 383 1457 vett.
399 1425 502 1457 editt.
538 1425 611 1455 laeto
639 1425 776 1465 quidam
808 1425 927 1455 Lamb.
955 1423 1075 1465 (facile
1101 1426 1192 1455 enim
1228 1429 1467 1464 permutantur
1489 1425 1499 1442 ‘
1514 1423 1637 1455 laetus'
1661 1427 1699 1455 et

235 1467 373 1499 ‘lentus
387 1466 396 1481 '
421 1477 440 1498 a
457 1467 623 1506 librariis;
648 1467 713 1498 vid.
731 1467 851 1498 Heinn.
870 1467 911 1497 ad
937 1466 1041 1498 Ovid.
1063 1466 1205 1497 Heroid.
1223 1467 1336 1507 Epist.
1352 1475 1433 1497 xix.
1452 1468 1504 1497 81.

1509 1465 1523 1506 )
1561 1465 1698 1497 Primus

235 1510 396 1542 Muretus
413 1508 536 1541 edidit.
581 1509 752 1550 Tempore
773 1509 929 1540 Lambini
946 1514 1019 1540 erat
1037 1509 1172 1549 vulgata
1186 1509 1302 1540 lectio.
1348 1508 1526 1549 Deinceps
1550 1508 1599 1539 ita
1613 1507 1698 1539 Fab.

237 1553 360 1593 steph.
380 1552 486 1592 Rutg.
504 1553 631 1583 nacer.
647 1551 768 1584 Jones.
791 1554 829 1583 et
856 1552 958 1582 Baxt.
1003 1552 1070 1583 Sed
1089 1551 1164 1593 quis
1179 1550 1272 1583 ferre
1290 1552 1395 1592 possit
1411 1551 1504 1582 laetus
1519 1551 1552 1582 in
1566 1560 1616 1591 pr.
1631 1550 1702 1582 ani·

235 1597 306 1626 inus
317 1618 325 1626 .
339 1616 348 1626 .
363 1616 372 1625 .
387 1595 461 1625 laeeo
476 1595 566 1625 risu?
609 1594 695 1625 Tum
714 1598 809 1625 recte
826 1593 932 1625 Gesn.
956 1593 966 1610 ‘
982 1594 1062 1625 laeto
1089 1594 1158 1625 risu
1174 1603 1291 1625 amara
1316 1598 1510 1634 temperare
1533 1602 1633 1624 nemo
1648 1601 1699 1624 sa-

238 1646 303 1668 nus
321 1636 459 1677 potest!
492 1636 555 1668 leni
571 1636 664 1676 conj.
681 1636 797 1667 Bentl.
815 1640 851 1667 et
868 1645 985 1676 recep.
999 1635 1126 1667 Sanad.
1171 1636 1277 1667 Ferre
1293 1637 1524 1677 nonpossunt
1541 1635 1602 1666 viri
1619 1635 1703 1667 doc-

242 1679 365 1710 tissimi
386 1679 538 1710 ‘lentum
556 1677 687 1717 risum,’
713 1687 779 1719 quo
797 1682 910 1719 tamen
927 1678 975 1709 nil
991 1678 1105 1718 aptius
1121 1681 1156 1709 et
1174 1677 1360 1717 pulchrius.

1405 1676 1528 1717 Aiunt,
1543 1686 1703 1709 necessa·

239 1723 326 1753 rium
342 1730 416 1753 esse
432 1721 495 1752 leni
508 1721 550 1752 ob
568 1726 707 1761 tropum
733 1721 767 1752 in
792 1730 900 1752 amara
915 1723 951 1751 et
966 1723 1125 1761 temperet.
1169 1719 1238 1751 Sed
1255 1720 1318 1750 hoc
1335 1719 1494 1751 subtilius
1508 1723 1576 1751 est.
1622 1720 1702 1752 Non

242 1774 342 1805 opus.
367 1764 497 1796 servari
521 1762 744 1804 Anegoriam,
761 1763 817 1795 ubi
842 1761 1049 1803 significatio
1077 1762 1312 1803 metaphorica
1329 1770 1450 1793 vocum
1476 1761 1528 1793 ita
1552 1761 1703 1803 vulgaria

240 1817 281 1838 ac
307 1806 392 1838 trita
417 1811 481 1838 est.
506 1806 572 1838 vid.
599 1806 641 1837 ad
670 1815 697 1837 1.
720 1805 787 1837 Od.
811 1808 865 1837 35.
891 1805 958 1837 28!
981 1805 1071 1838 Jam'.
1116 1806 1313 1837 amarulenta
1337 1804 1428 1844 conj.
1443 1804 1508 1835 viri
1526 1803 1705 1845 cujusdam

240 1850 336 1881 docti
352 1859 408 1890 ap.
424 1850 630 1882 Jones.—27
657 1848 819 1890 Temperat
835 1848 960 1880 Venet.
977 1851 1072 1880 1492.
1098 1853 1133 1878 et
1161 1848 1306 1879 Locher.
1351 1847 1441 1878 Vide
1458 1855 1564 1888 supra
1586 1846 1631 1878 ad
1657 1855 1705 1877 vs.

240 1894 383 1924 25.—29
406 1891 553 1924 Achillen
569 1891 717 1932 Cuning.
735 1896 772 1924 et
787 1891 998 1923 Sanam—31
1023 1892 1068 1922 Et
1084 1890 1162 1922 mihi
1170 1890 1244 1929 sors
1258 1893 1289 1922 et
1302 1890 1363 1923 tibi
1380 1890 1527 1932 Franeq.
1543 1888 1635 1922 unde
1651 1889 1704 1921 vir

908 1971 1051 2004 NOTAE

243 2034 369 2067 Horat.
385 2043 442 2066 ur.
463 2034 533 2067 od.
550 2037 581 2066 1.
605 2035 615 2053 ‘
628 2034 697 2066 Sed
708 2035 823 2066 'rimor
838 2039 873 2066 et
885 2035 953 2066 Mi-

244 2095 299 2117 11ae
326 2085 506 2117 Scandunt
535 2086 655 2117 eodem
681 2095 749 2126 quo
775 2085 950 2118 dominus:

244 2144 355 2177 neque
372 2135 520 2166 Decedit
538 2140 645 2166 aerata
662 2136 807 2174 triremi,
820 2140 855 2167 et
867 2136 952 2167 Post

245 2185 398 2227 equitem
415 2184 515 2216 sedet
539 2190 614 2216 atra
630 2185 745 2216 Cura!

289 2240 336 2269 23
362 2237 468 2278 Ocyor
482 2237 596 2278 cervis]
631 2237 820 2268 Cervorum
837 2238 952 2278 perni-

247 2286 336 2318 citas
350 2286 459 2318 cuivis
475 2291 569 2318 nota.

286 2339 332 2369 24
349 2336 453 2377 Euro]
479 2335 535 2368 Ab
564 2340 641 2368 ortu
663 2335 724 2368 flat
739 2336 804 2368 iste
820 2341 954 2368 ventus.

251 2387 356 2420 Ovid.
373 2387 461 2419 Met.
479 2396 505 2419 1.
521 2390 575 2419 61.
596 2388 605 2404 ‘
621 2388 728 2418 Eurus
737 2383 780 2419 ad
797 2397 955 2419 auroram

250 2436 516 2477 Nabathaeaque
534 2445 641 2477 regna
663 2437 822 2477 recessit,
838 2438 956 2469 Persi-

251 2487 378 2528 daque3
391 2489 428 2519 et
442 2485 544 2532 radiis
563 2487 650 2528 juga
665 2487 807 2520 subdita
822 2488 957 2520 matuti-

252 2536 331 2570 nis!

294 2590 335 2619 25
356 2587 463 2619 Laetus
475 2587 509 2619 in
520 2597 658 2628 proenem
672 2588 806 2629 animus,
822 2588 892 2629 ξω]
916 2588 957 2620 In

253 2636 343 2668 diem
372 2639 446 2669 vive
461 2649 470 2669 z
505 2638 515 2655 ‘
533 2638 631 2669 Dona
661 2639 840 2678 praesentis
871 2649 958 2680 cape

253 2687 355 2718 laetus
381 2687 500 2719 horaess
523 2696 580 2720 ιιι.
595 2688 663 2720 Od.
691 2691 722 2720 8.
745 2693 844 2721 utere
870 2699 957 2730 prae-

253 2737 346 2768 senti
374 2735 531 2769 fortuna:
569 2738 661 2779 qnod
687 2738 779 2770 ultra
808 2748 958 2779 praesens

1006 2035 1196 2077 distorque.

1048 2088 1090 2116 26
1113 2085 1236 2117 Amara
1259 2086 1342 2117 tento
1371 2085 1532 2127 Temperet
1554 2084 1638 2126 riu]
1671 2085 1709 2118 Si

1006 2135 1088 2177 quid
1105 2135 1232 2176 ingruit
1248 2135 1383 2166 adversi
1399 2140 1436 2166 et
1452 2135 1570 2174 amari,
1586 2135 1620 2165 id
1638 2135 1711 2166 ani-

1006 2196 1061 2217 mo
1077 2186 1159 2217 laeto
1176 2183 1301 2226 perfer.
1347 2185 1435 2217 Nam
1451 2185 1582 2216 ‘levius
1595 2183 1635 2214 fit
1652 2192 1710 2224 pa·
1750 2211 1757 2217 ,

1007 2236 1127 2267 tientia
1145 2235 1316 2277 Quicquid
1333 2236 1505 2276 corrigere
1519 2240 1574 2267 est
1590 2234 1710 2267 nefas.'

1011 2294 1036 2316 ι.
1051 2285 1120 2316 od.
1132 2287 1186 2317 24.

1049 2334 1150 2366 Lento
1165 2334 1250 2375 risu]
1274 2334 1456 2366 Moderata
1470 2335 1605 2367 laetitia.
1639 2334 1712 2367 Alii

1006 2385 1125 2425 legunt
1143 2385 1226 2416 laeto.

1051 2437 1092 2466 2⁷
1109 2435 1202 2466 Nihil
1222 2438 1269 2467 est
1291 2435 1329 2467 ab
1351 2435 1434 2467 omni
1449 2436 1552 2468 Parte
1574 2435 1712 2476 beatum]

1009 2484 1081 2516 Cic.
1108 2494 1132 2516 1.
1159 2474 1202 2516 de
1234 2485 1370 2518 invent.
1404 2485 1523 2518 ‘Nihil
1548 2486 1641 2517 omni
1668 2494 1713 2517 ex

1009 2539 1106 2576 parte
1123 2533 1312 2576 perfectum
1329 2539 1432 2576 atque
1447 2535 1610 2568 beatum!
1653 2535 1714 2567 Οὔ·

1009 2584 1071 2617 δεὶς
1083 2584 1173 2616 πάντ’
1189 2584 1259 2617 ἐστὶ
1273 2585 1456 2627 πανόλβιος,
1467 2587 1568 2618 Nemo
1579 2596 1638 2628 per
1651 2597 1717 2635 om·

1010 2638 1064 2669 nia
1078 2637 1201 2669 omnino
1206 2638 1294 2676 felix
1307 2641 1337 2670 et
1355 2639 1470 2670 beatu&

1053 2690 1096 2720 29
1116 2687 1259 2720 Abstulit
1277 2689 1395 2720 clarum
1416 2689 1481 2721 cita
1500 2698 1584 2721 mors
1605 2689 1713 2723 Achil-

1010 2737 1084 2779 lem]
1117 2738 1218 2772 Quod
1247 2748 1325 2770 mox
1362 2739 1518 2780 protulit,
1546 2739 1713 2780 exemplis

251 2791 391 2829 tempus
419 2791 485 2827 est,
514 2796 557 2819 ne
583 2797 676 2829 cura,
701 2797 744 2820 ne
770 2787 889 2822 futuro
917 2793 954 2822 te
1007 2788 1210 2831 comprobat
1224 2788 1348 2823 Poeta.
1393 2789 1477 2822 Fuit
1497 2788 1640 2822 illustris
1661 2787 1709 2821 Α·
