1916 3190
208 214 293 256 106

686 223 730 261 Q·
762 221 973 252 HORA'rn
1010 221 1183 252 FLACGI

435 318 666 371 Lenesque
687 317 770 358 sub
789 321 964 356 noctem
984 315 1156 355 susurri

494 385 748 439 Composita
775 387 1027 436 repetantur
1051 382 1183 423 hora:

1607 380 1665 421 20

382 452 516 494 Nunc
538 456 581 493 et
600 451 780 492 latentis
799 449 999 503 proditor
1017 449 1173 490 intimo

381 519 550 561 Gratus
569 518 730 573 puellae
751 518 866 559 risus
887 517 943 558 ab
966 515 1148 569 angulo,

436 586 693 640 Pignusque
715 584 943 639 dereptum
963 582 1140 624 lacertis

495 652 590 694 Aut
609 652 751 706 digito
768 652 881 693 male
900 650 1124 705 pertinaci.

210 788 341 818 secretus
354 786 396 816 ad
408 787 527 816 amem
540 782 684 815 condicta
697 782 774 814 hora
787 782 1062 822 confabulationes.
1105 781 1182 812 Jam
1195 789 1313 822 qnoque
1334 782 1496 812 revocetur
1511 778 1668 817 ,iucundus

209 828 444 860 adolescentula
458 826 624 858 cachinnus
634 826 673 858 ab
687 826 804 866 angulo
817 829 936 858 secreto
950 823 1161 857 abscondam
1180 823 1342 855 indicam.
1362 826 1455 864 atque
1475 821 1591 862 pignus
1615 822 1668 851 de-

211 873 348 903 tracum
363 870 510 912 brachiis,
532 870 582 901 vel
593 869 696 909 digito
707 878 820 910 parum
833 869 948 900 tenaci.

813 961 1055 975 ΜΜΜ

213 1034 255 1063 19
278 1029 350 1063 Ait.
377 1034 410 1063 2.
453 1030 574 1072 Levesq
576 1040 612 1062 ue
638 1029 691 1061 sub
719 1033 851 1062 noctem.
854 1031 938 1060 —21
965 1027 1059 1059 Nunc
1085 1031 1118 1059 et
1142 1026 1256 1058 latenti
1284 1025 1358 1058 Alt.
1382 1028 1415 1058 1.

1494 1000 1671 1056 ..lauh—-

211 1077 253 1106 23
278 1074 377 1106 Harl.
394 1076 424 1105 1.
440 1075 473 1104 2.
489 1075 521 1105 3.
534 1075 568 1105 4.
583 1076 617 1104 6.
641 1082 720 1104 cum
743 1072 816 1104 aliis
841 1070 957 1102 multis
983 1069 1084 1101 codd.
1105 1069 1170 1100 Ed.
1192 1078 1244 1110 pr.
1264 1069 1407 1100 Venett.
1433 1065 1577 1099 Medio!
1589 1066 1672 1097 Vet-

213 1116 333 1148 Comb.
347 1118 412 1147 διο.
433 1115 609 1157 direptum;
633 1115 751 1146 Lamb.
777 1114 849 1145 Γοι
853 1117 940 1144 rent
967 1109 1671 1154 eruq.1-1eins.13ent1.euning.But.

213 1158 337 1190 Sanad.
354 1158 410 1189 alii
427 1167 471 1189 ex
487 1158 627 1198 optimis
640 1157 743 1189 codd.
757 1158 930 1197 dereptum.
974 1155 1120 1196 Franeq.
1137 1163 1194 1195 ap.
1209 1153 1311 1187 Jaui.
1333 1153 1491 1194 direptum
1512 1161 1533 1183 a
1554 1152 1674 1184 laeena

214 1204 271 1233 aut
285 1202 315 1234 A
330 1201 445 1240 digito.

488 1200 579 1233 Vide
596 1200 675 1232 Nic.
691 1200 814 1232 Heius.
828 1198 872 1231 ad
885 1197 992 1231 Ovid.
1003 1198 1091 1230 Met.
1108 1206 1165 1229 ιιι.
1178 1199 1232 1228 62.

875 1302 1020 1336 NOTAE

256 1382 366 1422 Areae]
390 1382 482 1413 Loca
497 1390 607 1412 vacua
630 1380 799 1418 aedificiis,
818 1380 919 1412 adeo-

215 1442 281 1475 que
297 1432 340 1464 ad
357 1430 724 1472 exercendosjuvenes
736 1431 918 1464 destinata.

219 1482 357 1523 Campus
383 1484 438 1513 est
468 1480 582 1522 ampla
607 1484 710 1512 terrae
739 1481 920 1522 planitien

214 1542 290 1564 area
320 1540 402 1563 vero
425 1533 480 1562 est
506 1531 610 1572 paulo
635 1530 741 1571 magis
764 1534 920 1572 angusta.

220 1583 322 1616 Valla.
335 1581 472 1613 Vitruv-
487 1589 514 1612 ι.
529 1583 562 1611 7.

259 1634 303 1663 19
338 1630 496 1671 Lenesque
531 1629 588 1660 sub
627 1632 748 1661 noctem
780 1627 920 1669 susurri]

216 1680 398 1723 Colloquia
407 1680 496 1712 clam
508 1684 545 1711 et
557 1679 735 1712 summissa
746 1689 833 1712 voce
843 1689 920 1712 cum

217 1735 338 1773 amica,
362 1742 441 1774 quae
471 1730 654 1763 blanditias
683 1735 721 1764 et
747 1740 922 1763 murmura

216 1787 394 1825 nuncupat
409 1781 565 1815 Ovidius.

259 1837 301 1866 21
340 1834 437 1865 Nunc
464 1836 497 1865 et
525 1832 666 1872 latentis,
694 1831 767 1874 ξω]
807 1831 922 1863 Ludos

218 1885 400 1920 amatorios
418 1883 585 1915 Horatius
600 1883 776 1924 exprimit,
799 1883 834 1914 in
850 1882 924 1924 qui-

219 1934 282 1965 bus
309 1933 443 1964 lascivae
470 1933 593 1972 puellae
622 1933 772 1963 latebras
787 1936 924 1973 petunt,

219 1989 256 2015 et
285 1992 322 2013 se
349 1982 494 2021 cupiunt
524 1986 637 2011 tamen
669 1982 828 2020 intelligi,
856 1983 921 2012 &c.

219 2033 345 2073 virgil.
374 2031 492 2070 Eclog.
523 2039 579 2061 ιιι.
614 2033 667 2061 64.
714 2030 836 2060 ‘Malo
865 2038 922 2060 me

221 2082 370 2115 Galatea
391 2081 480 2121 petit
504 2078 631 2110 lasciva
652 2079 784 2118 puella3
809 2078 855 2109 Et
871 2076 922 2108 fu-

220 2132 271 2173 git
298 2130 342 2162 ad
368 2129 502 2168 salices,
525 2133 560 2158 et
586 2136 622 2157 se
650 2126 749 2167 cupit
771 2131 852 2157 ante
874 2125 922 2156 vi-

221 2179 321 2213 deri!
356 2178 584 2211 Maximianus
614 2177 710 2217 Eleg.
737 2186 762 2207 1.
795 2186 843 2208 vs.
871 2178 925 2208 66.

220 2234 230 2249 ‘
248 2228 397 2263 Erubuit
426 2229 539 2260 vultus
572 2226 645 2267 ipsa
679 2225 792 2267 puella
821 2234 926 2256 meos.

223 2283 269 2314 Et
285 2289 375 2312 nunc
397 2277 578 2311 subridens
605 2275 753 2307 latebras
779 2273 927 2315 fugitiva

225 2330 387 2373 petebatz
410 2329 490 2361 Non
517 2331 631 2360 tamen
648 2324 828 2368 effugiens,
851 2328 926 2356 tota

223 2383 337 2414 latere
360 2379 498 2411 volens:
521 2375 589 2408 Sed
613 2375 720 2416 magis
744 2384 789 2406 ex
812 2374 927 2416 aliqua

226 2429 390 2472 cupiebat
418 2431 517 2470 parte
543 2425 675 2465 videri;
710 2424 840 2457 Laetior
860 2425 927 2457 hoc

227 2481 346 2520 multo,
360 2476 452 2522 quod
467 2477 556 2510 male
571 2479 666 2509 tecta
679 2473 794 2507 foret!

1016 1381 1058 1409 23
1077 1377 1259 1418 Pignusque
1269 1375 1523 1417 dereptnmmm]
1538 1374 1676 1416 Pignus,

971 1428 1115 1468 armilla,
1130 1427 1340 1466 chirotheca,
1352 1426 1507 1462 annulus.
1522 1425 1587 1456 &c.
1609 1425 1676 1456 De-

970 1481 1103 1519 rcptum,
1119 1478 1175 1509 vel
1191 1476 1234 1509 ab
1258 1481 1423 1514 amatore,
1443 1475 1496 1506 vel
1511 1485 1532 1506 a
1548 1475 1674 1516 puella.

972 1529 1098 1561 Potest
1112 1527 1202 1559 enim
1230 1526 1376 1567 intelligi
1403 1526 1477 1557 brec
1493 1524 1676 1557 abstulisse

973 1578 1149 1621 quidpiam
1169 1577 1211 1609 ab
1233 1577 1304 1617 illo,
1328 1580 1367 1607 ut
1383 1574 1550 1607 redeundi
1565 1574 1677 1606 locum

974 1629 1035 1660 det
1058 1627 1276 1669 repetituro;
1301 1625 1356 1656 vel
1385 1624 1429 1656 ab
1456 1624 1518 1656 bac
1543 1623 1615 1663 ille,
1638 1628 1679 1655 ut

974 1677 1160 1717 referendi,
1174 1683 1280 1718 atque
1301 1675 1427 1708 iterum
1452 1671 1680 1706 conveniendi

976 1739 1092 1761 ansam
1105 1727 1261 1769 arripiat.

1018 1776 1208 1820 Dereptym]
1229 1776 1322 1809 Male
1338 1774 1487 1818 quidam,
1510 1774 1677 1815 direptum.

975 1830 1067 1863 Nam
1095 1834 1105 1848 ¹
1123 1826 1296 1870 diripere’
1327 1831 1381 1859 est
1408 1826 1608 1866 discerpere
1641 1827 1681 1856 et

976 1881 1145 1912 lacerare:
1169 1878 1261 1921 quod
1275 1878 1331 1910 hic
1346 1886 1416 1908 non
1427 1875 1603 1908 convenit.
1631 1873 1681 1906 At

974 1931 985 1947 ‘
1001 1929 1177 1971 deripere'
1193 1932 1247 1960 est
1272 1936 1410 1959 movere
1432 1929 1469 1958 et
1489 1934 1614 1967 rapere
1635 1923 1681 1955 de

977 1980 1066 2010 loco.
1110 1978 1234 2018 virgil.
1250 1977 1377 2017 Georg.
1393 1985 1434 2007 ιι.
1449 1978 1526 2008 242.
1549 1975 1560 1994 ⁴
1578 1975 1682 2007 Cola-

975 2037 1042 2067 que
1059 2028 1231 2067 prelorum
1257 2026 1398 2057 fumosis
1421 2026 1543 2066 deripe
1558 2025 1685 2056 tectis-¹

977 2075 1112 2106 AEneid.
1138 2084 1163 2106 1.
1191 2077 1268 2106 215.
1299 2075 1474 2115 ‘Tergora
1501 2074 1681 2114 deripiunt

976 2124 1105 2158 costis?
1128 2124 1241 2156 Cicer.
1265 2124 1366 2156 Verr.
1387 2133 1436 2166 ιν.
1461 2123 1680 2155 ‘Victoriam

978 2175 1148 2216 deripere,
1177 2179 1214 2206 et
1239 2175 1352 2206 Deam
1382 2175 1470 2206 Deae
1499 2172 1681 2229 detrahere

977 2229 1120 2257 conatus
1136 2223 1198 2256 es’

1022 2277 1064 2306 24
1091 2275 1176 2306 Male
1189 2273 1360 2314 pertinaci]
1384 2272 1452 2306 Qui
1473 2271 1610 2305 simulet
1627 2281 1681 2304 re-

979 2324 1090 2355 tinere
1108 2324 1195 2354 velle
1208 2322 1299 2364 quod
1326 2322 1392 2353 sibi
1415 2322 1517 2354 adimi
1540 2322 1682 2363 gaudet,

979 2373 1136 2413 maxime,
1150 2377 1189 2404 ut
1214 2371 1393 2412 repetendi
1416 2371 1553 2404 occasio
1579 2372 1682 2404 detur

980 2432 1180 2466 rursumque
1197 2421 1421 2454 comessandi.
