1916 3190
226 205 309 247 170

704 217 748 255 Q.
780 215 990 246 HORATH
1026 215 1200 246 FhAcm

400 310 532 362 Quod
552 311 668 353 latus
687 310 837 352 mundi
855 309 1028 350 nebulae
1045 308 1278 362 malusque

740 376 920 430 Jupiter
939 380 1062 430 urget
1078 389 1090 428 3

1624 376 1681 417 20

399 446 526 487 Pone
547 445 631 486 sub
653 457 779 487 curru
801 444 983 485 nimium
1004 443 1243 497 propinqui

399 513 537 564 Solis,
557 512 602 554 in
623 517 738 554 terra
758 511 963 553 domibus
981 517 1166 565 negata3

398 579 545 622 Dulce
566 579 776 622 ridentem
798 577 995 631 Lalagen
1016 578 1192 628 amabo,

743 646 888 688 Dulce
907 646 1174 700 loquentem.

230 771 261 800 et
275 768 433 808 malignus
446 768 595 809 dapium
616 770 771 802 constitue
783 778 832 800 me
854 768 911 800 sub
930 776 1023 799 curru
1039 766 1125 799 Solis
1140 767 1234 800 nimis
1254 768 1363 810 vicini,
1384 769 1419 800 in
1441 767 1568 809 regione
1583 767 1683 808 aedifi-

228 811 289 842 ciis
309 814 455 849 car-enim
474 812 654 854 ubicumque
672 813 804 853 diligam
826 811 966 851 Lalagen
989 810 1130 843 suaviter
1149 811 1353 852 arridentem,
1376 812 1515 844 suaviter
1537 813 1570 842 et
1592 810 1684 841 verbu

223 852 409 891 facientem.

840 915 963 929 omoo

965 915 1085 928 00000

231 1000 366 1023 versum
382 991 502 1024 laudat
517 990 560 1024 ad
577 992 664 1023 hane
679 991 850 1034 speciem:
873 991 979 1023 Arbor
990 990 1103 1022 oestiva
1116 993 1273 1022 recreatur
1283 990 1490 1024 umbro—20
1511 989 1585 1024 Alt.
1600 993 1635 1023 2.
1651 994 1687 1022 et

234 1033 332 1067 Harl.
349 1037 380 1067 3.
403 1034 536 1076 Jupiter
549 1037 763 1075 urgent.—2l
789 1032 936 1075 Cuning.
951 1042 1045 1065 curru
1058 1032 1190 1065 nintium
1200 1033 1387 1074 propinquo.

891 1139 1034 1173 NOTAE

231 1216 383 1257 arborque
397 1217 482 1248 nulla
498 1216 637 1256 crescit,
661 1216 719 1249 ubi
737 1226 798 1249 nem
823 1216 935 1248 aestica

232 1270 391 1298 recreatur
405 1277 502 1299 aura.-
524 1266 673 1307 benigno
689 1277 809 1300 carens
825 1277 866 1298 eo
883 1271 934 1298 te-

232 1326 329 1356 pore,
363 1326 430 1358 quo
461 1316 588 1357 plantis
618 1317 865 1349 incrementum
893 1326 934 1348 ac

233 1366 443 1398 foeennditas
468 1371 665 1407 praestatur.
722 1367 799 1399 Hoc
829 1366 935 1398 etiam

233 1416 317 1446 latus
339 1416 447 1447 mundi
472 1414 641 1448 infestant
655 1426 793 1459 semper
807 1417 936 1457 nebulae,

233 1465 364 1506 quippe
379 1475 463 1507 quas
479 1475 546 1498 non
561 1466 703 1498 discutit
715 1467 775 1498 Sol
789 1477 799 1506 ς
821 1467 936 1498 malus-

234 1524 292 1556 que
306 1515 438 1556 Jupiter
453 1520 557 1558 urget,
574 1516 610 1548 id
625 1520 693 1557 est,
710 1517 871 1558 rigidum,
885 1516 935 1547 in-

234 1565 385 1606 salubre,
414 1576 588 1609 graveque
615 1568 749 1608 eoelum,
780 1577 840 1599 seu
877 1566 937 1599 aer

234 1624 405 1658 nunquam
426 1625 566 1648 serenus
577 1622 615 1650 et
628 1618 789 1650 clemens.
835 1616 938 1649 Ovid.

234 1666 325 1698 Met.
334 1675 417 1698 vm.
427 1669 504 1698 789.
525 1667 663 1699 ‘Triste
679 1667 799 1708 solum,
813 1666 939 1699 sterilis

235 1715 310 1747 sine
321 1714 433 1758 fruge,
450 1717 524 1749 sine
537 1717 660 1749 arbore
678 1717 800 1756 tellus;
817 1716 940 1758 Frigus

234 1765 327 1797 iners
351 1766 422 1798 illic
442 1766 613 1807 habitant,
638 1767 839 1810 Pallorque,
856 1767 939 1798 Tre-

235 1826 390 1858 morque,
406 1817 452 1849 Et
460 1817 582 1860 jejuna
597 1816 745 1849 Fames.’

279 1869 319 1898 21
344 1867 433 1899 Pone
452 1867 509 1899 sub
528 1878 624 1900 curru
648 1868 790 1909 nimium,
803 1866 872 1908 ξω]
896 1866 939 1898 In

237 1917 333 1948 Zona
347 1916 490 1956 torrida,
507 1917 597 1948 inter
615 1922 796 1959 utrumque
818 1917 940 1959 Tropi-

236 1977 327 2003 cum‚
343 1967 401 1998 ubi
416 1967 473 1998 Sol
488 1969 619 2000 nimium
628 1970 818 2010 propinquus
830 1973 939 2000 terras

238 2016 367 2056 adurit,
387 2017 562 2058 nullosque
580 2018 723 2057 proinde
747 2018 875 2049 incolas
899 2026 939 2048 ae
958 2015 962 2018 ’

240 2065 410 2099 domicilia
436 2066 615 2106 permittit.
661 2067 765 2098 Ovid.
795 2067 883 2097 Met.
913 2074 937 2096 1.

238 2120 292 2149 49.
315 2118 325 2135 ‘
338 2116 491 2149 Quarum
508 2125 585 2157 quse
602 2116 713 2147 media
727 2120 794 2155 est,
806 2124 873 2146 non
886 2118 939 2146 est

239 2165 436 2198 habitabilis
452 2164 562 2197 aestu.'
604 2165 646 2196 In
670 2174 710 2196 eo
733 2164 868 2195 seilicet
887 2173 939 2194 er-

240 2223 317 2248 rore
332 2214 458 2246 versati
471 2218 550 2245 sunt
565 2214 710 2255 antiqui,
733 2223 799 2255 qno
814 2223 874 2244 nos
890 2213 940 2244 le-

239 2268 364 2296 varunt
389 2263 412 2294 ii
427 2263 485 2304 qui
502 2264 694 2304 navigando
709 2262 941 2305 peragrando-

242 2323 308 2361 que
336 2318 445 2348 totum
460 2313 575 2346 orbem
591 2314 795 2355 lustrarunt,
810 2312 940 2347 habita·

989 1219 1152 1257 toresque
1177 1223 1246 1246 non
1271 1213 1390 1247 deesse
1413 1214 1454 1247 iis
1468 1214 1502 1246 in
1518 1214 1628 1257 plagis
1644 1215 1692 1247 vi-

989 1265 1128 1305 derunt,
1144 1274 1227 1308 quas
1246 1264 1452 1298 inhabitatas
1474 1265 1554 1298 olim
1572 1266 1692 1298 existi-

989 1325 1140 1348 mavere.
1185 1316 1310 1358 Neque
1325 1320 1381 1348 est
1395 1315 1595 1348 immodicus
1618 1315 1690 1347 illie

989 1369 1106 1405 aestus,
1126 1374 1227 1408 quem
1241 1365 1340 1403 valde
1355 1365 1541 1407 temperari
1553 1369 1691 1397 constat

989 1415 1140 1447 noctium
1169 1415 1289 1447 diebus
1328 1414 1508 1457 aequalium
1542 1414 1692 1456 longitu-

989 1465 1085 1498 dine.
1128 1464 1231 1497 Adde
1258 1464 1349 1507 quod
1373 1465 1423 1497 uit
1447 1463 1604 1497 justinus
1629 1464 1690 1496 lib.

990 1524 1034 1548 ιι.
1057 1515 1176 1548 initio:
1199 1515 1209 1533 ‘
1227 1515 1410 1556 Naturam,
1436 1523 1514 1547 eum
1544 1515 1693 1556 primum

990 1565 1204 1597 incrementa
1216 1565 1340 1597 caloris
1355 1574 1396 1596 ae
1419 1563 1558 1606 frigoris
1580 1565 1694 1607 regio·

991 1614 1092 1646 nibus
1122 1614 1294 1653 distinxit,
1323 1614 1441 1647 statim
1466 1613 1512 1647 ad
1539 1615 1692 1648 locorum

994 1664 1195 1705 patientiam
1211 1663 1372 1697 animalia
1385 1673 1520 1707 quoque
1531 1674 1694 1706 generas·

994 1725 1055 1755 se;
1084 1714 1145 1748 sed
1175 1719 1212 1748 et
1239 1715 1399 1748 arborum
1427 1719 1532 1758 atque
1557 1714 1692 1758 frugum

995 1775 1058 1808 pro
1074 1766 1248 1807 regionum
1264 1763 1459 1798 conditione
1474 1770 1556 1807 apte
1567 1775 1695 1807 genera

995 1815 1148 1849 variata!
1193 1816 1415 1857 Compertum
1449 1816 1565 1858 itaque
1593 1816 1695 1849 modo

993 1872 1047 1899 est
1070 1871 1105 1899 et
1129 1865 1300 1898 salubrem
1324 1867 1409 1899 satis
1435 1866 1562 1908 aetem,
1575 1871 1611 1900 et
1625 1865 1695 1900 fre-

996 1921 1138 1958 quentes
1159 1915 1278 1948 adesse
1293 1916 1437 1957 populos
1450 1916 1484 1947 in
1501 1916 1694 1958 regionibus

996 1967 1175 2008 AEquatori
1198 1966 1366 2007 subjectis
1387 1977 1428 1999 ac
1444 1967 1589 2000 vicinis:
1614 1977 1646 2000 v.
1660 1978 1695 2009 g.

995 2016 1030 2046 in
1058 2016 1176 2047 insulis
1208 2016 1308 2051 Java,
1339 2016 1511 2053 Sumatra,
1547 2017 1697 2054 Borneo.

994 2066 1172 2104 Maldivis,
1188 2067 1375 2106 Delphina,
1388 2076 1447 2098 seu
1471 2068 1695 2109 Modagssea·

995 2115 1057 2152 ria,
1074 2117 1139 2146 &c-
1183 2114 1224 2145 In
1240 2115 1496 2148 continentibus
1521 2126 1601 2149 vero
1626 2123 1696 2149 ter-

994 2165 1054 2205 ris,
1067 2163 1157 2204 apud
1170 2164 1355 2205 Malacam,
1366 2165 1399 2196 in
1413 2165 1512 2205 Asia3
1525 2166 1694 2199 Guineam

993 2214 1026 2245 in
1055 2213 1196 2254 Africn;
1222 2214 1256 2244 in
1287 2214 1449 2247 America
1478 2225 1573 2256 vero,
1602 2217 1693 2258 apud

995 2263 1180 2295 Castellum
1196 2273 1345 2306 auream,
1360 2264 1564 2308 Guaianam,
1584 2266 1695 2301 Peru-

995 2313 1096 2355 viam,
1110 2314 1175 2347 διο.
