<?xml version="1.0" encoding="UTF-8"?>
<!DOCTYPE html PUBLIC "-//W3C//DTD XHTML 1.0 Transitional//EN"
    "http://www.w3.org/TR/xhtml1/DTD/xhtml1-transitional.dtd">
<html xmlns="http://www.w3.org/1999/xhtml" xml:lang="en" lang="en">
 <head>
  <title>
</title>
<meta http-equiv="Content-Type" content="text/html;charset=utf-8" />
  <meta name='ocr-system' content='tesseract 3.04.00' />
  <meta name='ocr-capabilities' content='ocr_page ocr_carea ocr_par ocr_line ocrx_word'/>
</head>
<body>
  <div class='ocr_page' id='page_1' title='image "./operazeune01horauoft_0208.png"; bbox 0 0 1916 3190; ppageno 0'>
   <div class='ocr_carea' id='block_1_1' title="bbox 276 200 1249 250">
    <p class='ocr_par' dir='ltr' id='par_1_1' title="bbox 276 200 1249 250">
     <span class='ocr_line' id='line_1_1' title="bbox 276 200 1249 250; baseline 0.001 -9"><span class='ocrx_word' id='word_1_1' title='bbox 276 200 363 241; x_wconf 80' lang='lat'><strong>200</strong></span> <span class='ocrx_word' id='word_1_2' title='bbox 755 212 784 250; x_wconf 85' lang='lat' dir='ltr'>Q</span> <span class='ocrx_word' id='word_1_3' title='bbox 831 212 1041 242; x_wconf 75' lang='lat' dir='ltr'><strong>noRA&#39;ru</strong></span> <span class='ocrx_word' id='word_1_4' title='bbox 1076 212 1249 244; x_wconf 69' lang='lat' dir='ltr'><strong>FLAcci</strong></span> 
     </span>
    </p>
   </div>
   <div class='ocr_carea' id='block_1_2' title="bbox 502 302 1727 550">
    <p class='ocr_par' dir='ltr' id='par_1_2' title="bbox 502 302 1727 550">
     <span class='ocr_line' id='line_1_2' title="bbox 502 302 1309 356; baseline 0.001 -13"><span class='ocrx_word' id='word_1_5' title='bbox 502 302 614 344; x_wconf 90' lang='lat' dir='ltr'><strong>Cum</strong></span> <span class='ocrx_word' id='word_1_6' title='bbox 635 307 681 343; x_wconf 91' lang='lat' dir='ltr'><strong>tu</strong></span> <span class='ocrx_word' id='word_1_7' title='bbox 703 302 900 344; x_wconf 70' lang='lat' dir='ltr'><strong>coemtos</strong></span> <span class='ocrx_word' id='word_1_8' title='bbox 920 303 1116 356; x_wconf 86' lang='lat' dir='ltr'><strong>undique</strong></span> <span class='ocrx_word' id='word_1_9' title='bbox 1135 304 1309 344; x_wconf 89' lang='lat' dir='ltr'><strong>nobiles</strong></span> 
     </span>
     <span class='ocr_line' id='line_1_3' title="bbox 503 369 1441 420; baseline 0.001 -10"><span class='ocrx_word' id='word_1_10' title='bbox 503 369 658 410; x_wconf 81' lang='lat' dir='ltr'><strong>Libros</strong></span> <span class='ocrx_word' id='word_1_11' title='bbox 681 370 869 420; x_wconf 79' lang='lat' dir='ltr'><strong>Panaeti,</strong></span> <span class='ocrx_word' id='word_1_12' title='bbox 890 370 1162 411; x_wconf 83' lang='lat' dir='ltr'><strong>Socraticam</strong></span> <span class='ocrx_word' id='word_1_13' title='bbox 1183 375 1229 411; x_wconf 82' lang='lat' dir='ltr'><strong>et</strong></span> <span class='ocrx_word' id='word_1_14' title='bbox 1246 370 1441 419; x_wconf 89' lang='lat' dir='ltr'><strong>domum,</strong></span> 
     </span>
     <span class='ocr_line' id='line_1_4' title="bbox 558 436 1727 485; baseline 0.003 -9"><span class='ocrx_word' id='word_1_15' title='bbox 558 436 737 477; x_wconf 83' lang='lat' dir='ltr'><strong>Mutare</strong></span> <span class='ocrx_word' id='word_1_16' title='bbox 757 437 910 478; x_wconf 89' lang='lat' dir='ltr'><strong>loricis</strong></span> <span class='ocrx_word' id='word_1_17' title='bbox 934 436 1092 485; x_wconf 88' lang='lat' dir='ltr'><strong>Iberis,</strong></span> <span class='ocrx_word' id='word_1_18' title='bbox 1669 439 1727 479; x_wconf 87' lang='lat'><strong>15</strong></span> 
     </span>
     <span class='ocr_line' id='line_1_5' title="bbox 617 503 1261 550; baseline 0 -6"><span class='ocrx_word' id='word_1_19' title='bbox 617 503 853 545; x_wconf 83' lang='lat' dir='ltr'><strong>Pollicitus</strong></span> <span class='ocrx_word' id='word_1_20' title='bbox 872 504 1069 550; x_wconf 86' lang='lat' dir='ltr'>meliora,</span> <span class='ocrx_word' id='word_1_21' title='bbox 1091 503 1261 545; x_wconf 69' lang='lat' dir='ltr'><strong>tendis?</strong></span> 
     </span>
    </p>
   </div>
   <div class='ocr_carea' id='block_1_3' title="bbox 272 620 1730 747">
    <p class='ocr_par' dir='ltr' id='par_1_3' title="bbox 272 620 1730 747">
     <span class='ocr_line' id='line_1_6' title="bbox 276 620 1728 663; baseline 0.002 -12"><span class='ocrx_word' id='word_1_22' title='bbox 276 620 411 651; x_wconf 77' lang='lat' dir='ltr'><strong><em>Tiberim</em></strong></span> <span class='ocrx_word' id='word_1_23' title='bbox 424 622 550 660; x_wconf 78' lang='lat' dir='ltr'><strong><em>regredi</em></strong></span> <span class='ocrx_word' id='word_1_24' title='bbox 568 631 667 662; x_wconf 82' lang='lat' dir='ltr'><strong>posse,</strong></span> <span class='ocrx_word' id='word_1_25' title='bbox 687 623 809 662; x_wconf 75' lang='lat' dir='ltr'><strong>quando</strong></span> <span class='ocrx_word' id='word_1_26' title='bbox 825 627 859 654; x_wconf 83' lang='lat' dir='ltr'><strong>tu</strong></span> <span class='ocrx_word' id='word_1_27' title='bbox 872 626 1064 662; x_wconf 78' lang='lat' dir='ltr'><strong>comparatos</strong></span> <span class='ocrx_word' id='word_1_28' title='bbox 1077 623 1279 663; x_wconf 78' lang='lat' dir='ltr'><strong><em>undequaque</em></strong></span> <span class='ocrx_word' id='word_1_29' title='bbox 1297 622 1437 653; x_wconf 64' lang='lat' dir='ltr'><strong>Panaetii</strong></span> <span class='ocrx_word' id='word_1_30' title='bbox 1451 622 1570 654; x_wconf 78' lang='lat' dir='ltr'><strong>codices</strong></span> <span class='ocrx_word' id='word_1_31' title='bbox 1583 622 1728 658; x_wconf 68' lang='lat' dir='ltr'><strong>eximios,</strong></span> 
     </span>
     <span class='ocr_line' id='line_1_7' title="bbox 272 662 1730 706; baseline 0.002 -13"><span class='ocrx_word' id='word_1_32' title='bbox 272 666 303 693; x_wconf 74' lang='lat' dir='ltr'><strong>et</strong></span> <span class='ocrx_word' id='word_1_33' title='bbox 309 662 470 700; x_wconf 79' lang='lat' dir='ltr'><strong>familiam</strong></span> <span class='ocrx_word' id='word_1_34' title='bbox 481 663 622 695; x_wconf 75' lang='lat' dir='ltr'><strong>Socratis</strong></span> <span class='ocrx_word' id='word_1_35' title='bbox 635 665 811 696; x_wconf 77' lang='lat' dir='ltr'><strong>universum</strong></span> <span class='ocrx_word' id='word_1_36' title='bbox 823 668 999 706; x_wconf 76' lang='lat' dir='ltr'><strong><em>permutare</em></strong></span> <span class='ocrx_word' id='word_1_37' title='bbox 1011 666 1118 696; x_wconf 69' lang='lat' dir='ltr'><strong>studes</strong></span> <span class='ocrx_word' id='word_1_38' title='bbox 1131 665 1310 696; x_wconf 76' lang='lat' dir='ltr'><strong><em>thoracibus</em></strong></span> <span class='ocrx_word' id='word_1_39' title='bbox 1324 665 1514 706; x_wconf 60' lang='lat' dir='ltr'><strong>Hispanico</strong></span> <span class='ocrx_word' id='word_1_40' title='bbox 1522 663 1540 697; x_wconf 66' lang='lat'><strong>21</strong></span> <span class='ocrx_word' id='word_1_41' title='bbox 1560 668 1643 696; x_wconf 81' lang='lat' dir='ltr'><strong>certe</strong></span> <span class='ocrx_word' id='word_1_42' title='bbox 1659 666 1730 697; x_wconf 74' lang='lat' dir='ltr'><strong>lau-</strong></span> 
     </span>
     <span class='ocr_line' id='line_1_8' title="bbox 273 705 1499 747; baseline 0.004 -12"><span class='ocrx_word' id='word_1_43' title='bbox 273 705 427 736; x_wconf 75' lang='lat' dir='ltr'><strong>dabiliora</strong></span> <span class='ocrx_word' id='word_1_44' title='bbox 438 706 636 747; x_wconf 73' lang='lat' dir='ltr'><strong><em>promiseras.</em></strong></span> <span class='ocrx_word' id='word_1_45' title='bbox 1482 706 1499 718; x_wconf 58' lang='grc'><strong>“’“</strong></span> 
     </span>
    </p>
   </div>
   <div class='ocr_carea' id='block_1_4' title="bbox 881 757 1120 770">
    <p class='ocr_par' dir='ltr' id='par_1_4' title="bbox 881 757 1120 770">
     <span class='ocr_line' id='line_1_9' title="bbox 881 757 1120 770; baseline 0.004 -2"><span class='ocrx_word' id='word_1_46' title='bbox 881 757 1120 770; x_wconf 52' lang='lat' dir='ltr'><strong>omnmo</strong></span> 
     </span>
    </p>
   </div>
   <div class='ocr_carea' id='block_1_5' title="bbox 275 819 1727 864">
    <p class='ocr_par' dir='ltr' id='par_1_5' title="bbox 275 819 1727 864">
     <span class='ocr_line' id='line_1_10' title="bbox 275 819 1727 864; baseline 0.001 -13"><span class='ocrx_word' id='word_1_47' title='bbox 275 819 376 851; x_wconf 85' lang='lat' dir='ltr'><strong>codd.</strong></span> <span class='ocrx_word' id='word_1_48' title='bbox 393 825 460 860; x_wconf 88' lang='lat' dir='ltr'><strong>est,</strong></span> <span class='ocrx_word' id='word_1_49' title='bbox 470 830 533 861; x_wconf 89' lang='lat' dir='ltr'><strong>pro</strong></span> <span class='ocrx_word' id='word_1_50' title='bbox 546 821 698 861; x_wconf 83' lang='lat' dir='ltr'><strong>genitivo</strong></span> <span class='ocrx_word' id='word_1_51' title='bbox 711 821 836 862; x_wconf 81' lang='lat' dir='ltr'><strong>accipi,</strong></span> <span class='ocrx_word' id='word_1_52' title='bbox 847 826 882 853; x_wconf 90' lang='lat' dir='ltr'><strong>et</strong></span> <span class='ocrx_word' id='word_1_53' title='bbox 897 822 938 854; x_wconf 85' lang='lat' dir='ltr'><strong>ad</strong></span> <span class='ocrx_word' id='word_1_54' title='bbox 948 823 1075 854; x_wconf 78' lang='lat' dir='ltr'><strong>Panaeti</strong></span> <span class='ocrx_word' id='word_1_55' title='bbox 1090 822 1224 862; x_wconf 83' lang='lat' dir='ltr'><strong>referri,</strong></span> <span class='ocrx_word' id='word_1_56' title='bbox 1233 832 1445 864; x_wconf 79' lang='lat' dir='ltr'><strong>operoseque</strong></span> <span class='ocrx_word' id='word_1_57' title='bbox 1457 822 1623 863; x_wconf 74' lang='lat' dir='ltr'><strong>ostendit,</strong></span> <span class='ocrx_word' id='word_1_58' title='bbox 1636 822 1727 863; x_wconf 90' lang='lat' dir='ltr'><strong>quod</strong></span> 
     </span>
    </p>
   </div>
   <div class='ocr_carea' id='block_1_6' title="bbox 206 863 1728 904">
    <p class='ocr_par' dir='ltr' id='par_1_6' title="bbox 206 863 1728 904">
     <span class='ocr_line' id='line_1_11' title="bbox 206 863 1728 904; baseline 0.002 -11"><span class='ocrx_word' id='word_1_59' title='bbox 206 888 211 892; x_wconf 86' lang='lat'><strong><em>.</em></strong></span> <span class='ocrx_word' id='word_1_60' title='bbox 274 871 374 894; x_wconf 87' lang='lat' dir='ltr'><strong>nemo</strong></span> <span class='ocrx_word' id='word_1_61' title='bbox 391 863 540 900; x_wconf 84' lang='lat' dir='ltr'><strong>dubitat,</strong></span> <span class='ocrx_word' id='word_1_62' title='bbox 557 863 748 895; x_wconf 76' lang='lat' dir='ltr'><strong>Panaetium</strong></span> <span class='ocrx_word' id='word_1_63' title='bbox 764 873 866 904; x_wconf 87' lang='lat' dir='ltr'><strong>posse</strong></span> <span class='ocrx_word' id='word_1_64' title='bbox 882 864 953 896; x_wconf 90' lang='lat' dir='ltr'><strong>dici</strong></span> <span class='ocrx_word' id='word_1_65' title='bbox 965 865 1127 896; x_wconf 90' lang='lat' dir='ltr'><strong>nobilem.</strong></span> <span class='ocrx_word' id='word_1_66' title='bbox 1171 865 1294 896; x_wconf 84' lang='lat' dir='ltr'><strong>Multae</strong></span> <span class='ocrx_word' id='word_1_67' title='bbox 1306 864 1385 896; x_wconf 89' lang='lat' dir='ltr'><strong>edd.</strong></span> <span class='ocrx_word' id='word_1_68' title='bbox 1403 870 1488 896; x_wconf 82' lang='lat' dir='ltr'><strong>vett.</strong></span> <span class='ocrx_word' id='word_1_69' title='bbox 1501 865 1628 896; x_wconf 85' lang='lat' dir='ltr'><strong>habent</strong></span> <span class='ocrx_word' id='word_1_70' title='bbox 1639 865 1728 895; x_wconf 76' lang='lat' dir='ltr'><strong>nobi-</strong></span> 
     </span>
    </p>
   </div>
   <div class='ocr_carea' id='block_1_7' title="bbox 272 904 1732 1242">
    <p class='ocr_par' dir='ltr' id='par_1_7' title="bbox 272 904 1732 1242">
     <span class='ocr_line' id='line_1_12' title="bbox 274 904 1728 948; baseline 0.002 -13"><span class='ocrx_word' id='word_1_71' title='bbox 274 904 352 941; x_wconf 59' lang='grc' dir='ltr'>ἰοί-η</span> <span class='ocrx_word' id='word_1_72' title='bbox 375 905 452 936; x_wconf 81' lang='lat' dir='ltr'><strong>aliae</strong></span> <span class='ocrx_word' id='word_1_73' title='bbox 468 905 592 941; x_wconf 69' lang='lat' dir='ltr'><strong>nobilis,</strong></span> <span class='ocrx_word' id='word_1_74' title='bbox 606 912 640 936; x_wconf 89' lang='lat' dir='ltr'><strong>et</strong></span> <span class='ocrx_word' id='word_1_75' title='bbox 656 906 705 937; x_wconf 89' lang='lat' dir='ltr'><strong>sic</strong></span> <span class='ocrx_word' id='word_1_76' title='bbox 722 906 819 937; x_wconf 83' lang='lat' dir='ltr'><strong><em>Harl.</em></strong></span> <span class='ocrx_word' id='word_1_77' title='bbox 835 909 868 938; x_wconf 86' lang='lat'><strong>2.</strong></span> <span class='ocrx_word' id='word_1_78' title='bbox 885 909 917 938; x_wconf 78' lang='grc'><strong>3.</strong></span> <span class='ocrx_word' id='word_1_79' title='bbox 962 907 1065 938; x_wconf 87' lang='lat' dir='ltr'><strong>Multi</strong></span> <span class='ocrx_word' id='word_1_80' title='bbox 1082 908 1186 940; x_wconf 75' lang='lat' dir='ltr'><strong>etiam</strong></span> <span class='ocrx_word' id='word_1_81' title='bbox 1203 907 1303 938; x_wconf 86' lang='lat' dir='ltr'><strong>codd.</strong></span> <span class='ocrx_word' id='word_1_82' title='bbox 1328 907 1363 938; x_wconf 88' lang='lat' dir='ltr'><strong>in</strong></span> <span class='ocrx_word' id='word_1_83' title='bbox 1387 907 1509 948; x_wconf 84' lang='lat' dir='ltr'><strong>quibua</strong></span> <span class='ocrx_word' id='word_1_84' title='bbox 1533 907 1630 938; x_wconf 85' lang='lat' dir='ltr'><strong>Harl.</strong></span> <span class='ocrx_word' id='word_1_85' title='bbox 1647 909 1678 938; x_wconf 92' lang='lat'><strong>1.</strong></span> <span class='ocrx_word' id='word_1_86' title='bbox 1694 910 1728 938; x_wconf 80' lang='grc'><strong>4.</strong></span> 
     </span>
     <span class='ocr_line' id='line_1_13' title="bbox 272 947 1728 986; baseline 0.001 -8"><span class='ocrx_word' id='word_1_87' title='bbox 272 949 306 978; x_wconf 86' lang='grc'><strong>5.</strong></span> <span class='ocrx_word' id='word_1_88' title='bbox 322 950 355 978; x_wconf 93' lang='grc'><strong>6.</strong></span> <span class='ocrx_word' id='word_1_89' title='bbox 367 947 578 979; x_wconf 60' lang='lat' dir='ltr'><strong>nobilem—1⁴1</strong></span> <span class='ocrx_word' id='word_1_90' title='bbox 605 948 799 979; x_wconf 80' lang='lat' dir='ltr'><strong>Socraticam</strong></span> <span class='ocrx_word' id='word_1_91' title='bbox 811 950 934 979; x_wconf 81' lang='lat' dir='ltr'><strong>domum</strong></span> <span class='ocrx_word' id='word_1_92' title='bbox 948 958 1035 979; x_wconf 89' lang='lat' dir='ltr'><strong>unus</strong></span> <span class='ocrx_word' id='word_1_93' title='bbox 1047 949 1265 986; x_wconf 82' lang='lat' dir='ltr'><strong>Bersmanni,</strong></span> <span class='ocrx_word' id='word_1_94' title='bbox 1277 949 1404 980; x_wconf 82' lang='lat' dir='ltr'><strong>Venet.</strong></span> <span class='ocrx_word' id='word_1_95' title='bbox 1421 951 1518 980; x_wconf 75' lang='lat'><strong><em>1492.</em></strong></span> <span class='ocrx_word' id='word_1_96' title='bbox 1535 952 1572 980; x_wconf 88' lang='lat' dir='ltr'><strong>et</strong></span> <span class='ocrx_word' id='word_1_97' title='bbox 1585 949 1728 980; x_wconf 75' lang='lat' dir='ltr'><strong>Locher.</strong></span> 
     </span>
     <span class='ocr_line' id='line_1_14' title="bbox 272 988 1730 1022; baseline 0.002 -3"><span class='ocrx_word' id='word_1_98' title='bbox 272 991 304 1019; x_wconf 80' lang='lat' dir='ltr'><strong>et</strong></span> <span class='ocrx_word' id='word_1_99' title='bbox 314 988 510 1020; x_wconf 78' lang='lat' dir='ltr'><strong>Socraticam</strong></span> <span class='ocrx_word' id='word_1_100' title='bbox 522 991 646 1020; x_wconf 83' lang='lat' dir='ltr'><strong>domum</strong></span> <span class='ocrx_word' id='word_1_101' title='bbox 663 989 889 1021; x_wconf 84' lang='lat' dir='ltr'><strong>Ascens.—l5</strong></span> <span class='ocrx_word' id='word_1_102' title='bbox 903 990 1035 1022; x_wconf 84' lang='lat' dir='ltr'><strong>Hiberis</strong></span> <span class='ocrx_word' id='word_1_103' title='bbox 1050 991 1166 1021; x_wconf 89' lang='lat' dir='ltr'><strong>Bentl.</strong></span> <span class='ocrx_word' id='word_1_104' title='bbox 1180 995 1216 1022; x_wconf 86' lang='lat' dir='ltr'><strong>et</strong></span> <span class='ocrx_word' id='word_1_105' title='bbox 1230 991 1278 1022; x_wconf 90' lang='lat' dir='ltr'><strong>sic</strong></span> <span class='ocrx_word' id='word_1_106' title='bbox 1293 991 1444 1022; x_wconf 87' lang='lat' dir='ltr'><strong>occurrit</strong></span> <span class='ocrx_word' id='word_1_107' title='bbox 1459 991 1493 1022; x_wconf 92' lang='lat' dir='ltr'><strong>in</strong></span> <span class='ocrx_word' id='word_1_108' title='bbox 1504 994 1730 1022; x_wconf 84' lang='lat' dir='ltr'><strong>mouumentt.</strong></span> 
     </span>
     <span class='ocr_line' id='line_1_15' title="bbox 273 1031 1730 1072; baseline 0.002 -12"><span class='ocrx_word' id='word_1_109' title='bbox 273 1031 381 1070; x_wconf 86' lang='lat' dir='ltr'><strong>antiq.</strong></span> <span class='ocrx_word' id='word_1_110' title='bbox 393 1031 452 1062; x_wconf 85' lang='lat' dir='ltr'><strong>sed</strong></span> <span class='ocrx_word' id='word_1_111' title='bbox 479 1036 620 1071; x_wconf 86' lang='lat' dir='ltr'><strong>praestat</strong></span> <span class='ocrx_word' id='word_1_112' title='bbox 643 1031 757 1070; x_wconf 82' lang='lat' dir='ltr'><strong>Iberis,</strong></span> <span class='ocrx_word' id='word_1_113' title='bbox 780 1032 913 1063; x_wconf 80' lang='lat' dir='ltr'><strong>Graecis</strong></span> <span class='ocrx_word' id='word_1_114' title='bbox 940 1033 1032 1063; x_wconf 89' lang='lat' dir='ltr'><strong>enim</strong></span> <span class='ocrx_word' id='word_1_115' title='bbox 1056 1032 1220 1063; x_wconf 86' lang='lat' dir='ltr'><strong>scribitur</strong></span> <span class='ocrx_word' id='word_1_116' title='bbox 1243 1032 1315 1063; x_wconf 85' lang='lat' dir='ltr'><strong>sine</strong></span> <span class='ocrx_word' id='word_1_117' title='bbox 1329 1031 1636 1072; x_wconf 78' lang='lat' dir='ltr'><strong>aspiratione.-16</strong></span> <span class='ocrx_word' id='word_1_118' title='bbox 1658 1031 1730 1063; x_wconf 81' lang='lat' dir='ltr'><strong>Pro</strong></span> 
     </span>
     <span class='ocr_line' id='line_1_16' title="bbox 274 1072 1732 1113; baseline 0.001 -9"><span class='ocrx_word' id='word_1_119' title='bbox 274 1073 386 1108; x_wconf 66' lang='lat' dir='ltr'><strong>tendis,</strong></span> <span class='ocrx_word' id='word_1_120' title='bbox 404 1073 542 1113; x_wconf 81' lang='lat' dir='ltr'><strong>quidam</strong></span> <span class='ocrx_word' id='word_1_121' title='bbox 557 1073 676 1105; x_wconf 82' lang='lat' dir='ltr'><strong>Lamb.</strong></span> <span class='ocrx_word' id='word_1_122' title='bbox 692 1083 778 1105; x_wconf 85' lang='lat' dir='ltr'><strong>unus</strong></span> <span class='ocrx_word' id='word_1_123' title='bbox 794 1073 957 1106; x_wconf 85' lang='lat' dir='ltr'><strong>Torrent.</strong></span> <span class='ocrx_word' id='word_1_124' title='bbox 973 1073 1094 1105; x_wconf 87' lang='lat' dir='ltr'><strong>Basill.</strong></span> <span class='ocrx_word' id='word_1_125' title='bbox 1112 1076 1209 1106; x_wconf 80' lang='grc'><strong>1523.</strong></span> <span class='ocrx_word' id='word_1_126' title='bbox 1226 1076 1322 1106; x_wconf 75' lang='grc'><strong>1531.</strong></span> <span class='ocrx_word' id='word_1_127' title='bbox 1344 1074 1470 1105; x_wconf 83' lang='lat' dir='ltr'><strong>venet.</strong></span> <span class='ocrx_word' id='word_1_128' title='bbox 1486 1076 1581 1106; x_wconf 89' lang='grc'><strong>1590.</strong></span> <span class='ocrx_word' id='word_1_129' title='bbox 1598 1080 1635 1105; x_wconf 88' lang='lat' dir='ltr'><strong>et</strong></span> <span class='ocrx_word' id='word_1_130' title='bbox 1650 1072 1732 1105; x_wconf 86' lang='lat' dir='ltr'><strong>Gla—</strong></span> 
     </span>
     <span class='ocr_line' id='line_1_17' title="bbox 272 1115 1729 1158; baseline 0.001 -13"><span class='ocrx_word' id='word_1_131' title='bbox 272 1124 365 1146; x_wconf 85' lang='lat' dir='ltr'><strong>rean.</strong></span> <span class='ocrx_word' id='word_1_132' title='bbox 383 1115 552 1156; x_wconf 76' lang='lat' dir='ltr'><strong>probante</strong></span> <span class='ocrx_word' id='word_1_133' title='bbox 564 1115 606 1146; x_wconf 83' lang='lat' dir='ltr'><strong>P.</strong></span> <span class='ocrx_word' id='word_1_134' title='bbox 623 1116 757 1147; x_wconf 89' lang='lat' dir='ltr'><strong>Victor.</strong></span> <span class='ocrx_word' id='word_1_135' title='bbox 772 1116 852 1147; x_wconf 85' lang='lat' dir='ltr'><strong>Var.</strong></span> <span class='ocrx_word' id='word_1_136' title='bbox 869 1117 966 1148; x_wconf 81' lang='lat' dir='ltr'><strong>Lect.</strong></span> <span class='ocrx_word' id='word_1_137' title='bbox 983 1125 1078 1148; x_wconf 85' lang='lat' dir='ltr'><strong>xvu.</strong></span> <span class='ocrx_word' id='word_1_138' title='bbox 1092 1119 1146 1148; x_wconf 77' lang='lat'><strong>1³.</strong></span> <span class='ocrx_word' id='word_1_139' title='bbox 1169 1117 1293 1155; x_wconf 79' lang='lat' dir='ltr'><strong>temnis,</strong></span> <span class='ocrx_word' id='word_1_140' title='bbox 1307 1115 1400 1158; x_wconf 89' lang='lat' dir='ltr'><strong>qnod</strong></span> <span class='ocrx_word' id='word_1_141' title='bbox 1412 1117 1532 1156; x_wconf 77' lang='lat' dir='ltr'><strong>Por-pb</strong></span> <span class='ocrx_word' id='word_1_142' title='bbox 1558 1116 1606 1148; x_wconf 90' lang='lat' dir='ltr'><strong>rio</strong></span> <span class='ocrx_word' id='word_1_143' title='bbox 1623 1116 1729 1148; x_wconf 81' lang='lat' dir='ltr'><strong>inter·</strong></span> 
     </span>
     <span class='ocr_line' id='line_1_18' title="bbox 273 1156 1730 1199; baseline 0.001 -11"><span class='ocrx_word' id='word_1_144' title='bbox 273 1162 430 1196; x_wconf 87' lang='lat' dir='ltr'><strong>pretatur</strong></span> <span class='ocrx_word' id='word_1_145' title='bbox 443 1159 453 1174; x_wconf 79' lang='lat'><strong>⁴</strong></span> <span class='ocrx_word' id='word_1_146' title='bbox 467 1156 598 1197; x_wconf 84' lang='lat' dir='ltr'><strong>audes,&#39;</strong></span> <span class='ocrx_word' id='word_1_147' title='bbox 621 1157 679 1189; x_wconf 82' lang='lat' dir='ltr'><strong>alii</strong></span> <span class='ocrx_word' id='word_1_148' title='bbox 692 1167 735 1189; x_wconf 88' lang='lat' dir='ltr'><strong>ex</strong></span> <span class='ocrx_word' id='word_1_149' title='bbox 758 1157 768 1175; x_wconf 93' lang='lat'>‘</span> <span class='ocrx_word' id='word_1_150' title='bbox 782 1158 928 1199; x_wconf 82' lang='lat' dir='ltr'><strong>negligis</strong></span> <span class='ocrx_word' id='word_1_151' title='bbox 940 1158 949 1171; x_wconf 91' lang='lat'><strong>’</strong></span> <span class='ocrx_word' id='word_1_152' title='bbox 971 1168 1074 1199; x_wconf 86' lang='lat' dir='ltr'><strong>snpra</strong></span> <span class='ocrx_word' id='word_1_153' title='bbox 1091 1167 1232 1191; x_wconf 79' lang='lat' dir='ltr'><strong>xxvnr.</strong></span> <span class='ocrx_word' id='word_1_154' title='bbox 1248 1161 1301 1190; x_wconf 78' lang='lat'><strong>30.</strong></span> <span class='ocrx_word' id='word_1_155' title='bbox 1324 1159 1511 1190; x_wconf 87' lang='lat' dir='ltr'><strong>illustrant.</strong></span> <span class='ocrx_word' id='word_1_156' title='bbox 1571 1158 1632 1189; x_wconf 88' lang='lat' dir='ltr'><strong>arl.</strong></span> <span class='ocrx_word' id='word_1_157' title='bbox 1647 1167 1730 1190; x_wconf 87' lang='lat' dir='ltr'><strong>vero</strong></span> 
     </span>
     <span class='ocr_line' id='line_1_19' title="bbox 276 1199 1672 1242; baseline 0.001 -12"><span class='ocrx_word' id='word_1_158' title='bbox 276 1201 306 1230; x_wconf 89' lang='lat'><strong>1.</strong></span> <span class='ocrx_word' id='word_1_159' title='bbox 323 1201 355 1231; x_wconf 83' lang='lat'><strong>2.</strong></span> <span class='ocrx_word' id='word_1_160' title='bbox 371 1203 401 1232; x_wconf 83' lang='lat'><strong>3.</strong></span> <span class='ocrx_word' id='word_1_161' title='bbox 416 1202 448 1232; x_wconf 80' lang='lat'><strong>4.</strong></span> <span class='ocrx_word' id='word_1_162' title='bbox 461 1203 494 1231; x_wconf 89' lang='grc'><strong>5.</strong></span> <span class='ocrx_word' id='word_1_163' title='bbox 510 1202 542 1231; x_wconf 94' lang='grc'><strong>6.</strong></span> <span class='ocrx_word' id='word_1_164' title='bbox 558 1200 685 1241; x_wconf 86' lang='lat' dir='ltr'><strong>aliique</strong></span> <span class='ocrx_word' id='word_1_165' title='bbox 701 1200 803 1232; x_wconf 75' lang='lat' dir='ltr'><strong>tendis</strong></span> <span class='ocrx_word' id='word_1_166' title='bbox 813 1211 825 1238; x_wconf 93' lang='lat'><strong>,·</strong></span> <span class='ocrx_word' id='word_1_167' title='bbox 847 1206 885 1233; x_wconf 89' lang='lat' dir='ltr'><strong>et</strong></span> <span class='ocrx_word' id='word_1_168' title='bbox 899 1201 948 1232; x_wconf 86' lang='lat' dir='ltr'><strong>sic</strong></span> <span class='ocrx_word' id='word_1_169' title='bbox 961 1201 1061 1242; x_wconf 87' lang='lat' dir='ltr'><strong>plane</strong></span> <span class='ocrx_word' id='word_1_170' title='bbox 1078 1201 1214 1232; x_wconf 82' lang='lat' dir='ltr'><strong>Fabric.</strong></span> <span class='ocrx_word' id='word_1_171' title='bbox 1236 1202 1246 1219; x_wconf 88' lang='lat'>‘</span> <span class='ocrx_word' id='word_1_172' title='bbox 1261 1201 1376 1242; x_wconf 79' lang='lat' dir='ltr'><strong>tendis,</strong></span> <span class='ocrx_word' id='word_1_173' title='bbox 1388 1210 1452 1242; x_wconf 89' lang='lat' dir='ltr'><strong>pro</strong></span> <span class='ocrx_word' id='word_1_174' title='bbox 1467 1199 1672 1233; x_wconf 63' lang='lat' dir='ltr'><strong>contendi-2</strong></span> 
     </span>
    </p>
   </div>
   <div class='ocr_carea' id='block_1_8' title="bbox 931 1275 1069 1307">
    <p class='ocr_par' dir='ltr' id='par_1_8' title="bbox 931 1275 1069 1307">
     <span class='ocr_line' id='line_1_20' title="bbox 931 1275 1069 1307; baseline 0.007 -1"><span class='ocrx_word' id='word_1_175' title='bbox 931 1275 961 1306; x_wconf 83' lang='lat' dir='ltr'>N</span> <span class='ocrx_word' id='word_1_176' title='bbox 967 1275 1069 1307; x_wconf 79' lang='lat' dir='ltr'><strong>OTAE</strong></span> 
     </span>
    </p>
   </div>
   <div class='ocr_carea' id='block_1_9' title="bbox 272 1337 980 2759">
    <p class='ocr_par' dir='ltr' id='par_1_9' title="bbox 272 1337 975 1567">
     <span class='ocr_line' id='line_1_21' title="bbox 318 1337 975 1378; baseline 0.005 -12"><span class='ocrx_word' id='word_1_177' title='bbox 318 1338 358 1366; x_wconf 76' lang='grc'><strong>13</strong></span> <span class='ocrx_word' id='word_1_178' title='bbox 386 1337 466 1368; x_wconf 83' lang='lat' dir='ltr'><strong>Cum</strong></span> <span class='ocrx_word' id='word_1_179' title='bbox 492 1340 528 1368; x_wconf 77' lang='lat' dir='ltr'><strong>tu</strong></span> <span class='ocrx_word' id='word_1_180' title='bbox 556 1337 700 1376; x_wconf 74' lang='lat' dir='ltr'><strong>co‘e&#39;mcos,</strong></span> <span class='ocrx_word' id='word_1_181' title='bbox 721 1337 792 1378; x_wconf 50' lang='grc' dir='ltr'><strong>ξω]</strong></span> <span class='ocrx_word' id='word_1_182' title='bbox 828 1338 913 1370; x_wconf 90' lang='lat' dir='ltr'><strong>Cum</strong></span> <span class='ocrx_word' id='word_1_183' title='bbox 939 1343 975 1369; x_wconf 88' lang='lat' dir='ltr'><strong>tu</strong></span> 
     </span>
     <span class='ocr_line' id='line_1_22' title="bbox 273 1387 974 1428; baseline 0.006 -13"><span class='ocrx_word' id='word_1_184' title='bbox 273 1392 418 1424; x_wconf 86' lang='lat' dir='ltr'><strong>repente</strong></span> <span class='ocrx_word' id='word_1_185' title='bbox 431 1391 581 1418; x_wconf 87' lang='lat' dir='ltr'><strong>mutatus</strong></span> <span class='ocrx_word' id='word_1_186' title='bbox 595 1387 735 1418; x_wconf 78' lang='lat' dir='ltr'><strong>deseras</strong></span> <span class='ocrx_word' id='word_1_187' title='bbox 747 1388 974 1428; x_wconf 71' lang='lat' dir='ltr'><strong>Philosophiae</strong></span> 
     </span>
     <span class='ocr_line' id='line_1_23' title="bbox 274 1435 975 1479; baseline 0.006 -14"><span class='ocrx_word' id='word_1_188' title='bbox 274 1435 425 1466; x_wconf 83' lang='lat' dir='ltr'><strong>studium</strong></span> <span class='ocrx_word' id='word_1_189' title='bbox 441 1436 533 1476; x_wconf 87' lang='lat' dir='ltr'><strong>quod</strong></span> <span class='ocrx_word' id='word_1_190' title='bbox 546 1435 662 1468; x_wconf 83' lang='lat' dir='ltr'><strong>fueras</strong></span> <span class='ocrx_word' id='word_1_191' title='bbox 673 1437 862 1478; x_wconf 58' lang='lat' dir='ltr'><strong>amplexati,</strong></span> <span class='ocrx_word' id='word_1_192' title='bbox 873 1442 975 1479; x_wconf 82' lang='lat' dir='ltr'><strong>atque</strong></span> 
     </span>
     <span class='ocr_line' id='line_1_24' title="bbox 272 1485 975 1529; baseline 0.006 -14"><span class='ocrx_word' id='word_1_193' title='bbox 272 1485 376 1526; x_wconf 79' lang='lat' dir='ltr'><strong>longe</strong></span> <span class='ocrx_word' id='word_1_194' title='bbox 388 1486 596 1518; x_wconf 81' lang='lat' dir='ltr'><strong>contrariam</strong></span> <span class='ocrx_word' id='word_1_195' title='bbox 610 1487 739 1518; x_wconf 54' lang='lat' dir='ltr'><strong>militia!</strong></span> <span class='ocrx_word' id='word_1_196' title='bbox 753 1497 874 1529; x_wconf 88' lang='lat' dir='ltr'><strong>nempe</strong></span> <span class='ocrx_word' id='word_1_197' title='bbox 887 1488 975 1519; x_wconf 83' lang='lat' dir='ltr'><strong>viam</strong></span> 
     </span>
     <span class='ocr_line' id='line_1_25' title="bbox 275 1534 383 1567; baseline 0 -1"><span class='ocrx_word' id='word_1_198' title='bbox 275 1534 383 1567; x_wconf 76' lang='lat' dir='ltr'><strong>ineas.</strong></span> 
     </span>
    </p>

    <p class='ocr_par' dir='ltr' id='par_1_10' title="bbox 273 1585 980 2571">
     <span class='ocr_line' id='line_1_26' title="bbox 318 1585 976 1627; baseline 0.002 -10"><span class='ocrx_word' id='word_1_199' title='bbox 318 1589 360 1617; x_wconf 75' lang='lat'><strong>14</strong></span> <span class='ocrx_word' id='word_1_200' title='bbox 383 1585 529 1626; x_wconf 70' lang='lat' dir='ltr'><strong>Fames]</strong></span> <span class='ocrx_word' id='word_1_201' title='bbox 543 1586 580 1618; x_wconf 82' lang='lat' dir='ltr'><strong>Is</strong></span> <span class='ocrx_word' id='word_1_202' title='bbox 595 1586 734 1619; x_wconf 76' lang='lat' dir='ltr'><strong>natione</strong></span> <span class='ocrx_word' id='word_1_203' title='bbox 750 1587 915 1627; x_wconf 87' lang='lat' dir='ltr'><strong>Rhodius,</strong></span> <span class='ocrx_word' id='word_1_204' title='bbox 928 1587 976 1618; x_wconf 88' lang='lat' dir='ltr'><strong>in-</strong></span> 
     </span>
     <span class='ocr_line' id='line_1_27' title="bbox 274 1635 978 1677; baseline 0.004 -11"><span class='ocrx_word' id='word_1_205' title='bbox 274 1636 398 1667; x_wconf 87' lang='lat' dir='ltr'><strong>stituto</strong></span> <span class='ocrx_word' id='word_1_206' title='bbox 432 1636 584 1677; x_wconf 84' lang='lat' dir='ltr'><strong>Stoicus,</strong></span> <span class='ocrx_word' id='word_1_207' title='bbox 613 1635 783 1677; x_wconf 73' lang='lat' dir='ltr'><strong>Scipionis</strong></span> <span class='ocrx_word' id='word_1_208' title='bbox 821 1636 978 1669; x_wconf 87' lang='lat' dir='ltr'><strong>Africani</strong></span> 
     </span>
     <span class='ocr_line' id='line_1_28' title="bbox 275 1685 977 1728; baseline 0.003 -12"><span class='ocrx_word' id='word_1_209' title='bbox 275 1694 315 1716; x_wconf 85' lang='lat' dir='ltr'><strong>ac</strong></span> <span class='ocrx_word' id='word_1_210' title='bbox 349 1685 446 1716; x_wconf 81' lang='lat' dir='ltr'><strong>Laelii</strong></span> <span class='ocrx_word' id='word_1_211' title='bbox 475 1690 672 1726; x_wconf 67' lang='lat' dir='ltr'><strong>praeceptor</strong></span> <span class='ocrx_word' id='word_1_212' title='bbox 703 1685 780 1718; x_wconf 83' lang='lat' dir='ltr'><strong>fuit.</strong></span> <span class='ocrx_word' id='word_1_213' title='bbox 831 1686 977 1728; x_wconf 86' lang='lat' dir='ltr'><strong>Scripsit</strong></span> 
     </span>
     <span class='ocr_line' id='line_1_29' title="bbox 274 1733 977 1778; baseline 0.004 -14"><span class='ocrx_word' id='word_1_214' title='bbox 274 1734 382 1765; x_wconf 86' lang='lat' dir='ltr'><strong>libros</strong></span> <span class='ocrx_word' id='word_1_215' title='bbox 407 1738 478 1765; x_wconf 83' lang='lat' dir='ltr'><strong>tres</strong></span> <span class='ocrx_word' id='word_1_216' title='bbox 500 1734 569 1775; x_wconf 71' lang='grc' dir='ltr'><strong>περὶ</strong></span> <span class='ocrx_word' id='word_1_217' title='bbox 590 1735 648 1766; x_wconf 78' lang='grc' dir='ltr'><strong>τοῦ</strong></span> <span class='ocrx_word' id='word_1_218' title='bbox 668 1733 877 1776; x_wconf 76' lang='grc' dir='ltr'><strong><em>Καθήκοντος,</em></strong></span> <span class='ocrx_word' id='word_1_219' title='bbox 894 1746 977 1778; x_wconf 86' lang='lat' dir='ltr'><strong>quos</strong></span> 
     </span>
     <span class='ocr_line' id='line_1_30' title="bbox 274 1783 977 1826; baseline 0.003 -12"><span class='ocrx_word' id='word_1_220' title='bbox 274 1783 408 1823; x_wconf 87' lang='lat' dir='ltr'><strong>laudat,</strong></span> <span class='ocrx_word' id='word_1_221' title='bbox 432 1784 600 1825; x_wconf 80' lang='lat' dir='ltr'><strong>citatque,</strong></span> <span class='ocrx_word' id='word_1_222' title='bbox 627 1788 730 1826; x_wconf 85' lang='lat' dir='ltr'><strong>atque</strong></span> <span class='ocrx_word' id='word_1_223' title='bbox 751 1789 805 1816; x_wconf 68' lang='lat' dir='ltr'><strong>est</strong></span> <span class='ocrx_word' id='word_1_224' title='bbox 823 1785 977 1817; x_wconf 87' lang='lat' dir='ltr'><strong>imitatus</strong></span> 
     </span>
     <span class='ocr_line' id='line_1_31' title="bbox 276 1833 978 1868; baseline 0.007 -5"><span class='ocrx_word' id='word_1_225' title='bbox 276 1833 400 1864; x_wconf 86' lang='lat' dir='ltr'><strong>Cicero</strong></span> <span class='ocrx_word' id='word_1_226' title='bbox 415 1834 485 1865; x_wconf 87' lang='lat' dir='ltr'><strong>suis</strong></span> <span class='ocrx_word' id='word_1_227' title='bbox 510 1835 570 1866; x_wconf 85' lang='lat' dir='ltr'><strong>lib.</strong></span> <span class='ocrx_word' id='word_1_228' title='bbox 590 1834 632 1866; x_wconf 87' lang='lat' dir='ltr'><strong>de</strong></span> <span class='ocrx_word' id='word_1_229' title='bbox 649 1834 792 1867; x_wconf 83' lang='lat' dir='ltr'><strong>Officiis.</strong></span> <span class='ocrx_word' id='word_1_230' title='bbox 839 1835 880 1867; x_wconf 89' lang='lat' dir='ltr'><strong>A.</strong></span> <span class='ocrx_word' id='word_1_231' title='bbox 895 1836 978 1868; x_wconf 82' lang='lat' dir='ltr'><strong>Get·</strong></span> 
     </span>
     <span class='ocr_line' id='line_1_32' title="bbox 274 1883 978 1928; baseline 0.006 -14"><span class='ocrx_word' id='word_1_232' title='bbox 274 1883 341 1914; x_wconf 83' lang='lat' dir='ltr'><strong>lius</strong></span> <span class='ocrx_word' id='word_1_233' title='bbox 378 1892 463 1915; x_wconf 81' lang='lat' dir='ltr'><strong>xut-</strong></span> <span class='ocrx_word' id='word_1_234' title='bbox 487 1886 541 1915; x_wconf 84' lang='grc'><strong>26.</strong></span> <span class='ocrx_word' id='word_1_235' title='bbox 572 1885 821 1926; x_wconf 82' lang='lat' dir='ltr'><strong>‘Legebatur‚&#39;</strong></span> <span class='ocrx_word' id='word_1_236' title='bbox 857 1887 978 1928; x_wconf 83' lang='lat' dir='ltr'><strong>inquit,</strong></span> 
     </span>
     <span class='ocr_line' id='line_1_33' title="bbox 275 1932 977 1974; baseline 0.007 -12"><span class='ocrx_word' id='word_1_237' title='bbox 275 1933 286 1950; x_wconf 88' lang='lat'>‘</span> <span class='ocrx_word' id='word_1_238' title='bbox 299 1932 448 1964; x_wconf 85' lang='lat' dir='ltr'><strong>Panaetii</strong></span> <span class='ocrx_word' id='word_1_239' title='bbox 470 1933 671 1974; x_wconf 80' lang='lat' dir='ltr'><strong>Philosophi</strong></span> <span class='ocrx_word' id='word_1_240' title='bbox 694 1935 782 1967; x_wconf 84' lang='lat' dir='ltr'><strong>liber</strong></span> <span class='ocrx_word' id='word_1_241' title='bbox 800 1935 842 1966; x_wconf 91' lang='lat' dir='ltr'><strong>de</strong></span> <span class='ocrx_word' id='word_1_242' title='bbox 857 1935 977 1967; x_wconf 87' lang='lat' dir='ltr'><strong>officiis</strong></span> 
     </span>
     <span class='ocr_line' id='line_1_34' title="bbox 276 1982 977 2024; baseline 0.006 -12"><span class='ocrx_word' id='word_1_243' title='bbox 276 1982 442 2013; x_wconf 86' lang='lat' dir='ltr'><strong>secundus</strong></span> <span class='ocrx_word' id='word_1_244' title='bbox 456 1992 498 2013; x_wconf 87' lang='lat' dir='ltr'><strong>ex</strong></span> <span class='ocrx_word' id='word_1_245' title='bbox 512 1983 621 2014; x_wconf 86' lang='lat' dir='ltr'><strong>tribus</strong></span> <span class='ocrx_word' id='word_1_246' title='bbox 634 1984 699 2014; x_wconf 84' lang='lat' dir='ltr'><strong>illis</strong></span> <span class='ocrx_word' id='word_1_247' title='bbox 715 1985 853 2024; x_wconf 84' lang='lat' dir='ltr'><strong>inclytis</strong></span> <span class='ocrx_word' id='word_1_248' title='bbox 869 1985 977 2024; x_wconf 86' lang='lat' dir='ltr'><strong>libris,</strong></span> 
     </span>
     <span class='ocr_line' id='line_1_35' title="bbox 277 2030 979 2072; baseline 0.006 -12"><span class='ocrx_word' id='word_1_249' title='bbox 277 2039 360 2071; x_wconf 76' lang='lat' dir='ltr'><strong>qttos</strong></span> <span class='ocrx_word' id='word_1_250' title='bbox 383 2030 434 2062; x_wconf 87' lang='lat' dir='ltr'><strong>M.</strong></span> <span class='ocrx_word' id='word_1_251' title='bbox 459 2031 588 2062; x_wconf 84' lang='lat' dir='ltr'><strong>Tullius</strong></span> <span class='ocrx_word' id='word_1_252' title='bbox 614 2041 738 2072; x_wconf 85' lang='lat' dir='ltr'><strong>magno</strong></span> <span class='ocrx_word' id='word_1_253' title='bbox 765 2043 841 2064; x_wconf 87' lang='lat' dir='ltr'><strong>cnm</strong></span> <span class='ocrx_word' id='word_1_254' title='bbox 866 2034 979 2064; x_wconf 85' lang='lat' dir='ltr'><strong>studio</strong></span> 
     </span>
     <span class='ocr_line' id='line_1_36' title="bbox 275 2080 977 2121; baseline 0.006 -11"><span class='ocrx_word' id='word_1_255' title='bbox 275 2080 489 2121; x_wconf 80' lang='lat' dir='ltr'><strong>maximoque</strong></span> <span class='ocrx_word' id='word_1_256' title='bbox 500 2089 605 2120; x_wconf 89' lang='lat' dir='ltr'><strong>opere</strong></span> <span class='ocrx_word' id='word_1_257' title='bbox 616 2082 794 2113; x_wconf 75' lang='lat' dir='ltr'><strong>aeunutatus</strong></span> <span class='ocrx_word' id='word_1_258' title='bbox 803 2083 879 2114; x_wconf 85' lang='lat' dir='ltr'><strong>est.’</strong></span> <span class='ocrx_word' id='word_1_259' title='bbox 894 2084 977 2114; x_wconf 89' lang='lat' dir='ltr'><strong>Tum</strong></span> 
     </span>
     <span class='ocr_line' id='line_1_37' title="bbox 276 2129 977 2172; baseline 0.003 -12"><span class='ocrx_word' id='word_1_260' title='bbox 276 2138 321 2160; x_wconf 88' lang='lat' dir='ltr'><strong>ex</strong></span> <span class='ocrx_word' id='word_1_261' title='bbox 347 2129 464 2161; x_wconf 86' lang='lat' dir='ltr'><strong>multis</strong></span> <span class='ocrx_word' id='word_1_262' title='bbox 494 2130 537 2160; x_wconf 90' lang='lat' dir='ltr'><strong>ab</strong></span> <span class='ocrx_word' id='word_1_263' title='bbox 567 2140 608 2161; x_wconf 86' lang='lat' dir='ltr'><strong>eo</strong></span> <span class='ocrx_word' id='word_1_264' title='bbox 638 2131 812 2171; x_wconf 83' lang='lat' dir='ltr'><strong>sapienter</strong></span> <span class='ocrx_word' id='word_1_265' title='bbox 836 2131 977 2172; x_wconf 81' lang='lat' dir='ltr'><strong>scriptis</strong></span> 
     </span>
     <span class='ocr_line' id='line_1_38' title="bbox 278 2178 979 2224; baseline 0 -14"><span class='ocrx_word' id='word_1_266' title='bbox 278 2178 409 2224; x_wconf 39' lang='lat' dir='ltr'><strong>et-‘ad</strong></span> <span class='ocrx_word' id='word_1_267' title='bbox 438 2179 561 2210; x_wconf 79' lang='lat' dir='ltr'><strong>bonam</strong></span> <span class='ocrx_word' id='word_1_268' title='bbox 589 2178 722 2220; x_wconf 82' lang='lat' dir='ltr'><strong>frugem</strong></span> <span class='ocrx_word' id='word_1_269' title='bbox 749 2179 979 2220; x_wconf 85' lang='lat' dir='ltr'><strong>ducentibus,’</strong></span> 
     </span>
     <span class='ocr_line' id='line_1_39' title="bbox 277 2228 978 2271; baseline 0.003 -11"><span class='ocrx_word' id='word_1_270' title='bbox 277 2238 351 2261; x_wconf 86' lang='lat' dir='ltr'><strong>eam</strong></span> <span class='ocrx_word' id='word_1_271' title='bbox 367 2228 468 2261; x_wconf 81' lang='lat' dir='ltr'><strong>affert</strong></span> <span class='ocrx_word' id='word_1_272' title='bbox 484 2230 556 2269; x_wconf 82' lang='lat' dir='ltr'><strong>ejus</strong></span> <span class='ocrx_word' id='word_1_273' title='bbox 572 2230 792 2269; x_wconf 77' lang='lat' dir='ltr'><strong>sententiam,</strong></span> <span class='ocrx_word' id='word_1_274' title='bbox 809 2240 874 2270; x_wconf 84' lang='lat' dir='ltr'><strong>qua</strong></span> <span class='ocrx_word' id='word_1_275' title='bbox 890 2239 978 2271; x_wconf 83' lang='lat' dir='ltr'><strong>prae·</strong></span> 
     </span>
     <span class='ocr_line' id='line_1_40' title="bbox 277 2279 978 2321; baseline 0.001 -11"><span class='ocrx_word' id='word_1_276' title='bbox 277 2279 377 2320; x_wconf 82' lang='lat' dir='ltr'><strong>cipit,</strong></span> <span class='ocrx_word' id='word_1_277' title='bbox 403 2280 561 2321; x_wconf 80' lang='lat' dir='ltr'><strong>exemplo</strong></span> <span class='ocrx_word' id='word_1_278' title='bbox 588 2280 903 2312; x_wconf 84' lang='lat' dir='ltr'><strong>Pancratiastarum</strong></span> <span class='ocrx_word' id='word_1_279' title='bbox 935 2279 978 2311; x_wconf 83' lang='lat' dir='ltr'><strong>ad</strong></span> 
     </span>
     <span class='ocr_line' id='line_1_41' title="bbox 277 2327 979 2368; baseline 0.001 -9"><span class='ocrx_word' id='word_1_280' title='bbox 277 2327 437 2360; x_wconf 84' lang='lat' dir='ltr'><strong>vitandos</strong></span> <span class='ocrx_word' id='word_1_281' title='bbox 453 2328 545 2360; x_wconf 87' lang='lat' dir='ltr'><strong>ictus</strong></span> <span class='ocrx_word' id='word_1_282' title='bbox 569 2329 602 2359; x_wconf 89' lang='lat' dir='ltr'><strong>in</strong></span> <span class='ocrx_word' id='word_1_283' title='bbox 618 2328 873 2368; x_wconf 78' lang='lat' dir='ltr'><strong>certaminibus,</strong></span> <span class='ocrx_word' id='word_1_284' title='bbox 887 2329 979 2360; x_wconf 88' lang='lat' dir='ltr'><strong>omni</strong></span> 
     </span>
     <span class='ocr_line' id='line_1_42' title="bbox 278 2378 979 2419; baseline 0.003 -10"><span class='ocrx_word' id='word_1_285' title='bbox 278 2387 315 2409; x_wconf 87' lang='lat' dir='ltr'><strong>se</strong></span> <span class='ocrx_word' id='word_1_286' title='bbox 345 2378 478 2410; x_wconf 86' lang='lat' dir='ltr'><strong>ratione</strong></span> <span class='ocrx_word' id='word_1_287' title='bbox 512 2379 823 2419; x_wconf 85' lang='lat' dir='ltr'><strong>praemunientium,</strong></span> <span class='ocrx_word' id='word_1_288' title='bbox 851 2379 979 2411; x_wconf 85' lang='lat' dir='ltr'><strong>debere</strong></span> 
     </span>
     <span class='ocr_line' id='line_1_43' title="bbox 278 2427 980 2468; baseline 0.004 -10"><span class='ocrx_word' id='word_1_289' title='bbox 278 2428 344 2459; x_wconf 84' lang='lat' dir='ltr'><strong>viri</strong></span> <span class='ocrx_word' id='word_1_290' title='bbox 362 2427 541 2468; x_wconf 87' lang='lat' dir='ltr'><strong>prudentis</strong></span> <span class='ocrx_word' id='word_1_291' title='bbox 566 2433 716 2460; x_wconf 87' lang='lat' dir='ltr'><strong>mentem</strong></span> <span class='ocrx_word' id='word_1_292' title='bbox 734 2429 907 2467; x_wconf 38' lang='lat' dir='ltr'><strong>,adversus</strong></span> <span class='ocrx_word' id='word_1_293' title='bbox 928 2430 980 2461; x_wconf 87' lang='lat' dir='ltr'><strong>in-</strong></span> 
     </span>
     <span class='ocr_line' id='line_1_44' title="bbox 273 2478 979 2519; baseline 0.003 -10"><span class='ocrx_word' id='word_1_294' title='bbox 273 2478 384 2519; x_wconf 82' lang='lat' dir='ltr'><strong>jurias</strong></span> <span class='ocrx_word' id='word_1_295' title='bbox 400 2488 536 2519; x_wconf 83' lang='lat' dir='ltr'><strong>semper</strong></span> <span class='ocrx_word' id='word_1_296' title='bbox 550 2487 623 2510; x_wconf 77' lang='lat' dir='ltr'><strong>esse</strong></span> <span class='ocrx_word' id='word_1_297' title='bbox 641 2483 807 2519; x_wconf 83' lang='lat' dir='ltr'><strong>paratam,</strong></span> <span class='ocrx_word' id='word_1_298' title='bbox 817 2484 979 2519; x_wconf 87' lang='lat' dir='ltr'><strong>erectam,</strong></span> 
     </span>
     <span class='ocr_line' id='line_1_45' title="bbox 278 2529 978 2571; baseline -0.001 -10"><span class='ocrx_word' id='word_1_299' title='bbox 278 2529 431 2568; x_wconf 76' lang='lat' dir='ltr'><strong>arduam,</strong></span> <span class='ocrx_word' id='word_1_300' title='bbox 442 2536 586 2570; x_wconf 82' lang='lat' dir='ltr'><strong>septam,</strong></span> <span class='ocrx_word' id='word_1_301' title='bbox 598 2529 753 2569; x_wconf 84' lang='lat' dir='ltr'><strong>solidam,</strong></span> <span class='ocrx_word' id='word_1_302' title='bbox 767 2530 978 2571; x_wconf 78' lang='lat' dir='ltr'><strong>expeditam.</strong></span> 
     </span>
    </p>

    <p class='ocr_par' dir='ltr' id='par_1_11' title="bbox 279 2578 979 2759">
     <span class='ocr_line' id='line_1_46' title="bbox 322 2578 978 2621; baseline 0.005 -12"><span class='ocrx_word' id='word_1_303' title='bbox 322 2578 515 2610; x_wconf 73' lang='lat' dir='ltr'><strong>Socraticam</strong></span> <span class='ocrx_word' id='word_1_304' title='bbox 531 2580 669 2621; x_wconf 83' lang='lat' dir='ltr'><strong>domum]</strong></span> <span class='ocrx_word' id='word_1_305' title='bbox 703 2581 885 2612; x_wconf 74' lang='lat' dir='ltr'><strong>Socraticae</strong></span> <span class='ocrx_word' id='word_1_306' title='bbox 909 2580 978 2611; x_wconf 83' lang='lat' dir='ltr'><strong>dis-</strong></span> 
     </span>
     <span class='ocr_line' id='line_1_47' title="bbox 279 2627 979 2671; baseline 0.006 -14"><span class='ocrx_word' id='word_1_307' title='bbox 279 2627 416 2667; x_wconf 83' lang='lat' dir='ltr'><strong>ciplinae</strong></span> <span class='ocrx_word' id='word_1_308' title='bbox 447 2627 687 2668; x_wconf 83' lang='lat' dir='ltr'><strong>antesignanos</strong></span> <span class='ocrx_word' id='word_1_309' title='bbox 708 2633 744 2660; x_wconf 87' lang='lat' dir='ltr'><strong>et</strong></span> <span class='ocrx_word' id='word_1_310' title='bbox 767 2630 979 2671; x_wconf 69' lang='lat' dir='ltr'><strong>corypha’os,</strong></span> 
     </span>
     <span class='ocr_line' id='line_1_48' title="bbox 279 2677 979 2721; baseline 0.006 -13"><span class='ocrx_word' id='word_1_311' title='bbox 279 2677 472 2716; x_wconf 84' lang='lat' dir='ltr'><strong>Platonem,</strong></span> <span class='ocrx_word' id='word_1_312' title='bbox 522 2678 797 2720; x_wconf 82' lang='lat' dir='ltr'><strong>Xenophontem,</strong></span> <span class='ocrx_word' id='word_1_313' title='bbox 844 2679 979 2721; x_wconf 86' lang='lat' dir='ltr'><strong>aliaque</strong></span> 
     </span>
     <span class='ocr_line' id='line_1_49' title="bbox 281 2726 629 2759; baseline -0.003 -1"><span class='ocrx_word' id='word_1_314' title='bbox 281 2726 475 2758; x_wconf 77' lang='lat' dir='ltr'><strong>Academiae</strong></span> <span class='ocrx_word' id='word_1_315' title='bbox 492 2726 629 2759; x_wconf 86' lang='lat' dir='ltr'><strong>lumina.</strong></span> 
     </span>
    </p>
   </div>
   <div class='ocr_carea' id='block_1_10' title="bbox 1027 1337 1734 1827">
    <p class='ocr_par' dir='ltr' id='par_1_12' title="bbox 1027 1337 1734 1827">
     <span class='ocr_line' id='line_1_50' title="bbox 1073 1337 1732 1380; baseline 0 -12"><span class='ocrx_word' id='word_1_316' title='bbox 1073 1341 1112 1369; x_wconf 89' lang='grc'><strong>15</strong></span> <span class='ocrx_word' id='word_1_317' title='bbox 1136 1338 1260 1370; x_wconf 82' lang='lat' dir='ltr'><strong>Loricis</strong></span> <span class='ocrx_word' id='word_1_318' title='bbox 1287 1338 1405 1380; x_wconf 83' lang='lat' dir='ltr'><strong>Iberis]</strong></span> <span class='ocrx_word' id='word_1_319' title='bbox 1437 1338 1503 1369; x_wconf 83' lang='lat' dir='ltr'><strong>Hae</strong></span> <span class='ocrx_word' id='word_1_320' title='bbox 1530 1337 1732 1369; x_wconf 79' lang='lat' dir='ltr'><strong>ferebantur</strong></span> 
     </span>
     <span class='ocr_line' id='line_1_51' title="bbox 1029 1387 1732 1428; baseline -0.001 -9"><span class='ocrx_word' id='word_1_321' title='bbox 1029 1388 1184 1428; x_wconf 77' lang='lat' dir='ltr'><strong>optimae,</strong></span> <span class='ocrx_word' id='word_1_322' title='bbox 1197 1388 1239 1419; x_wconf 93' lang='lat' dir='ltr'><strong>ob</strong></span> <span class='ocrx_word' id='word_1_323' title='bbox 1254 1389 1412 1419; x_wconf 78' lang='lat' dir='ltr'><strong>eximiam</strong></span> <span class='ocrx_word' id='word_1_324' title='bbox 1425 1387 1508 1418; x_wconf 82' lang='lat' dir='ltr'><strong>ferri</strong></span> <span class='ocrx_word' id='word_1_325' title='bbox 1521 1392 1732 1428; x_wconf 79' lang='lat' dir='ltr'><strong>temperatu-</strong></span> 
     </span>
     <span class='ocr_line' id='line_1_52' title="bbox 1029 1436 1731 1479; baseline -0.003 -10"><span class='ocrx_word' id='word_1_326' title='bbox 1029 1447 1114 1477; x_wconf 83' lang='lat' dir='ltr'><strong>ram,</strong></span> <span class='ocrx_word' id='word_1_327' title='bbox 1138 1437 1247 1479; x_wconf 87' lang='lat' dir='ltr'><strong>inquit</strong></span> <span class='ocrx_word' id='word_1_328' title='bbox 1262 1438 1421 1468; x_wconf 82' lang='lat' dir='ltr'><strong>Torrent.</strong></span> <span class='ocrx_word' id='word_1_329' title='bbox 1447 1441 1484 1468; x_wconf 87' lang='lat' dir='ltr'><strong>et</strong></span> <span class='ocrx_word' id='word_1_330' title='bbox 1502 1436 1635 1467; x_wconf 81' lang='lat' dir='ltr'><strong>Plinius</strong></span> <span class='ocrx_word' id='word_1_331' title='bbox 1651 1446 1731 1467; x_wconf 84' lang='lat' dir='ltr'><strong>auc-</strong></span> 
     </span>
     <span class='ocr_line' id='line_1_53' title="bbox 1030 1481 1729 1518; baseline -0.001 0"><span class='ocrx_word' id='word_1_332' title='bbox 1030 1491 1083 1518; x_wconf 89' lang='lat' dir='ltr'><strong>tor</strong></span> <span class='ocrx_word' id='word_1_333' title='bbox 1106 1491 1161 1518; x_wconf 84' lang='lat' dir='ltr'><strong>est</strong></span> <span class='ocrx_word' id='word_1_334' title='bbox 1184 1496 1318 1518; x_wconf 85' lang='lat' dir='ltr'><strong>xxxtv.</strong></span> <span class='ocrx_word' id='word_1_335' title='bbox 1347 1489 1397 1518; x_wconf 78' lang='lat'><strong>14.</strong></span> <span class='ocrx_word' id='word_1_336' title='bbox 1425 1481 1486 1517; x_wconf 84' lang='lat' dir='ltr'><strong>ubi&#39;</strong></span> <span class='ocrx_word' id='word_1_337' title='bbox 1513 1486 1561 1517; x_wconf 80' lang='lat' dir='ltr'><strong>ita</strong></span> <span class='ocrx_word' id='word_1_338' title='bbox 1587 1485 1729 1517; x_wconf 82' lang='lat' dir='ltr'><strong>scribit:</strong></span> 
     </span>
     <span class='ocr_line' id='line_1_54' title="bbox 1027 1534 1730 1577; baseline -0.003 -9"><span class='ocrx_word' id='word_1_339' title='bbox 1027 1537 1038 1554; x_wconf 89' lang='lat'>‘</span> <span class='ocrx_word' id='word_1_340' title='bbox 1052 1537 1150 1568; x_wconf 88' lang='lat' dir='ltr'><strong>Ferri</strong></span> <span class='ocrx_word' id='word_1_341' title='bbox 1166 1537 1305 1568; x_wconf 84' lang='lat' dir='ltr'><strong>metalla</strong></span> <span class='ocrx_word' id='word_1_342' title='bbox 1329 1536 1455 1577; x_wconf 86' lang='lat' dir='ltr'><strong>ubique</strong></span> <span class='ocrx_word' id='word_1_343' title='bbox 1483 1534 1730 1576; x_wconf 83' lang='lat' dir='ltr'><strong>propemodum</strong></span> 
     </span>
     <span class='ocr_line' id='line_1_55' title="bbox 1030 1583 1732 1627; baseline -0.001 -10"><span class='ocrx_word' id='word_1_344' title='bbox 1030 1587 1249 1627; x_wconf 89' lang='lat' dir='ltr'><strong>reperiuntur</strong></span> <span class='ocrx_word' id='word_1_345' title='bbox 1251 1607 1361 1618; x_wconf 89' lang='grc'><strong>......</strong></span> <span class='ocrx_word' id='word_1_346' title='bbox 1369 1584 1564 1616; x_wconf 84' lang='lat' dir='ltr'><strong>differentia</strong></span> <span class='ocrx_word' id='word_1_347' title='bbox 1576 1583 1658 1616; x_wconf 82' lang='lat' dir='ltr'><strong>ferri</strong></span> <span class='ocrx_word' id='word_1_348' title='bbox 1670 1594 1732 1616; x_wconf 86' lang='lat' dir='ltr'><strong>nu-</strong></span> 
     </span>
     <span class='ocr_line' id='line_1_56' title="bbox 1030 1634 1730 1668; baseline -0.001 -1"><span class='ocrx_word' id='word_1_349' title='bbox 1030 1645 1161 1667; x_wconf 86' lang='lat' dir='ltr'><strong>merosa</strong></span> <span class='ocrx_word' id='word_1_350' title='bbox 1165 1655 1266 1668; x_wconf 87' lang='grc'><strong>.....</strong></span> <span class='ocrx_word' id='word_1_351' title='bbox 1276 1635 1452 1666; x_wconf 82' lang='lat' dir='ltr'><strong>fornacum</strong></span> <span class='ocrx_word' id='word_1_352' title='bbox 1481 1634 1629 1665; x_wconf 85' lang='lat' dir='ltr'><strong>maxima</strong></span> <span class='ocrx_word' id='word_1_353' title='bbox 1631 1656 1730 1667; x_wconf 90' lang='grc'><strong>.....</strong></span> 
     </span>
     <span class='ocr_line' id='line_1_57' title="bbox 1033 1683 1732 1726; baseline -0.001 -9"><span class='ocrx_word' id='word_1_354' title='bbox 1033 1695 1165 1717; x_wconf 82' lang='lat' dir='ltr'><strong>summa</strong></span> <span class='ocrx_word' id='word_1_355' title='bbox 1175 1691 1287 1716; x_wconf 88' lang='lat' dir='ltr'><strong>autem</strong></span> <span class='ocrx_word' id='word_1_356' title='bbox 1302 1683 1337 1716; x_wconf 87' lang='lat' dir='ltr'><strong>in</strong></span> <span class='ocrx_word' id='word_1_357' title='bbox 1352 1693 1440 1726; x_wconf 86' lang='lat' dir='ltr'><strong>aqua</strong></span> <span class='ocrx_word' id='word_1_358' title='bbox 1455 1689 1522 1724; x_wconf 86' lang='lat' dir='ltr'><strong>est,</strong></span> <span class='ocrx_word' id='word_1_359' title='bbox 1538 1684 1592 1715; x_wconf 89' lang='lat' dir='ltr'><strong>cui</strong></span> <span class='ocrx_word' id='word_1_360' title='bbox 1616 1684 1732 1716; x_wconf 84' lang='lat' dir='ltr'><strong>subin·</strong></span> 
     </span>
     <span class='ocr_line' id='line_1_58' title="bbox 1036 1733 1732 1775; baseline -0.003 -8"><span class='ocrx_word' id='word_1_361' title='bbox 1036 1736 1079 1767; x_wconf 88' lang='lat' dir='ltr'><strong>de</strong></span> <span class='ocrx_word' id='word_1_362' title='bbox 1095 1735 1246 1767; x_wconf 85' lang='lat' dir='ltr'><strong>candens</strong></span> <span class='ocrx_word' id='word_1_363' title='bbox 1270 1734 1494 1775; x_wconf 84' lang='lat' dir='ltr'><strong>immergitur.</strong></span> <span class='ocrx_word' id='word_1_364' title='bbox 1540 1733 1629 1765; x_wconf 76' lang='lat' dir='ltr'><strong>Haec</strong></span> <span class='ocrx_word' id='word_1_365' title='bbox 1649 1733 1732 1766; x_wconf 81' lang='lat' dir='ltr'><strong>alibi</strong></span> 
     </span>
     <span class='ocr_line' id='line_1_59' title="bbox 1034 1783 1734 1827; baseline -0.003 -10"><span class='ocrx_word' id='word_1_366' title='bbox 1034 1790 1137 1827; x_wconf 82' lang='lat' dir='ltr'><strong>atque</strong></span> <span class='ocrx_word' id='word_1_367' title='bbox 1149 1785 1228 1816; x_wconf 86' lang='lat' dir='ltr'><strong>alibi</strong></span> <span class='ocrx_word' id='word_1_368' title='bbox 1243 1784 1358 1816; x_wconf 84' lang='lat' dir='ltr'><strong>utilior</strong></span> <span class='ocrx_word' id='word_1_369' title='bbox 1371 1783 1564 1815; x_wconf 75' lang='lat' dir='ltr'><strong>nobilitavit</strong></span> <span class='ocrx_word' id='word_1_370' title='bbox 1576 1784 1652 1814; x_wconf 87' lang='lat' dir='ltr'><strong>loco</strong></span> <span class='ocrx_word' id='word_1_371' title='bbox 1663 1783 1734 1823; x_wconf 74' lang='lat' dir='ltr'><strong>glo*-</strong></span> 
     </span>
    </p>
   </div>
   <div class='ocr_carea' id='block_1_11' title="bbox 1035 1831 1736 1875">
    <p class='ocr_par' dir='ltr' id='par_1_13' title="bbox 1035 1831 1736 1875">
     <span class='ocr_line' id='line_1_60' title="bbox 1035 1831 1736 1875; baseline -0.006 -7"><span class='ocrx_word' id='word_1_372' title='bbox 1035 1835 1086 1868; x_wconf 88' lang='lat' dir='ltr'><strong>ria</strong></span> <span class='ocrx_word' id='word_1_373' title='bbox 1101 1834 1199 1875; x_wconf 86' lang='lat' dir='ltr'><strong>ferri,</strong></span> <span class='ocrx_word' id='word_1_374' title='bbox 1214 1834 1312 1866; x_wconf 83' lang='lat' dir='ltr'><strong>sicuti</strong></span> <span class='ocrx_word' id='word_1_375' title='bbox 1329 1833 1472 1865; x_wconf 88' lang='lat' dir='ltr'><strong>Bilbilin</strong></span> <span class='ocrx_word' id='word_1_376' title='bbox 1488 1832 1523 1864; x_wconf 89' lang='lat' dir='ltr'><strong>in</strong></span> <span class='ocrx_word' id='word_1_377' title='bbox 1538 1831 1736 1874; x_wconf 59' lang='lat' dir='ltr'><strong>Hispani-J</strong></span> 
     </span>
    </p>
   </div>
   <div class='ocr_carea' id='block_1_12' title="bbox 1030 1883 1734 2767">
    <p class='ocr_par' dir='ltr' id='par_1_14' title="bbox 1031 1883 1734 2114">
     <span class='ocr_line' id='line_1_61' title="bbox 1031 1883 1733 1918; baseline -0.006 0"><span class='ocrx_word' id='word_1_378' title='bbox 1031 1888 1098 1918; x_wconf 84' lang='lat' dir='ltr'><strong>&amp;c.</strong></span> <span class='ocrx_word' id='word_1_379' title='bbox 1135 1885 1232 1917; x_wconf 86' lang='lat' dir='ltr'><strong>Idem</strong></span> <span class='ocrx_word' id='word_1_380' title='bbox 1248 1893 1315 1916; x_wconf 85' lang='lat' dir='ltr'><strong>vn.</strong></span> <span class='ocrx_word' id='word_1_381' title='bbox 1330 1886 1384 1915; x_wconf 85' lang='grc'><strong>56.</strong></span> <span class='ocrx_word' id='word_1_382' title='bbox 1398 1884 1447 1915; x_wconf 88' lang='lat' dir='ltr'><strong>ait</strong></span> <span class='ocrx_word' id='word_1_383' title='bbox 1462 1883 1599 1914; x_wconf 78' lang='lat' dir='ltr'><strong>loricam</strong></span> <span class='ocrx_word' id='word_1_384' title='bbox 1615 1883 1733 1914; x_wconf 78' lang='lat' dir='ltr'><strong>inven-</strong></span> 
     </span>
     <span class='ocr_line' id='line_1_62' title="bbox 1031 1933 1733 1967; baseline -0.004 -1"><span class='ocrx_word' id='word_1_385' title='bbox 1031 1941 1101 1967; x_wconf 87' lang='lat' dir='ltr'><strong>tam</strong></span> <span class='ocrx_word' id='word_1_386' title='bbox 1128 1945 1147 1966; x_wconf 89' lang='lat' dir='ltr'><strong>a</strong></span> <span class='ocrx_word' id='word_1_387' title='bbox 1170 1934 1282 1966; x_wconf 86' lang='lat' dir='ltr'><strong>Midia</strong></span> <span class='ocrx_word' id='word_1_388' title='bbox 1307 1933 1493 1966; x_wconf 81' lang='lat' dir='ltr'><strong>Messenio.</strong></span> <span class='ocrx_word' id='word_1_389' title='bbox 1535 1933 1647 1964; x_wconf 91' lang='lat' dir='ltr'><strong>Porro</strong></span> <span class='ocrx_word' id='word_1_390' title='bbox 1672 1942 1733 1964; x_wconf 86' lang='lat' dir='ltr'><strong>uo·</strong></span> 
     </span>
     <span class='ocr_line' id='line_1_63' title="bbox 1031 1982 1733 2025; baseline -0.001 -10"><span class='ocrx_word' id='word_1_391' title='bbox 1031 1995 1110 2016; x_wconf 88' lang='lat' dir='ltr'><strong>rnen</strong></span> <span class='ocrx_word' id='word_1_392' title='bbox 1125 1995 1143 2015; x_wconf 89' lang='lat' dir='ltr'><strong>a</strong></span> <span class='ocrx_word' id='word_1_393' title='bbox 1159 1986 1256 2023; x_wconf 89' lang='lat' dir='ltr'><strong>loris,</strong></span> <span class='ocrx_word' id='word_1_394' title='bbox 1271 1994 1291 2015; x_wconf 92' lang='lat' dir='ltr'><strong>e</strong></span> <span class='ocrx_word' id='word_1_395' title='bbox 1304 1984 1426 2025; x_wconf 81' lang='lat' dir='ltr'><strong>quibus</strong></span> <span class='ocrx_word' id='word_1_396' title='bbox 1438 1983 1582 2025; x_wconf 85' lang='lat' dir='ltr'><strong>primum</strong></span> <span class='ocrx_word' id='word_1_397' title='bbox 1595 1982 1733 2014; x_wconf 78' lang='lat' dir='ltr'><strong>confec-</strong></span> 
     </span>
     <span class='ocr_line' id='line_1_64' title="bbox 1033 2033 1734 2074; baseline 0 -10"><span class='ocrx_word' id='word_1_398' title='bbox 1033 2038 1081 2073; x_wconf 82' lang='lat' dir='ltr'><strong>ta,</strong></span> <span class='ocrx_word' id='word_1_399' title='bbox 1098 2033 1314 2074; x_wconf 86' lang='lat' dir='ltr'><strong>postmodum</strong></span> <span class='ocrx_word' id='word_1_400' title='bbox 1333 2034 1434 2074; x_wconf 84' lang='lat' dir='ltr'><strong>longe</strong></span> <span class='ocrx_word' id='word_1_401' title='bbox 1457 2034 1523 2065; x_wconf 84' lang='lat' dir='ltr'><strong>alia</strong></span> <span class='ocrx_word' id='word_1_402' title='bbox 1542 2038 1655 2065; x_wconf 81' lang='lat' dir='ltr'><strong>tamen</strong></span> <span class='ocrx_word' id='word_1_403' title='bbox 1681 2042 1734 2064; x_wconf 87' lang='lat' dir='ltr'><strong>re-</strong></span> 
     </span>
     <span class='ocr_line' id='line_1_65' title="bbox 1034 2083 1149 2114; baseline -0.009 0"><span class='ocrx_word' id='word_1_404' title='bbox 1034 2083 1149 2114; x_wconf 85' lang='lat' dir='ltr'><strong>tinuit.</strong></span> 
     </span>
    </p>

    <p class='ocr_par' dir='ltr' id='par_1_15' title="bbox 1030 2131 1733 2460">
     <span class='ocr_line' id='line_1_66' title="bbox 1075 2131 1732 2171; baseline 0 -8"><span class='ocrx_word' id='word_1_405' title='bbox 1075 2131 1192 2171; x_wconf 75' lang='lat' dir='ltr'><strong>Iberis]</strong></span> <span class='ocrx_word' id='word_1_406' title='bbox 1228 2131 1396 2171; x_wconf 78' lang='lat' dir='ltr'><strong>Hispania</strong></span> <span class='ocrx_word' id='word_1_407' title='bbox 1424 2139 1466 2161; x_wconf 86' lang='lat' dir='ltr'><strong>ex</strong></span> <span class='ocrx_word' id='word_1_408' title='bbox 1496 2131 1667 2162; x_wconf 84' lang='lat' dir='ltr'><strong>Strabone</strong></span> <span class='ocrx_word' id='word_1_409' title='bbox 1695 2136 1732 2163; x_wconf 89' lang='lat' dir='ltr'><strong>et</strong></span> 
     </span>
     <span class='ocr_line' id='line_1_67' title="bbox 1033 2180 1733 2222; baseline 0 -10"><span class='ocrx_word' id='word_1_410' title='bbox 1033 2182 1146 2213; x_wconf 87' lang='lat' dir='ltr'><strong>Plinio</strong></span> <span class='ocrx_word' id='word_1_411' title='bbox 1161 2181 1258 2212; x_wconf 85' lang='lat' dir='ltr'><strong>dicta</strong></span> <span class='ocrx_word' id='word_1_412' title='bbox 1274 2185 1326 2211; x_wconf 88' lang='lat' dir='ltr'><strong>est</strong></span> <span class='ocrx_word' id='word_1_413' title='bbox 1347 2180 1464 2211; x_wconf 84' lang='lat' dir='ltr'><strong>Iberia</strong></span> <span class='ocrx_word' id='word_1_414' title='bbox 1486 2181 1557 2212; x_wconf 83' lang='lat' dir='ltr'><strong>sive</strong></span> <span class='ocrx_word' id='word_1_415' title='bbox 1580 2180 1624 2211; x_wconf 79' lang='lat' dir='ltr'><strong>ab</strong></span> <span class='ocrx_word' id='word_1_416' title='bbox 1640 2190 1733 2222; x_wconf 77' lang='lat' dir='ltr'><strong>rege,</strong></span> 
     </span>
     <span class='ocr_line' id='line_1_68' title="bbox 1030 2229 1733 2264; baseline -0.004 0"><span class='ocrx_word' id='word_1_417' title='bbox 1030 2232 1103 2264; x_wconf 80' lang='lat' dir='ltr'><strong>sive</strong></span> <span class='ocrx_word' id='word_1_418' title='bbox 1127 2241 1146 2261; x_wconf 80' lang='lat' dir='ltr'><strong>a</strong></span> <span class='ocrx_word' id='word_1_419' title='bbox 1170 2229 1308 2261; x_wconf 87' lang='lat' dir='ltr'><strong>flumine</strong></span> <span class='ocrx_word' id='word_1_420' title='bbox 1325 2229 1435 2261; x_wconf 89' lang='lat' dir='ltr'><strong>Ibero.</strong></span> <span class='ocrx_word' id='word_1_421' title='bbox 1483 2229 1559 2260; x_wconf 88' lang='lat' dir='ltr'><strong>Hoc</strong></span> <span class='ocrx_word' id='word_1_422' title='bbox 1575 2229 1663 2261; x_wconf 86' lang='lat' dir='ltr'><strong>enim</strong></span> <span class='ocrx_word' id='word_1_423' title='bbox 1686 2229 1733 2261; x_wconf 67' lang='lat' dir='ltr'><strong>at*-</strong></span> 
     </span>
     <span class='ocr_line' id='line_1_69' title="bbox 1031 2279 1732 2321; baseline 0.001 -10"><span class='ocrx_word' id='word_1_424' title='bbox 1031 2280 1129 2312; x_wconf 86' lang='lat' dir='ltr'><strong>fatim</strong></span> <span class='ocrx_word' id='word_1_425' title='bbox 1157 2280 1287 2321; x_wconf 86' lang='lat' dir='ltr'><strong>rigatur</strong></span> <span class='ocrx_word' id='word_1_426' title='bbox 1311 2284 1414 2320; x_wconf 82' lang='lat' dir='ltr'><strong>atque</strong></span> <span class='ocrx_word' id='word_1_427' title='bbox 1439 2279 1608 2311; x_wconf 86' lang='lat' dir='ltr'><strong>scinditur</strong></span> <span class='ocrx_word' id='word_1_428' title='bbox 1637 2280 1732 2320; x_wconf 79' lang='lat' dir='ltr'><strong>regio</strong></span> 
     </span>
     <span class='ocr_line' id='line_1_70' title="bbox 1030 2329 1732 2362; baseline 0 -1"><span class='ocrx_word' id='word_1_429' title='bbox 1030 2329 1303 2362; x_wconf 82' lang='lat' dir='ltr'><strong>Tarraconensis.</strong></span> <span class='ocrx_word' id='word_1_430' title='bbox 1349 2329 1498 2360; x_wconf 85' lang='lat' dir='ltr'><strong>Scaturit</strong></span> <span class='ocrx_word' id='word_1_431' title='bbox 1522 2329 1556 2360; x_wconf 90' lang='lat' dir='ltr'><strong>in</strong></span> <span class='ocrx_word' id='word_1_432' title='bbox 1580 2329 1732 2361; x_wconf 82' lang='lat' dir='ltr'><strong>castella</strong></span> 
     </span>
     <span class='ocr_line' id='line_1_71' title="bbox 1034 2376 1730 2418; baseline 0 -8"><span class='ocrx_word' id='word_1_433' title='bbox 1034 2378 1155 2418; x_wconf 83' lang='lat' dir='ltr'><strong>veteri,</strong></span> <span class='ocrx_word' id='word_1_434' title='bbox 1183 2376 1398 2418; x_wconf 82' lang='lat' dir='ltr'><strong>perfusisque</strong></span> <span class='ocrx_word' id='word_1_435' title='bbox 1432 2377 1534 2408; x_wconf 86' lang='lat' dir='ltr'><strong>variis</strong></span> <span class='ocrx_word' id='word_1_436' title='bbox 1565 2378 1666 2409; x_wconf 88' lang='lat' dir='ltr'><strong>terris</strong></span> <span class='ocrx_word' id='word_1_437' title='bbox 1695 2378 1730 2410; x_wconf 89' lang='lat' dir='ltr'><strong>in</strong></span> 
     </span>
     <span class='ocr_line' id='line_1_72' title="bbox 1034 2427 1630 2460; baseline 0 0"><span class='ocrx_word' id='word_1_438' title='bbox 1034 2439 1125 2460; x_wconf 83' lang='lat' dir='ltr'><strong>mare</strong></span> <span class='ocrx_word' id='word_1_439' title='bbox 1143 2427 1431 2459; x_wconf 78' lang='lat' dir='ltr'><strong>Mediterraneum</strong></span> <span class='ocrx_word' id='word_1_440' title='bbox 1448 2427 1630 2460; x_wconf 87' lang='lat' dir='ltr'><strong>delabitur.</strong></span> 
     </span>
    </p>

    <p class='ocr_par' dir='ltr' id='par_1_16' title="bbox 1031 2477 1733 2710">
     <span class='ocr_line' id='line_1_73' title="bbox 1075 2477 1732 2518; baseline 0 -8"><span class='ocrx_word' id='word_1_441' title='bbox 1075 2481 1116 2510; x_wconf 86' lang='lat'><strong>16</strong></span> <span class='ocrx_word' id='word_1_442' title='bbox 1138 2477 1306 2509; x_wconf 79' lang='lat' dir='ltr'><strong>Pollicitus</strong></span> <span class='ocrx_word' id='word_1_443' title='bbox 1320 2477 1462 2518; x_wconf 75' lang='lat' dir='ltr'><strong>meliora]</strong></span> <span class='ocrx_word' id='word_1_444' title='bbox 1486 2478 1667 2509; x_wconf 87' lang='lat' dir='ltr'><strong>Meliorem</strong></span> <span class='ocrx_word' id='word_1_445' title='bbox 1679 2488 1732 2510; x_wconf 91' lang='lat' dir='ltr'><strong>sa-</strong></span> 
     </span>
     <span class='ocr_line' id='line_1_74' title="bbox 1033 2527 1733 2568; baseline 0 -9"><span class='ocrx_word' id='word_1_446' title='bbox 1033 2537 1076 2559; x_wconf 89' lang='lat' dir='ltr'><strong>ne</strong></span> <span class='ocrx_word' id='word_1_447' title='bbox 1091 2527 1134 2559; x_wconf 91' lang='lat' dir='ltr'><strong>de</strong></span> <span class='ocrx_word' id='word_1_448' title='bbox 1157 2532 1192 2559; x_wconf 89' lang='lat' dir='ltr'><strong>te</strong></span> <span class='ocrx_word' id='word_1_449' title='bbox 1215 2536 1311 2568; x_wconf 89' lang='lat' dir='ltr'><strong>spem</strong></span> <span class='ocrx_word' id='word_1_450' title='bbox 1336 2527 1581 2559; x_wconf 79' lang='lat' dir='ltr'><strong>concitaveras.</strong></span> <span class='ocrx_word' id='word_1_451' title='bbox 1627 2528 1733 2560; x_wconf 86' lang='lat' dir='ltr'><strong>Certe</strong></span> 
     </span>
     <span class='ocr_line' id='line_1_75' title="bbox 1031 2577 1733 2619; baseline 0 -9"><span class='ocrx_word' id='word_1_452' title='bbox 1031 2579 1164 2616; x_wconf 84' lang='lat' dir='ltr'><strong>militia,</strong></span> <span class='ocrx_word' id='word_1_453' title='bbox 1183 2587 1282 2619; x_wconf 87' lang='lat' dir='ltr'><strong>quam</strong></span> <span class='ocrx_word' id='word_1_454' title='bbox 1310 2577 1510 2618; x_wconf 85' lang='lat' dir='ltr'><strong>assumsisti,</strong></span> <span class='ocrx_word' id='word_1_455' title='bbox 1525 2578 1682 2610; x_wconf 86' lang='lat' dir='ltr'><strong>relictum</strong></span> <span class='ocrx_word' id='word_1_456' title='bbox 1710 2580 1733 2610; x_wconf 64' lang='grc' dir='ltr'><strong>ι’</strong></span> 
     </span>
     <span class='ocr_line' id='line_1_76' title="bbox 1032 2627 1730 2670; baseline -0.003 -10"><span class='ocrx_word' id='word_1_457' title='bbox 1032 2634 1066 2661; x_wconf 84' lang='lat' dir='ltr'><strong>te</strong></span> <span class='ocrx_word' id='word_1_458' title='bbox 1091 2628 1268 2670; x_wconf 74' lang='lat' dir='ltr'><strong>sapientiae</strong></span> <span class='ocrx_word' id='word_1_459' title='bbox 1297 2627 1444 2658; x_wconf 89' lang='lat' dir='ltr'><strong>studium</strong></span> <span class='ocrx_word' id='word_1_460' title='bbox 1474 2627 1581 2659; x_wconf 72' lang='lat' dir='ltr'><strong>nitilto</strong></span> <span class='ocrx_word' id='word_1_461' title='bbox 1609 2627 1730 2659; x_wconf 75' lang='lat' dir='ltr'><strong>metius</strong></span> 
     </span>
     <span class='ocr_line' id='line_1_77' title="bbox 1031 2684 1096 2710; baseline -0.031 0"><span class='ocrx_word' id='word_1_462' title='bbox 1031 2684 1096 2710; x_wconf 78' lang='lat' dir='ltr'><strong>est.</strong></span> 
     </span>
    </p>

    <p class='ocr_par' dir='ltr' id='par_1_17' title="bbox 1075 2725 1646 2767">
     <span class='ocr_line' id='line_1_78' title="bbox 1075 2725 1646 2767; baseline 0.002 -9"><span class='ocrx_word' id='word_1_463' title='bbox 1075 2725 1205 2767; x_wconf 68' lang='lat' dir='ltr'><strong>Tenetis]</strong></span> <span class='ocrx_word' id='word_1_464' title='bbox 1227 2725 1372 2760; x_wconf 83' lang='lat' dir='ltr'><strong>Quidam</strong></span> <span class='ocrx_word' id='word_1_465' title='bbox 1389 2726 1507 2767; x_wconf 74' lang='lat' dir='ltr'><strong>legunt</strong></span> <span class='ocrx_word' id='word_1_466' title='bbox 1523 2727 1646 2759; x_wconf 67' lang='lat' dir='ltr'><strong>imnis.</strong></span> 
     </span>
    </p>
   </div>
   <div class='ocr_carea' id='block_1_13' title="bbox 1848 3152 1911 3166">
    <p class='ocr_par' dir='ltr' id='par_1_18' title="bbox 1848 3152 1911 3166">
     <span class='ocr_line' id='line_1_79' title="bbox 1848 3152 1911 3166; baseline -0.032 -5"><span class='ocrx_word' id='word_1_467' title='bbox 1848 3152 1911 3166; x_wconf 66' lang='lat'><strong>.....</strong></span> 
     </span>
    </p>
   </div>
  </div>
 </body>
</html>
