1916 3190
637 250 905 281 οΑιιΜιΝυΜ
942 250 1038 281 mn.
1070 251 1102 280 1.
1130 241 1201 282 30.

1553 242 1637 284 201

760 407 890 450 ODE
921 407 1100 450 XXX.

739 518 806 547 AD
851 517 1110 547 VENERRM.

193 599 319 631 Omnia
334 599 426 631 bella
440 600 578 632 numina
591 611 612 633 e
627 601 765 633 sedibus
779 603 848 633 suis
861 607 994 639 evocat,
1010 606 1172 644 rogatque
1188 608 1226 634 ut
1250 613 1286 634 se
1303 603 1511 636 transferant
1527 606 1558 637 in
1576 617 1635 638 no·

235 661 313 684 vum
332 653 501 685 Lararimu
527 663 547 684 a
569 653 721 694 Glycera
745 664 805 685 sua
819 654 946 686 Veneri
967 654 1174 687 dedicatum.
1219 656 1281 687 Est
1305 663 1417 688 autem
1441 659 1533 699 qnasi
1554 660 1634 700 Epi-

234 707 383 745 guma
397 705 434 748 ip
448 705 711 737 Dedicationem
727 706 882 738 Veneris.
908 706 976 738 Vei.
991 705 1094 739 Scluat.

417 788 458 830 Ο
476 787 670 839 Vinum,
689 790 839 843 regina
858 789 990 833 Gnidi
1012 791 1258 847 Paphiqne‚

417 854 583 909 Sperne
603 856 807 898 dilectam
828 856 1024 911 Cypron,
1045 861 1092 899 et
1112 860 1310 901 vocantis

233 957 264 988 0
282 958 396 1000 Venus,
413 961 514 993 Cnidi
525 966 557 994 ee
573 963 679 1005 Paphi
692 938 829 1004 denda«,
842 968 999 997 contemne
1010 976 1115 998 mrem
1127 968 1275 1009 Cyprum.
1296 972 1326 1001 et
1341 970 1445 1009 nigra
1455 970 1487 1002 iu
1500 981 1630 1003 exorna-

785 1046 1029 1061 ”maeoeoo

231 1093 311 1125 ode
325 1094 460 1127 decima
474 1098 618 1137 septima
635 1098 728 1130 Libri
740 1101 855 1140 quarti
878 1100 912 1131 in
929 1101 992 1131 Ed.
1008 1102 1253 1136 Sanadoni.—l
1284 1106 1385 1137 Gnidi
1401 1117 1515 1139 omnes
1529 1109 1630 1141 codd.

188 1141 223 1165 et
237 1135 318 1168 edd.
333 1141 419 1168 vett.
442 1145 478 1170 et
492 1141 543 1170 sic
557 1140 651 1179 jani,
675 1141 813 1173 Mitscb.
830 1142 970 1181 Bipont.
987 1145 1108 1176 Comb.
1136 1153 1172 1176 et
1191 1147 1327 1178 wikef.
1372 1149 1488 1181 Graeci
1513 1155 1627 1182 tamen

187 1177 341 1209 scribunt
357 1178 476 1212 Κνίδος·
492 1181 582 1213 uude
595 1182 709 1214 Bentl.
721 1184 837 1215 Lamb.
853 1185 992 1217 wetzel.
1004 1186 1111 1217 Kidd.
1125 1187 1182 1218 alii
1195 1189 1302 1220 Cnidi.
1331 1191 1420 1221 Vide
1436 1191 1628 1224 Broukhns.

186 1223 224 1249 et
238 1219 357 1252 Burm.
372 1222 414 1252 ad
431 1223 592 1263 Propert.
607 1232 633 1255 ι.
649 1227 680 1256 3.
694 1227 726 1257 2.
748 1226 872 1265 Haym.
886 1227 987 1259 Thes.
1005 1228 1094 1260 Brit.
1111 1230 1178 1261 vol.
1192 1239 1235 1261 ιι.
1251 1241 1284 1271 p.
1294 1234 1369 1263 ur.
1386 1233 1491 1266 Wild.
1502 1235 1628 1267 Select.

185 1260 291 1294 Num.
305 1261 391 1294 Tab.
409 1272 457 1295 vr.
473 1264 519 1296 N.
531 1267 584 1296 ³8.
599 1266 689 1298 Mus.
705 1267 887 1300 Pembrok.
903 1268 947 1300 Ρ.
963 1277 1005 1300 ιι.
1020 1270 1106 1303 Tab.
1123 1273 1173 1303 14.
1191 1272 1235 1304 N.
1249 1275 1280 1304 9.
1298 1274 1477 1307 Drakenb.
1494 1278 1536 1307 ad
1551 1277 1626 1308 Liv.

827 1331 968 1373 NOTAE

225 1397 377 1430 Mettum
391 1399 480 1432 idem
496 1401 585 1443 quod
599 1412 704 1444 supra
719 1403 798 1436 Ode
814 1414 857 1437 ιι.

225 1450 243 1479 1
267 1447 299 1479 0
318 1447 437 1494 Venas]
458 1449 617 1492 Glycera
629 1462 666 1484 se
681 1463 796 1486 amore
807 1460 877 1486 tor·

180 1498 249 1540 reri
260 1495 549 1542 scribebssaupra
558 1501 627 1533 od.
639 1511 720 1535 xix.
735 1503 876 1546 ejusque

181 1548 328 1580 animm
357 1549 513 1582 reddere·
527 1551 695 1584 mitiorem
725 1559 876 1587 mactata

179 1595 289 1628 hostia
306 1599 496 1638 satagebat.
534 1599 613 1633 Jam
628 1602 699 1633 voti
716 1612 792 1634 reus
808 1604 875 1635 Ve-

179 1645 252 1677 neri
272 1644 371 1685 μέλοι
390 1647 555 1687 δειβόμιων
580 1651 673 1682 canit
687 1651 722 1682 in
738 1652 874 1684 dedica-

178 1694 273 1727 tione
300 1696 456 1729 oedicnlae
483 1708 581 1739 qnam
603 1700 638 1731 in
665 1710 726 1732 sno
753 1702 875 1732 larario

177 1743 326 1785 Glycera
340 1746 373 1777 ei
387 1754 618 1780 consecrarat.
662 1750 779 1781 Simile
800 1760 874 1781 car·

176 1800 255 1824 men
280 1798 317 1825 et
338 1795 556 1836 Epigramma
570 1797 692 1830 scribit
714 1799 800 1831 Paci
817 1801 873 1832 Ti-

177 1840 289 1873 bullns
309 1851 335 1874 ι.
353 1846 406 1874 10.

220 1889 347 1929 Regina
376 1892 477 1924 Gaias·
505 1894 684 1936 Papkique]
722 1897 872 1939 AEscliyli

175 1939 415 1972 circumfertur
439 1942 495 1973 hic
521 1946 708 1977 versiculus
733 1947 777 1979 de
803 1948 873 1980 Ve-

174 1999 280 2020 nere:
315 1989 441 2031 xus-»pov
465 1990 577 2032 Πάφον
610 1994 640 2024 τ’
667 1993 788 2034 ἔχοντα
814 1997 873 2028 τὸν

174 2037 279 2070 πάντα
290 2039 417 2080 κλῆρον.
458 2041 600 2074 Scilicet
622 2043 658 2075 iu
682 2045 757 2076 istis
779 2042 872 2078 urbi·

174 2088 238 2121 bns
253 2093 400 2122 sanctius
414 2090 472 2122 illa
485 2092 673 2128 colebatur,
684 2103 728 2126 ex
742 2095 870 2128 Pausa·

174 2138 232 2169 nia
247 2139 283 2169 iu
297 2137 437 2170 Atticis.
478 2139 590 2172 Strab.
606 2142 697 2175 Plin.
718 2145 784 2176 &c-

217 2187 334 2228 Gaui]
362 2189 495 2221 Gnidns
525 2190 602 2221 urbs
629 2191 740 2224 Carini
768 2198 868 2234 portu

171 2235 302 2276 duplici
323 2238 476 2279 insignis,
499 2240 606 2281 magis
629 2247 743 2274 antem
770 2249 867 2275 nata-

169 2285 260 2318 libus
292 2288 427 2320 Eudoxi
449 2289 685 2323 Mathematici
710 2292 865 2325 Platonis

171 2336 417 2378 condiscipuli;
446 2337 682 2379 Agatharsidis
709 2347 865 2384 tempore

169 2386 348 2418 Strabonis
371 2388 563 2428 Historici3
597 2389 716 2431 (quem
750 2396 864 2423 tamen

169 2436 315 2468 Samium
329 2438 532 2470 Plutarchus
541 2439 664 2481 facin)
677 2441 865 2482 Theopom-

169 2486 207 2526 pi
219 2486 292 2519 Jnl.
306 2488 431 2519 Cesari
444 2486 634 2529 familiaris,
645 2496 749 2532 atque
760 2491 863 2522 Arte-

168 2535 291 2568 midori
312 2538 383 2577 ejus
407 2536 488 2577 filii;
514 2538 639 2570 Ctesiae
663 2548 774 2570 rerum
801 2540 864 2581 Sy-

168 2583 334 2616 riacarnm
362 2590 400 2617 et
427 2586 643 2618 Persicarum
670 2589 864 2629 scriptoris,

170 2644 215 2665 ex
229 2634 397 2668 Strabone
418 2637 478 2670 lib.
494 2646 570 2669 xiv.
584 2643 622 2670 at
635 2639 781 2670 maxime
795 2640 864 2671 Ve-

169 2684 260 2715 neria
283 2691 418 2724 statua3
445 2688 533 2728 qnod
564 2689 749 2721 Praxitelis
776 2700 861 2731 opus

170 2739 238 2765 tam
262 2734 456 2767 admirabile
479 2737 617 2770 videndi
639 2748 741 2771 cansa
762 2740 861 2772 multi

929 1405 1079 1438 Gnidum
1092 1407 1306 1449 navigarunt.
1328 1409 1461 1442 Auctor
1471 1416 1524 1443 est
1538 1412 1627 1444 Plin.

930 1463 1065 1488 xxxvi.
1079 1461 1112 1488 5.
1128 1458 1185 1488 ubi
1202 1463 1238 1490 et
1254 1458 1372 1491 addit:
1395 1465 1405 1479 ⁸
1419 1460 1539 1493 Voluit
1549 1470 1626 1493 eam

929 1514 950 1536 a
979 1505 1116 1538 Gnidiis
1144 1509 1287 1539 mercari
1312 1517 1375 1540 rex
1405 1509 1626 1547 Nicomedes,

930 1559 1038 1586 totum
1054 1565 1102 1587 aes
1117 1557 1266 1588 civitatis
1277 1558 1423 1590 alienum
1438 1558 1627 1591 dissolvere

928 1606 1142 1644 promittens.
1185 1606 1243 1638 Illi
1261 1608 1476 1688 munia
1491 1610 1626 1649 perpeti

929 1654 1089 1694 maluere,
1113 1664 1178 1687 nec
1209 1656 1288 1688 imm
1443 1656 1508 1688 1110
1534 1658 1624 1689 enim

927 1702 1024 1742 siguo
1039 1702 1230 1735 Praxiteles
1244 1704 1440 1742 nobilitarat
1461 1705 1624 1738 Gnidum.

927 1749 1085 1781 AEdicnla
1106 1752 1180 1791 ejus
1203 1757 1276 1783 tota
1302 1754 1469 1793 aperitur,
1490 1760 1529 1785 nt
1543 1764 1623 1786 con·

928 1798 1015 1837 apici
1031 1800 1140 1839 possit
1155 1800 1302 1842 undique
1317 1800 1447 1842 effigies
1461 1803 1560 1843 Deae,
1572 1802 1623 1836 fa·

929 1853 1031 1879 vente
1054 1849 1143 1890 ipsa.
1159 1855 1198 1882 ut
1212 1850 1376 1892 creditur,
1396 1851 1503 1885 facto.
1547 1854 1622 1886 Nec

925 1896 1036 1928 minor
1046 1907 1090 1929 ex
1099 1908 1314 1942 quacumque
1330 1907 1429 1943 parte
1444 1903 1623 1937 admiratio

924 1945 1004 1978 est-³

965 1997 1087 2039 Paphi]
1107 1999 1248 2040 Paphus
1262 2001 1342 2032 urbs
1357 2006 1412 2034 est
1423 2003 1528 2045 Cypri
1543 2015 1621 2046 por·

923 2050 996 2078 tum
1013 2046 1152 2084 liabens,
1168 2054 1206 2080 et
1218 2051 1346 2092 templa
1359 2053 1496 2093 egregie
1509 2058 1619 2087 struc-

924 2098 970 2126 ta.
1013 2096 1150 2130 Strabo.
1203 2097 1335 2130 Plinius
1359 2105 1472 2133 autem
1501 2111 1543 2135 11.
1565 2106 1620 2136 96.

923 2143 972 2174 ita
999 2146 1141 2177 scribit:
1176 2152 1186 2166 ‘
1200 2147 1348 2180 Celebre
1374 2149 1491 2183 fanum
1512 2153 1619 2186 habet

919 2194 1064 2227 Veneris
1092 2196 1241 2238 Paphos,
1266 2199 1300 2229 in
1324 2200 1423 2241 cnjus
1448 2203 1618 2243 quandam

918 2253 1009 2276 aram
1026 2245 1088 2287 (al.
1100 2246 1223 2288 mean)
1236 2258 1302 2279 non
1316 2249 1472 2290 impluit.’
1502 2253 1616 2284 Tacit.

921 2293 1012 2326 nist.
1025 2304 1066 2326 ιι.
1082 2298 1115 2327 2.
1138 2296 1229 2328 idem
1261 2297 1386 2330 refert:
1411 2304 1421 2317 ¹
1436 2301 1616 2341 Vespasia-

918 2352 999 2374 num
1015 2345 1140 2385 cupido
1152 2346 1294 2378 incessit
1306 2348 1453 2378 adeundi
1469 2350 1617 2383 visendi-

919 2403 984 2434 que
1003 2395 1166 2435 templnm
1183 2396 1327 2427 Veneris
1343 2397 1485 2438 Paphiae
1507 2400 1615 2442 incly-

918 2449 989 2473 tum
1014 2453 1077 2483 per
1097 2444 1274 2484 indigenas
1289 2445 1504 2487 advenasque
1517 2469 1614 2481 .....

918 2492 1106 2523 certissima
1120 2492 1205 2524 fides
1220 2494 1391 2526 haedorum
1407 2496 1511 2528 fibris.
1531 2500 1615 2532 San-

917 2541 1052 2581 guinem
1069 2551 1136 2572 arae
1152 2541 1326 2575 offundere
1350 2546 1514 2579 vetitum:
1537 2558 1614 2589 pre-

917 2590 1011 2621 cibus
1027 2596 1063 2621 et
1080 2592 1158 2630 igne
1174 2601 1259 2632 puro
1275 2594 1397 2626 altaria
1411 2596 1611 2641 adolentur-5

915 2649 980 2671 nec
995 2640 1072 2671 ullis
1086 2641 1248 2674 imbribus
1260 2653 1449 2687 quanquam
1463 2648 1499 2680 iu
1514 2660 1611 2691 aper·

918 2695 953 2720 to
966 2689 1186 2722 madescunt:
1381 2697 1388 2700 '

957 2741 978 2771 2
1000 2738 1117 2778 Sperne
1140 2741 1285 2775 dilectem
1314 2744 1454 2787 Cypron]
1484 2748 1611 2790 Cypro,
