1916 3190
753 224 796 262 Q.
826 223 1037 254 HoRA'rn
1071 213 1245 254 [macor

446 317 619 359 Laudat
637 329 743 362 rura,
756 317 849 358 suit
881 329 989 358 mox
1010 316 1155 357 reficit
1172 321 1290 358 rates

445 384 659 436 Quassus,
679 383 884 425 indocilis
905 383 1161 437 pauperiem
1181 383 1288 437 pati.

443 452 526 493 Est
545 452 620 506 qui
640 464 721 492 nec
740 451 899 492 veteris
921 450 1087 504 pocula
1106 450 1310 500 Massici,

444 518 545 560 Nec
565 526 731 572 partem
749 517 892 559 solido
910 517 1084 559 demere
1103 517 1157 558 de
1177 517 1249 558 die

1666 518 1722 560 20

445 586 634 640 Spernit,
655 598 771 626 nunc
793 584 924 626 viridi
944 586 1141 626 membra
1161 586 1244 626 sub
1264 585 1420 627 arbuto

443 652 629 703 Stratus,
648 665 764 693 nunc
786 652 842 693 ad
864 664 994 706 aquae
1013 652 1112 693 lene
1134 656 1272 706 caput
1292 663 1448 693 sacrae.

445 719 616 761 Multos
637 722 785 760 castra
796 719 972 773 juvant,
992 723 1036 761 et
1054 719 1165 760 lituo
1185 720 1301 761 tubae

445 786 693 827 Permistus
714 787 902 837 sonitus,
922 786 1130 839 bellaque
1149 787 1361 828 matribus

445 853 691 895 Detestata.

753 853 905 894 Manet
924 853 1006 893 snb
1026 852 1143 894 Jove
1161 852 1320 905 frigido

1666 852 1724 893 25

444 919 657 969 Venator,
678 924 840 961 teneroe
862 920 1065 975 conjugis
1085 920 1339 971 immemor;

448 985 537 1026 Seu
559 986 656 1027 visa
677 991 747 1027 est
766 987 929 1027 catulis
949 999 1082 1027 cerva
1102 985 1323 1035 fidelibus,

276 1107 349 1143 tem,
360 1107 391 1135 et
401 1113 496 1143 agros
507 1103 557 1135 sui
563 1104 659 1145 pagi,-
673 1104 839 1144 paulopost
850 1106 953 1134 tamen
963 1102 1095 1134 resarcit
1105 1111 1199 1134 naves
1208 1103 1338 1143 lacerae,
1347 1103 1540 1144 paupertatis
1550 1102 1724 1144 impatiens.

276 1146 336 1176 Est
351 1147 433 1177 alius
448 1146 501 1186 qui
518 1157 578 1177 non
600 1147 770 1177 contemnit
792 1145 918 1186 cyathos
938 1145 1006 1176 vini
1030 1144 1162 1176 Massici
1182 1146 1309 1185 veteris,
1322 1155 1380 1186 neq
1382 1155 1419 1177 ue
1431 1146 1594 1177 detrahere
1607 1145 1725 1195 aliq-not

275 1188 368 1219 horas
382 1198 422 1220 ex
436 1189 486 1219 die
500 1189 636 1227 integro,
651 1190 739 1219 modo
753 1189 895 1227 jacentes
909 1187 1023 1218 habens
1035 1191 1124 1218 arms
1138 1187 1193 1218 sub
1207 1188 1317 1219 arbuto
1331 1187 1459 1226 virenti,
1471 1189 1558 1219 modo
1572 1189 1613 1219 ad
1626 1187 1724 1226 origi·

275 1239 345 1261 nem
358 1230 619 1270 placidamsontis
632 1230 759 1261 sacrati.
777 1230 904 1261 Militia
915 1230 1014 1270 placet
1026 1229 1145 1268 multis,
1155 1239 1268 1270 sonusq
1269 1240 1306 1261 ue
1317 1230 1450 1261 buccine
1461 1240 1498 1261 ac
1508 1230 1582 1261 litui
1596 1229 1726 1269 mixtus,

275 1275 306 1303 et
321 1271 400 1304 bella
413 1273 563 1304 matribus
576 1274 758 1303 execranda.
809 1272 946 1303 Venator
957 1271 1070 1302 oblitus
1081 1272 1223 1303 delicatae
1235 1272 1342 1303 uxoris
1358 1275 1497 1303 moratur
1510 1272 1566 1303 sub
1582 1281 1656 1303 aere
1659 1272 1726 1310 fn

274 1315 376 1354 genti,
389 1315 454 1346 sive
475 1325 565 1347 canes
577 1315 643 1357 fidi
662 1317 886 1355 conspexerunt
898 1323 1031 1354 cervam,
1046 1314 1111 1345 sice
1123 1324 1232 1354 aper
1220 1315 1348 1346 Marsus
1359 1313 1467 1354 fregit
1482 1314 1564 1346 retia
1579 1314 1725 1346 rotunda.

879 1397 918 1410 00

277 1466 347 1495 tuta
360 1463 422 1503 sui,
437 1463 607 1504 probante
627 1463 814 1504 Gronovio,
835 1462 1050 1512 improbante
1065 1463 1208 1494 wetzel.
1253 1462 1347 1494 Hinc
1369 1462 1548 1494 Bentleius
1571 1461 1605 1492 iu
1625 1460 1724 1498 Curis

279 1506 502 1543 Novissimis:
526 1507 592 1538 otia
606 1510 637 1538 et
651 1506 756 1548 oppidi
771 1507 811 1538 L.
827 1509 897 1537 tuta
911 1506 969 1537 sui.
991 1505 1082 1536 Edd.
1095 1510 1181 1537 vett.
1196 1505 1304 1536 rateis.
1306 1508 1391 1537 -24
1405 1505 1415 1523 ‘
1429 1504 1612 1536 Permixtas
1623 1503 1726 1536 codd.

277 1548 490 1590 Bersmanui,
505 1549 565 1581 sed
581 1554 797 1590 repugnante
809 1548 1054 1580 consuetudine
1067 1547 1224 1610 Horatii!
1235 1548 1332 1580 Zeun.
1335 1550 1417 1579 —25
1434 1547 1628 1579 Detestanda
1642 1546 1727 1610 legit

933 1634 1074 1666 NOTAE

322 1699 361 1729 17
384 1696 509 1729 Laudat
536 1697 628 1738 rura]
667 1698 842 1730 Mercator
874 1698 977 1729 rusti-

277 1756 351 1779 cam
369 1747 486 1779 laudat
507 1747 626 1787 vitam,
649 1748 727 1779 dum
744 1747 871 1788 ingruit
894 1751 978 1778 tern-

277 1802 415 1838 pestas;
442 1802 478 1829 at
493 1802 670 1830 trausacto
693 1799 859 1838 periculo,
877 1806 979 1838 nego-

277 1848 453 1878 tiationem
473 1848 606 1888 cogitat
621 1848 737 1880 statim
757 1852 795 1880 ut
810 1847 913 1889 prius,
927 1847 976 1879 lu-

278 1905 337 1927 cro
352 1896 495 1926 inhiansa

322 1947 363 1976 19
383 1945 532 1985 Massici]
542 1945 583 1976 In
591 1946 739 1977 Massico
752 1951 868 1978 monte
881 1948 976 1978 Cam-

278 1993 389 2035 paniae
427 1994 605 2026 crescebat
647 1995 812 2035 optimum
828 1990 832 1993 ’
851 1996 975 2027 vinum.

278 2043 503 2084 Nominisque
515 2048 552 2075 et
566 2053 705 2074 uvarum
722 2044 882 2076 nobilitas
897 2054 973 2085 per-

279 2093 382 2124 durat
408 2092 605 2125 etiamnum.
647 2094 758 2125 Valde
790 2098 975 2130 austerum,

278 2147 316 2174 et
324 2143 496 2174 stomacho
507 2142 610 2175 robur
621 2143 703 2175 dare
713 2143 840 2176 dicitur
851 2143 974 2176 Athen.

280 2202 306 2224 ι.
320 2195 378 2227 21.

322 2245 366 2274 20
388 2243 519 2274 Partem
532 2243 628 2275 solido
642 2245 760 2276 demere
774 2245 813 2275 de
826 2243 892 2284 die]
918 2243 973 2275 Ad

277 2293 379 2333 genio
409 2292 664 2334 indulgendum,
688 2293 890 2325 intermissis
920 2303 975 2325 ne-

279 2342 380 2383 gotiis
396 2352 437 2374 ac
452 2343 548 2374 seriis
562 2343 855 2384 occupationibus.

322 2395 363 2424 21
386 2392 525 2433 Arbuto]
547 2393 696 2433 Gallice,
707 2393 868 2425 arboisier.

322 2446 365 2476 22
386 2443 509 2484 Sacroe]
539 2444 685 2484 Singulis
711 2443 862 2476 fontibus
889 2453 975 2485 prae·

279 2503 356 2525 esse
387 2494 561 2535 Nymphas
587 2499 624 2526 et
648 2493 802 2535 quaedam
826 2494 976 2526 Numina

280 2543 447 2575 creditum
463 2543 607 2584 pridem.
642 2543 734 2575 Hinc
748 2543 815 2575 illis
829 2543 976 2576 victima

282 2598 320 2623 et
331 2592 492 2624 libamina
505 2593 626 2625 florum
638 2603 678 2625 ac
690 2592 768 2625 vini.
811 2593 900 2626 Vide
915 2602 974 2626 ιιι.

284 2641 354 2673 Od.
371 2644 423 2673 13.

325 2694 366 2722 23
389 2691 486 2722 Lituo
507 2692 603 2733 tuboe]
638 2693 757 2725 Litnus
771 2693 881 2725 minor
893 2693 976 2725 tuba

283 2745 337 2773 est
351 2746 387 2772 et
402 2742 571 2778 incurvus,
593 2743 726 2784 insigne
741 2753 917 2785 augurum,
932 2753 974 2775 cx

1025 1697 1114 1729 Geli.
1134 1705 1167 1728 v.
1193 1699 1225 1728 8.
1250 1696 1346 1728 Tuba
1361 1696 1508 1736 directa,
1530 1694 1580 1727 sic
1600 1704 1620 1727 a
1640 1694 1725 1727 tubo

1026 1757 1125 1789 quem
1156 1747 1264 1779 refert
1294 1747 1483 1788 appellata,
1520 1745 1614 1786 gravi
1643 1754 1726 1776 sono

1026 1796 1160 1838 pedites
1174 1796 1364 1836 excitabat,
1380 1795 1483 1827 lituus
1494 1799 1608 1826 autem
1625 1798 1726 1826 acuto

1028 1846 1188 1887 clangore
1204 1846 1350 1888 equites.
1394 1844 1500 1876 Ovid.
1522 1844 1610 1876 Met.
1623 1852 1650 1875 1.
1670 1846 1726 1876 98.

1031 1896 1041 1913 ‘
1053 1897 1131 1928 Non
1161 1895 1244 1928 tuba
1270 1895 1405 1936 directi,
1426 1904 1494 1926 non
1511 1894 1589 1927 {eris
1602 1902 1728 1926 cornua

1027 1944 1135 1977 flexi.’

1072 1996 1115 2025 24
1138 1995 1287 2035 Bellaque
1297 1995 1447 2027 matribus
1458 1993 1640 2033 Detestata]
1657 1995 1728 2029 Per

1031 2053 1107 2084 quae
1123 2052 1244 2084 nempe
1260 2044 1425 2075 orbantur
1438 2045 1519 2075 viris
1535 2054 1576 2076 ac
1589 2044 1682 2076 filiis.

1071 2096 1112 2124 25
1136 2093 1249 2124 Manet
1262 2093 1319 2125 sub
1341 2093 1553 2132 Jovesrigido
1573 2093 1727 2135 Venator]

1030 2142 1102 2175 Cic.
1122 2143 1221 2175 Tusc.
1245 2152 1286 2175 11.
1309 2152 1342 2175 n.
1358 2145 1412 2175 4⁰.
1438 2142 1726 2180 ‘Consuetudinis

1028 2202 1151 2233 magna
1171 2193 1218 2223 vis
1243 2197 1308 2225 est.
1352 2193 1565 2225 Pei-nectant
1587 2197 1728 2225 venato-

1029 2251 1083 2273 res
1098 2242 1132 2273 in
1150 2243 1249 2274 nive:
1274 2242 1308 2274 in
1328 2242 1500 2275 montibus
1517 2243 1568 2275 nri
1584 2252 1620 2274 se
1637 2243 1725 2284 pati-

1028 2291 1155 2323 untur.’

1071 2340 1136 2372 Sub
1150 2341 1245 2382 Jove]
1258 2342 1380 2374 Jovem
1394 2351 1456 2384 pro
1471 2341 1551 2374 ae're
1567 2342 1725 2383 usurpari

1027 2392 1130 2423 docet
1155 2392 1364 2424 Macrobius.
1408 2393 1518 2424 Varro
1533 2402 1576 2424 ex
1592 2392 1724 2424 Ennio:

1028 2442 1136 2474 ‘Istic
1161 2446 1216 2473 est
1243 2443 1271 2474 is
1300 2443 1453 2485 Jupiter,
1479 2453 1580 2486 quem
1607 2444 1725 2476 Graeci

1028 2497 1151 2523 vocant
1168 2491 1260 2532 aera,
1276 2493 1334 2534 qui
1350 2497 1471 2526 ventus
1487 2498 1541 2525 est
1555 2498 1591 2525 et
1606 2491 1725 2534 nubes,

1027 2541 1135 2574 imber
1153 2546 1283 2583 postea,
1297 2547 1401 2584 atque
1413 2552 1458 2574 ex
1476 2542 1586 2574 imbre
1606 2541 1726 2584 frigus,

1029 2597 1150 2624 ventus
1168 2597 1259 2633 post,
1273 2593 1311 2624 fit
1327 2593 1386 2624 aer
1399 2592 1535 2630 denuo‚'
1545 2594 1611 2625 &c-

1071 2645 1113 2675 2⁷
1137 2644 1260 2676 Catulis
1278 2643 1445 2686 fidelibus]
1469 2644 1542 2676 Cic.
1569 2643 1613 2675 de
1642 2645 1724 2677 Nat.

1029 2693 1180 2725 Deorum
1196 2702 1237 2726 n.
1252 2703 1284 2726 u.
1300 2696 1373 2726 158.
1397 2695 1407 2711 ‘
1425 2694 1552 2726 Canum
1570 2697 1639 2726 tam
1654 2693 1724 2725 fida

1028 2743 1195 2785 custodia,
1217 2749 1355 2786 tamque
1376 2754 1492 2776 amans
1511 2743 1723 2777 dominorum
