<?xml version="1.0" encoding="UTF-8"?>
<!DOCTYPE html PUBLIC "-//W3C//DTD XHTML 1.0 Transitional//EN"
    "http://www.w3.org/TR/xhtml1/DTD/xhtml1-transitional.dtd">
<html xmlns="http://www.w3.org/1999/xhtml" xml:lang="en" lang="en">
 <head>
  <title>
</title>
<meta http-equiv="Content-Type" content="text/html;charset=utf-8" />
  <meta name='ocr-system' content='tesseract 3.04.00' />
  <meta name='ocr-capabilities' content='ocr_page ocr_carea ocr_par ocr_line ocrx_word'/>
</head>
<body>
  <div class='ocr_page' id='page_1' title='image "./operazeune01horauoft_0404.png"; bbox 0 0 1916 3190; ppageno 0'>
   <div class='ocr_carea' id='block_1_1' title="bbox 237 241 1222 293">
    <p class='ocr_par' dir='ltr' id='par_1_1' title="bbox 237 241 1222 293">
     <span class='ocr_line' id='line_1_1' title="bbox 237 241 1222 293; baseline 0.003 -12"><span class='ocrx_word' id='word_1_1' title='bbox 237 241 323 282; x_wconf 72' lang='lat'><strong>396</strong></span> <span class='ocrx_word' id='word_1_2' title='bbox 721 256 762 293; x_wconf 80' lang='lat' dir='ltr'><strong>Q.</strong></span> <span class='ocrx_word' id='word_1_3' title='bbox 801 253 1011 285; x_wconf 69' lang='lat' dir='ltr'><strong>HoRArn</strong></span> <span class='ocrx_word' id='word_1_4' title='bbox 1049 254 1222 286; x_wconf 73' lang='lat' dir='ltr'><strong>FLAcci</strong></span> 
     </span>
    </p>
   </div>
   <div class='ocr_carea' id='block_1_2' title="bbox 466 349 1418 1000">
    <p class='ocr_par' dir='ltr' id='par_1_2' title="bbox 466 349 1418 1000">
     <span class='ocr_line' id='line_1_2' title="bbox 527 349 1164 403; baseline -0.002 -12"><span class='ocrx_word' id='word_1_5' title='bbox 527 349 654 391; x_wconf 91' lang='lat' dir='ltr'><strong>Ludo</strong></span> <span class='ocrx_word' id='word_1_6' title='bbox 676 350 990 403; x_wconf 83' lang='lat' dir='ltr'><strong>fatigatumque</strong></span> <span class='ocrx_word' id='word_1_7' title='bbox 1011 361 1164 391; x_wconf 88' lang='lat' dir='ltr'><strong>somno</strong></span> 
     </span>
     <span class='ocr_line' id='line_1_3' title="bbox 582 416 1351 470; baseline 0.001 -12"><span class='ocrx_word' id='word_1_8' title='bbox 582 416 754 458; x_wconf 85' lang='lat' dir='ltr'>Fronde</span> <span class='ocrx_word' id='word_1_9' title='bbox 777 429 892 458; x_wconf 86' lang='lat' dir='ltr'><strong>nova</strong></span> <span class='ocrx_word' id='word_1_10' title='bbox 913 428 1099 470; x_wconf 88' lang='lat' dir='ltr'><strong>puerum</strong></span> <span class='ocrx_word' id='word_1_11' title='bbox 1119 416 1351 470; x_wconf 84' lang='lat' dir='ltr'><strong>palumbes</strong></span> 
     </span>
     <span class='ocr_line' id='line_1_4' title="bbox 467 483 1370 538; baseline 0 -12"><span class='ocrx_word' id='word_1_12' title='bbox 467 484 666 537; x_wconf 83' lang='lat' dir='ltr'><strong>Texere3</strong></span> <span class='ocrx_word' id='word_1_13' title='bbox 698 485 854 525; x_wconf 88' lang='lat' dir='ltr'><strong>mirum</strong></span> <span class='ocrx_word' id='word_1_14' title='bbox 875 483 996 538; x_wconf 88' lang='lat' dir='ltr'><strong>quod</strong></span> <span class='ocrx_word' id='word_1_15' title='bbox 1013 484 1130 526; x_wconf 89' lang='lat' dir='ltr'><strong>foret</strong></span> <span class='ocrx_word' id='word_1_16' title='bbox 1148 485 1370 533; x_wconf 86' lang='lat' dir='ltr'><strong>omnibus,</strong></span> 
     </span>
     <span class='ocr_line' id='line_1_5' title="bbox 466 550 1413 606; baseline 0 -12"><span class='ocrx_word' id='word_1_17' title='bbox 466 551 751 606; x_wconf 86' lang='lat' dir='ltr'><strong>Quicumque</strong></span> <span class='ocrx_word' id='word_1_18' title='bbox 773 551 908 594; x_wconf 76' lang='lat' dir='ltr'><strong>celsae</strong></span> <span class='ocrx_word' id='word_1_19' title='bbox 937 551 1090 593; x_wconf 90' lang='lat' dir='ltr'><strong>nidum</strong></span> <span class='ocrx_word' id='word_1_20' title='bbox 1112 550 1413 602; x_wconf 86' lang='lat' dir='ltr'><strong>Acherontiae,</strong></span> 
     </span>
     <span class='ocr_line' id='line_1_6' title="bbox 524 619 1256 674; baseline 0 -13"><span class='ocrx_word' id='word_1_21' title='bbox 524 619 764 674; x_wconf 84' lang='lat' dir='ltr'><strong>Saltusque</strong></span> <span class='ocrx_word' id='word_1_22' title='bbox 785 619 1017 670; x_wconf 77' lang='lat' dir='ltr'><strong>BantinOS,</strong></span> <span class='ocrx_word' id='word_1_23' title='bbox 1039 623 1084 661; x_wconf 91' lang='lat' dir='ltr'><strong>et</strong></span> <span class='ocrx_word' id='word_1_24' title='bbox 1103 632 1256 661; x_wconf 85' lang='lat' dir='ltr'><strong>arvum</strong></span> 
     </span>
     <span class='ocr_line' id='line_1_7' title="bbox 585 686 1340 741; baseline 0 -13"><span class='ocrx_word' id='word_1_25' title='bbox 585 688 758 741; x_wconf 80' lang='lat' dir='ltr'><strong>Pingue</strong></span> <span class='ocrx_word' id='word_1_26' title='bbox 779 691 927 729; x_wconf 86' lang='lat' dir='ltr'><strong>tenent</strong></span> <span class='ocrx_word' id='word_1_27' title='bbox 945 687 1125 728; x_wconf 85' lang='lat' dir='ltr'><strong>humilis</strong></span> <span class='ocrx_word' id='word_1_28' title='bbox 1146 686 1340 737; x_wconf 81' lang='lat' dir='ltr'><strong>Ferenti,</strong></span> 
     </span>
     <span class='ocr_line' id='line_1_8' title="bbox 468 754 1258 809; baseline -0.001 -12"><span class='ocrx_word' id='word_1_29' title='bbox 468 754 532 797; x_wconf 88' lang='lat' dir='ltr'><strong>Ut</strong></span> <span class='ocrx_word' id='word_1_30' title='bbox 551 759 648 796; x_wconf 82' lang='lat' dir='ltr'><strong>tuto</strong></span> <span class='ocrx_word' id='word_1_31' title='bbox 671 756 728 796; x_wconf 83' lang='lat' dir='ltr'><strong>ab</strong></span> <span class='ocrx_word' id='word_1_32' title='bbox 751 756 859 797; x_wconf 86' lang='lat' dir='ltr'><strong>atris</strong></span> <span class='ocrx_word' id='word_1_33' title='bbox 880 767 1068 809; x_wconf 87' lang='lat' dir='ltr'><strong>corpore</strong></span> <span class='ocrx_word' id='word_1_34' title='bbox 1090 755 1258 809; x_wconf 86' lang='lat' dir='ltr'><strong>viperis</strong></span> 
     </span>
     <span class='ocr_line' id='line_1_9' title="bbox 468 823 1418 877; baseline -0.001 -13"><span class='ocrx_word' id='word_1_35' title='bbox 468 823 722 864; x_wconf 84' lang='lat' dir='ltr'><strong>Dormirem</strong></span> <span class='ocrx_word' id='word_1_36' title='bbox 742 827 785 865; x_wconf 91' lang='lat' dir='ltr'><strong>et</strong></span> <span class='ocrx_word' id='word_1_37' title='bbox 806 823 948 875; x_wconf 83' lang='lat' dir='ltr'><strong>ursis3</strong></span> <span class='ocrx_word' id='word_1_38' title='bbox 979 828 1031 864; x_wconf 88' lang='lat' dir='ltr'><strong>ut</strong></span> <span class='ocrx_word' id='word_1_39' title='bbox 1050 834 1268 877; x_wconf 85' lang='lat' dir='ltr'><strong>premerer</strong></span> <span class='ocrx_word' id='word_1_40' title='bbox 1287 834 1418 863; x_wconf 86' lang='lat' dir='ltr'><strong>sacra</strong></span> 
     </span>
     <span class='ocr_line' id='line_1_10' title="bbox 527 890 1226 945; baseline -0.001 -13"><span class='ocrx_word' id='word_1_41' title='bbox 527 890 768 943; x_wconf 81' lang='lat' dir='ltr'><strong>Lauroque</strong></span> <span class='ocrx_word' id='word_1_42' title='bbox 791 891 1047 944; x_wconf 84' lang='lat' dir='ltr'><strong>collataque</strong></span> <span class='ocrx_word' id='word_1_43' title='bbox 1067 894 1226 945; x_wconf 85' lang='lat' dir='ltr'><strong>myrto,</strong></span> 
     </span>
     <span class='ocr_line' id='line_1_11' title="bbox 590 956 1351 1000; baseline -0.003 -1"><span class='ocrx_word' id='word_1_44' title='bbox 590 957 695 1000; x_wconf 90' lang='lat' dir='ltr'><strong>Non</strong></span> <span class='ocrx_word' id='word_1_45' title='bbox 717 958 811 999; x_wconf 87' lang='lat' dir='ltr'><strong>sine</strong></span> <span class='ocrx_word' id='word_1_46' title='bbox 833 958 916 999; x_wconf 87' lang='lat' dir='ltr'><strong>Dis</strong></span> <span class='ocrx_word' id='word_1_47' title='bbox 938 958 1169 1000; x_wconf 86' lang='lat' dir='ltr'><strong>animosus</strong></span> <span class='ocrx_word' id='word_1_48' title='bbox 1191 956 1351 998; x_wconf 84' lang='lat' dir='ltr'><strong>infans.</strong></span> 
     </span>
    </p>
   </div>
   <div class='ocr_carea' id='block_1_3' title="bbox 1647 618 1704 660">
    <p class='ocr_par' dir='ltr' id='par_1_3' title="bbox 1647 618 1704 660">
     <span class='ocr_line' id='line_1_12' title="bbox 1647 618 1704 660; baseline 0.018 -1"><span class='ocrx_word' id='word_1_49' title='bbox 1647 618 1704 660; x_wconf 84' lang='lat'><strong>15</strong></span> 
     </span>
    </p>
   </div>
   <div class='ocr_carea' id='block_1_4' title="bbox 1648 957 1706 999">
    <p class='ocr_par' dir='ltr' id='par_1_4' title="bbox 1648 957 1706 999">
     <span class='ocr_line' id='line_1_13' title="bbox 1648 957 1706 999; baseline 0 0"><span class='ocrx_word' id='word_1_50' title='bbox 1648 957 1706 999; x_wconf 80' lang='lat'><strong>20</strong></span> 
     </span>
    </p>
   </div>
   <div class='ocr_carea' id='block_1_5' title="bbox 231 1067 1708 1283">
    <p class='ocr_par' dir='ltr' id='par_1_5' title="bbox 231 1067 1708 1283">
     <span class='ocr_line' id='line_1_14' title="bbox 232 1067 1705 1111; baseline 0 -9"><span class='ocrx_word' id='word_1_51' title='bbox 232 1071 393 1103; x_wconf 79' lang='lat' dir='ltr'><strong>celebrotoe</strong></span> <span class='ocrx_word' id='word_1_52' title='bbox 404 1070 565 1111; x_wconf 73' lang='lat' dir='ltr'><strong>palumbes</strong></span> <span class='ocrx_word' id='word_1_53' title='bbox 577 1069 754 1102; x_wconf 76' lang='lat' dir='ltr'><strong>recentibus</strong></span> <span class='ocrx_word' id='word_1_54' title='bbox 757 1069 852 1108; x_wconf 75' lang='lat' dir='ltr'><strong>soliis</strong></span> <span class='ocrx_word' id='word_1_55' title='bbox 866 1078 1047 1110; x_wconf 76' lang='lat' dir='ltr'><strong>cooperuere</strong></span> <span class='ocrx_word' id='word_1_56' title='bbox 1060 1069 1096 1101; x_wconf 75' lang='lat' dir='ltr'><strong>in</strong></span> <span class='ocrx_word' id='word_1_57' title='bbox 1114 1068 1246 1101; x_wconf 74' lang='lat' dir='ltr'><strong>Vulture</strong></span> <span class='ocrx_word' id='word_1_58' title='bbox 1261 1068 1290 1100; x_wconf 79' lang='lat' dir='ltr'><strong><em>A</em></strong></span> <span class='ocrx_word' id='word_1_59' title='bbox 1379 1067 1564 1109; x_wconf 69' lang='lat' dir='ltr'><strong>extr-aflues</strong></span> <span class='ocrx_word' id='word_1_60' title='bbox 1577 1067 1705 1110; x_wconf 71' lang='lat' dir='ltr'><strong>Apulia</strong></span> 
     </span>
     <span class='ocr_line' id='line_1_15' title="bbox 231 1110 1707 1153; baseline -0.001 -7"><span class='ocrx_word' id='word_1_61' title='bbox 231 1114 366 1146; x_wconf 79' lang='lat' dir='ltr'><strong>nutricis</strong></span> <span class='ocrx_word' id='word_1_62' title='bbox 381 1123 467 1146; x_wconf 83' lang='lat' dir='ltr'><strong>meae.</strong></span> <span class='ocrx_word' id='word_1_63' title='bbox 513 1113 594 1149; x_wconf 82' lang='lat' dir='ltr'><strong>Quoe</strong></span> <span class='ocrx_word' id='word_1_64' title='bbox 606 1123 657 1145; x_wconf 81' lang='lat' dir='ltr'><strong>res</strong></span> <span class='ocrx_word' id='word_1_65' title='bbox 669 1112 907 1144; x_wconf 79' lang='lat' dir='ltr'><strong>admirationem</strong></span> <span class='ocrx_word' id='word_1_66' title='bbox 921 1111 1183 1152; x_wconf 74' lang='lat' dir='ltr'><strong>cunctissaceret,</strong></span> <span class='ocrx_word' id='word_1_67' title='bbox 1194 1114 1340 1153; x_wconf 72' lang='lat' dir='ltr'><strong>quotquot</strong></span> <span class='ocrx_word' id='word_1_68' title='bbox 1351 1110 1494 1142; x_wconf 69' lang='lat' dir='ltr'><strong>sublimis</strong></span> <span class='ocrx_word' id='word_1_69' title='bbox 1507 1110 1707 1144; x_wconf 68' lang='lat' dir='ltr'><strong>Acheruntia</strong></span> 
     </span>
     <span class='ocr_line' id='line_1_16' title="bbox 233 1154 1706 1196; baseline 0 -9"><span class='ocrx_word' id='word_1_70' title='bbox 233 1158 337 1189; x_wconf 75' lang='lat' dir='ltr'><strong>domos</strong></span> <span class='ocrx_word' id='word_1_71' title='bbox 360 1156 515 1196; x_wconf 81' lang='lat' dir='ltr'><strong>incolunt,</strong></span> <span class='ocrx_word' id='word_1_72' title='bbox 537 1159 568 1188; x_wconf 81' lang='lat' dir='ltr'><strong>et</strong></span> <span class='ocrx_word' id='word_1_73' title='bbox 595 1156 725 1188; x_wconf 66' lang='lat' dir='ltr'><strong>Bantia</strong></span> <span class='ocrx_word' id='word_1_74' title='bbox 747 1165 882 1196; x_wconf 79' lang='lat' dir='ltr'><strong>campos,</strong></span> <span class='ocrx_word' id='word_1_75' title='bbox 905 1164 1059 1196; x_wconf 72' lang='lat' dir='ltr'><strong>agrosque</strong></span> <span class='ocrx_word' id='word_1_76' title='bbox 1078 1155 1196 1196; x_wconf 70' lang='lat' dir='ltr'><strong>opimos</strong></span> <span class='ocrx_word' id='word_1_77' title='bbox 1211 1154 1341 1187; x_wconf 76' lang='lat' dir='ltr'><strong>Ferenti</strong></span> <span class='ocrx_word' id='word_1_78' title='bbox 1353 1154 1490 1195; x_wconf 71' lang='lat' dir='ltr'><strong>depressi</strong></span> <span class='ocrx_word' id='word_1_79' title='bbox 1499 1164 1510 1185; x_wconf 93' lang='lat'><strong>.·</strong></span> <span class='ocrx_word' id='word_1_80' title='bbox 1532 1163 1592 1195; x_wconf 79' lang='lat' dir='ltr'><strong>quo</strong></span> <span class='ocrx_word' id='word_1_81' title='bbox 1612 1157 1706 1196; x_wconf 76' lang='lat' dir='ltr'><strong>poeto</strong></span> 
     </span>
     <span class='ocr_line' id='line_1_17' title="bbox 231 1196 1707 1240; baseline -0.001 -11"><span class='ocrx_word' id='word_1_82' title='bbox 231 1208 373 1231; x_wconf 81' lang='lat' dir='ltr'><strong>somnum</strong></span> <span class='ocrx_word' id='word_1_83' title='bbox 388 1209 528 1240; x_wconf 80' lang='lat' dir='ltr'><strong>cuperem</strong></span> <span class='ocrx_word' id='word_1_84' title='bbox 541 1209 646 1231; x_wconf 77' lang='lat' dir='ltr'><strong>securo</strong></span> <span class='ocrx_word' id='word_1_85' title='bbox 660 1208 787 1240; x_wconf 79' lang='lat' dir='ltr'><strong>corpore</strong></span> <span class='ocrx_word' id='word_1_86' title='bbox 801 1208 822 1229; x_wconf 82' lang='lat' dir='ltr'><strong>a</strong></span> <span class='ocrx_word' id='word_1_87' title='bbox 835 1198 940 1238; x_wconf 74' lang='lat' dir='ltr'><strong>nigris</strong></span> <span class='ocrx_word' id='word_1_88' title='bbox 954 1198 1071 1239; x_wconf 73' lang='lat' dir='ltr'><strong>viperis</strong></span> <span class='ocrx_word' id='word_1_89' title='bbox 1083 1202 1178 1239; x_wconf 79' lang='lat' dir='ltr'><strong>atque</strong></span> <span class='ocrx_word' id='word_1_90' title='bbox 1189 1197 1292 1229; x_wconf 68' lang='lat' dir='ltr'><strong>ursis.-</strong></span> <span class='ocrx_word' id='word_1_91' title='bbox 1313 1207 1375 1238; x_wconf 80' lang='lat' dir='ltr'><strong>qua</strong></span> <span class='ocrx_word' id='word_1_92' title='bbox 1389 1197 1487 1229; x_wconf 65' lang='lat' dir='ltr'><strong>etiam</strong></span> <span class='ocrx_word' id='word_1_93' title='bbox 1496 1196 1619 1228; x_wconf 67' lang='lat' dir='ltr'><strong>ratione</strong></span> <span class='ocrx_word' id='word_1_94' title='bbox 1633 1207 1707 1229; x_wconf 74' lang='lat' dir='ltr'><strong>con-</strong></span> 
     </span>
     <span class='ocr_line' id='line_1_18' title="bbox 233 1239 1708 1283; baseline -0.001 -11"><span class='ocrx_word' id='word_1_95' title='bbox 233 1244 334 1274; x_wconf 77' lang='lat' dir='ltr'><strong>tectus</strong></span> <span class='ocrx_word' id='word_1_96' title='bbox 349 1251 447 1274; x_wconf 73' lang='lat' dir='ltr'><strong>essem</strong></span> <span class='ocrx_word' id='word_1_97' title='bbox 471 1245 599 1274; x_wconf 74' lang='lat' dir='ltr'><strong>sacrata</strong></span> <span class='ocrx_word' id='word_1_98' title='bbox 622 1243 723 1283; x_wconf 81' lang='lat' dir='ltr'><strong>lauro,</strong></span> <span class='ocrx_word' id='word_1_99' title='bbox 738 1245 768 1273; x_wconf 76' lang='lat' dir='ltr'><strong>et</strong></span> <span class='ocrx_word' id='word_1_100' title='bbox 792 1245 896 1283; x_wconf 76' lang='lat' dir='ltr'><strong>myrto</strong></span> <span class='ocrx_word' id='word_1_101' title='bbox 911 1245 1070 1283; x_wconf 71' lang='lat' dir='ltr'><strong>congesta,</strong></span> <span class='ocrx_word' id='word_1_102' title='bbox 1093 1242 1241 1283; x_wconf 72' lang='lat' dir='ltr'><strong>puerulus</strong></span> <span class='ocrx_word' id='word_1_103' title='bbox 1265 1249 1323 1280; x_wconf 78' lang='lat' dir='ltr'><strong>ego</strong></span> <span class='ocrx_word' id='word_1_104' title='bbox 1343 1249 1404 1272; x_wconf 80' lang='lat' dir='ltr'><strong>non</strong></span> <span class='ocrx_word' id='word_1_105' title='bbox 1417 1239 1531 1281; x_wconf 68' lang='lat' dir='ltr'><strong>absque</strong></span> <span class='ocrx_word' id='word_1_106' title='bbox 1548 1240 1708 1273; x_wconf 71' lang='lat' dir='ltr'><strong>uminum</strong></span> 
     </span>
    </p>
   </div>
   <div class='ocr_carea' id='block_1_6' title="bbox 856 1325 1103 1340">
    <p class='ocr_par' dir='ltr' id='par_1_6' title="bbox 856 1325 1103 1340">
     <span class='ocr_line' id='line_1_19' title="bbox 856 1325 1103 1340; baseline 0 1850"><span class='ocrx_word' id='word_1_107' title='bbox 856 1325 1103 1340; x_wconf 95' lang='lat' dir='ltr'><strong> </strong></span> 
     </span>
    </p>
   </div>
   <div class='ocr_carea' id='block_1_7' title="bbox 235 1389 1713 1946">
    <p class='ocr_par' dir='ltr' id='par_1_7' title="bbox 235 1389 1713 1946">
     <span class='ocr_line' id='line_1_20' title="bbox 236 1389 1710 1432; baseline 0.001 -11"><span class='ocrx_word' id='word_1_108' title='bbox 236 1395 342 1430; x_wconf 85' lang='lat' dir='ltr'><strong>esset,</strong></span> <span class='ocrx_word' id='word_1_109' title='bbox 365 1396 564 1423; x_wconf 80' lang='lat' dir='ltr'><strong>exerrasset</strong></span> <span class='ocrx_word' id='word_1_110' title='bbox 581 1390 693 1432; x_wconf 63' lang='lat' dir='ltr'><strong>puer!</strong></span> <span class='ocrx_word' id='word_1_111' title='bbox 714 1391 898 1424; x_wconf 52' lang='lat' dir='ltr'><strong>mma—12</strong></span> <span class='ocrx_word' id='word_1_112' title='bbox 922 1391 1072 1432; x_wconf 80' lang='lat' dir='ltr'><strong>Cuniug.</strong></span> <span class='ocrx_word' id='word_1_113' title='bbox 1098 1401 1142 1423; x_wconf 81' lang='lat' dir='ltr'><strong>ex</strong></span> <span class='ocrx_word' id='word_1_114' title='bbox 1168 1391 1295 1423; x_wconf 87' lang='lat' dir='ltr'><strong>Venet.</strong></span> <span class='ocrx_word' id='word_1_115' title='bbox 1314 1391 1408 1422; x_wconf 82' lang='grc'><strong>1478.</strong></span> <span class='ocrx_word' id='word_1_116' title='bbox 1428 1389 1464 1421; x_wconf 89' lang='lat' dir='ltr'><strong>iu</strong></span> <span class='ocrx_word' id='word_1_117' title='bbox 1487 1399 1555 1432; x_wconf 84' lang='lat' dir='ltr'><strong>qua</strong></span> <span class='ocrx_word' id='word_1_118' title='bbox 1575 1393 1629 1422; x_wconf 77' lang='lat' dir='ltr'><strong>est</strong></span> <span class='ocrx_word' id='word_1_119' title='bbox 1650 1399 1710 1431; x_wconf 79' lang='lat' dir='ltr'><strong>pa·</strong></span> 
     </span>
     <span class='ocr_line' id='line_1_21' title="bbox 236 1431 1709 1475; baseline 0 -11"><span class='ocrx_word' id='word_1_120' title='bbox 236 1433 352 1473; x_wconf 80' lang='lat' dir='ltr'><strong>lumbe,</strong></span> <span class='ocrx_word' id='word_1_121' title='bbox 374 1433 485 1465; x_wconf 86' lang='lat' dir='ltr'><strong>edidit</strong></span> <span class='ocrx_word' id='word_1_122' title='bbox 506 1434 762 1475; x_wconf 82' lang='lat' dir='ltr'><strong>palumbae.—l3</strong></span> <span class='ocrx_word' id='word_1_123' title='bbox 786 1434 913 1466; x_wconf 85' lang='lat' dir='ltr'><strong>sanad.</strong></span> <span class='ocrx_word' id='word_1_124' title='bbox 941 1434 1150 1466; x_wconf 75' lang='lat' dir='ltr'><strong>Parenihesi</strong></span> <span class='ocrx_word' id='word_1_125' title='bbox 1176 1433 1337 1465; x_wconf 81' lang='lat' dir='ltr'><strong>inclusit:</strong></span> <span class='ocrx_word' id='word_1_126' title='bbox 1360 1432 1476 1463; x_wconf 63' lang='lat' dir='ltr'><strong>mium:</strong></span> <span class='ocrx_word' id='word_1_127' title='bbox 1489 1432 1633 1473; x_wconf 74' lang='lat' dir='ltr'><strong>quod...</strong></span> <span class='ocrx_word' id='word_1_128' title='bbox 1650 1431 1709 1464; x_wconf 79' lang='lat' dir='ltr'><strong>Fe-</strong></span> 
     </span>
     <span class='ocr_line' id='line_1_22' title="bbox 235 1473 1709 1517; baseline 0 -11"><span class='ocrx_word' id='word_1_129' title='bbox 235 1476 423 1507; x_wconf 54' lang='lat' dir='ltr'><strong>renea—14</strong></span> <span class='ocrx_word' id='word_1_130' title='bbox 447 1475 669 1516; x_wconf 77' lang='lat' dir='ltr'><strong>Acheruncioe,</strong></span> <span class='ocrx_word' id='word_1_131' title='bbox 690 1475 898 1508; x_wconf 72' lang='lat' dir='ltr'><strong>Acheruntioe</strong></span> <span class='ocrx_word' id='word_1_132' title='bbox 920 1477 1096 1508; x_wconf 83' lang='lat' dir='ltr'><strong>variantes</strong></span> <span class='ocrx_word' id='word_1_133' title='bbox 1120 1486 1176 1517; x_wconf 88' lang='lat' dir='ltr'><strong>ap.</strong></span> <span class='ocrx_word' id='word_1_134' title='bbox 1199 1475 1378 1508; x_wconf 59' lang='grc' dir='ltr'><strong>διαὶ-16</strong></span> <span class='ocrx_word' id='word_1_135' title='bbox 1403 1473 1540 1505; x_wconf 70' lang='grc' dir='ltr'><strong><em>Βαιίηοε</em></strong></span> <span class='ocrx_word' id='word_1_136' title='bbox 1570 1473 1709 1515; x_wconf 86' lang='lat' dir='ltr'><strong>quidam</strong></span> 
     </span>
     <span class='ocr_line' id='line_1_23' title="bbox 237 1515 1709 1560; baseline 0.001 -12"><span class='ocrx_word' id='word_1_137' title='bbox 237 1517 338 1550; x_wconf 86' lang='lat' dir='ltr'><strong>codd.</strong></span> <span class='ocrx_word' id='word_1_138' title='bbox 367 1524 404 1550; x_wconf 86' lang='lat' dir='ltr'><strong>ut</strong></span> <span class='ocrx_word' id='word_1_139' title='bbox 434 1519 634 1551; x_wconf 85' lang='lat' dir='ltr'><strong>Helmstad.</strong></span> <span class='ocrx_word' id='word_1_140' title='bbox 661 1519 758 1558; x_wconf 85' lang='lat' dir='ltr'><strong>Lips.</strong></span> <span class='ocrx_word' id='word_1_141' title='bbox 774 1522 805 1550; x_wconf 93' lang='lat' dir='ltr'><strong>l.</strong></span> <span class='ocrx_word' id='word_1_142' title='bbox 833 1529 853 1550; x_wconf 88' lang='lat' dir='ltr'><strong>a</strong></span> <span class='ocrx_word' id='word_1_143' title='bbox 869 1529 915 1550; x_wconf 90' lang='lat' dir='ltr'><strong>m.</strong></span> <span class='ocrx_word' id='word_1_144' title='bbox 931 1528 982 1560; x_wconf 85' lang='lat' dir='ltr'><strong>pr.</strong></span> <span class='ocrx_word' id='word_1_145' title='bbox 997 1525 1033 1551; x_wconf 87' lang='lat' dir='ltr'><strong>et</strong></span> <span class='ocrx_word' id='word_1_146' title='bbox 1051 1520 1060 1550; x_wconf 87' lang='lat' dir='ltr'><strong>i</strong></span> <span class='ocrx_word' id='word_1_147' title='bbox 1090 1518 1118 1550; x_wconf 86' lang='lat' dir='ltr'><strong>si</strong></span> <span class='ocrx_word' id='word_1_148' title='bbox 1136 1518 1263 1550; x_wconf 82' lang='lat' dir='ltr'><strong>Scholl.</strong></span> <span class='ocrx_word' id='word_1_149' title='bbox 1285 1515 1448 1558; x_wconf 88' lang='lat' dir='ltr'><strong>oppidum</strong></span> <span class='ocrx_word' id='word_1_150' title='bbox 1475 1515 1634 1548; x_wconf 75' lang='lat' dir='ltr'><strong>Batinum</strong></span> <span class='ocrx_word' id='word_1_151' title='bbox 1652 1526 1709 1549; x_wconf 90' lang='lat' dir='ltr'><strong>vo-</strong></span> 
     </span>
     <span class='ocr_line' id='line_1_24' title="bbox 236 1558 1707 1604; baseline 0.001 -14"><span class='ocrx_word' id='word_1_152' title='bbox 236 1566 368 1601; x_wconf 78' lang='lat' dir='ltr'><strong>cantes,</strong></span> <span class='ocrx_word' id='word_1_153' title='bbox 385 1571 425 1592; x_wconf 88' lang='lat' dir='ltr'><strong>ac</strong></span> <span class='ocrx_word' id='word_1_154' title='bbox 443 1562 640 1593; x_wconf 79' lang='lat' dir='ltr'><strong>derivantes</strong></span> <span class='ocrx_word' id='word_1_155' title='bbox 657 1571 677 1592; x_wconf 91' lang='lat' dir='ltr'><strong>a</strong></span> <span class='ocrx_word' id='word_1_156' title='bbox 693 1561 783 1592; x_wconf 88' lang='lat' dir='ltr'><strong>Bato</strong></span> <span class='ocrx_word' id='word_1_157' title='bbox 808 1561 871 1604; x_wconf 89' lang='lat' dir='ltr'><strong>(al.</strong></span> <span class='ocrx_word' id='word_1_158' title='bbox 887 1560 1034 1603; x_wconf 78' lang='lat' dir='ltr'><strong>Batino)</strong></span> <span class='ocrx_word' id='word_1_159' title='bbox 1077 1561 1203 1600; x_wconf 87' lang='lat' dir='ltr'><strong>umine,</strong></span> <span class='ocrx_word' id='word_1_160' title='bbox 1226 1564 1266 1592; x_wconf 82' lang='lat' dir='ltr'><strong>ut</strong></span> <span class='ocrx_word' id='word_1_161' title='bbox 1285 1559 1393 1598; x_wconf 85' lang='lat' dir='ltr'><strong>aiunt,</strong></span> <span class='ocrx_word' id='word_1_162' title='bbox 1417 1559 1593 1591; x_wconf 82' lang='lat' dir='ltr'><strong>Lucaniae.</strong></span> <span class='ocrx_word' id='word_1_163' title='bbox 1638 1558 1707 1592; x_wconf 81' lang='lat' dir='ltr'><strong>sed</strong></span> 
     </span>
     <span class='ocr_line' id='line_1_25' title="bbox 237 1601 1708 1643; baseline 0.001 -10"><span class='ocrx_word' id='word_1_164' title='bbox 237 1602 364 1634; x_wconf 83' lang='lat' dir='ltr'><strong>Batum</strong></span> <span class='ocrx_word' id='word_1_165' title='bbox 391 1602 426 1634; x_wconf 83' lang='lat' dir='ltr'><strong>fl.</strong></span> <span class='ocrx_word' id='word_1_166' title='bbox 452 1605 554 1635; x_wconf 86' lang='lat' dir='ltr'><strong>estin</strong></span> <span class='ocrx_word' id='word_1_167' title='bbox 571 1603 732 1643; x_wconf 70' lang='lat' dir='ltr'><strong>Bruttiis,</strong></span> <span class='ocrx_word' id='word_1_168' title='bbox 751 1604 914 1635; x_wconf 85' lang='lat' dir='ltr'><strong>Batinum</strong></span> <span class='ocrx_word' id='word_1_169' title='bbox 940 1605 976 1636; x_wconf 89' lang='lat' dir='ltr'><strong>iu</strong></span> <span class='ocrx_word' id='word_1_170' title='bbox 1002 1604 1166 1643; x_wconf 80' lang='lat' dir='ltr'><strong>Picenis;</strong></span> <span class='ocrx_word' id='word_1_171' title='bbox 1188 1603 1278 1634; x_wconf 85' lang='lat' dir='ltr'><strong>Pliu.</strong></span> <span class='ocrx_word' id='word_1_172' title='bbox 1293 1609 1349 1633; x_wconf 82' lang='lat'><strong>111.</strong></span> <span class='ocrx_word' id='word_1_173' title='bbox 1364 1605 1397 1633; x_wconf 88' lang='lat'><strong>5.</strong></span> <span class='ocrx_word' id='word_1_174' title='bbox 1413 1606 1448 1632; x_wconf 83' lang='lat' dir='ltr'><strong>et</strong></span> <span class='ocrx_word' id='word_1_175' title='bbox 1465 1603 1518 1634; x_wconf 75' lang='lat'><strong>13.</strong></span> <span class='ocrx_word' id='word_1_176' title='bbox 1561 1601 1708 1634; x_wconf 78' lang='lat' dir='ltr'><strong>Interim</strong></span> 
     </span>
     <span class='ocr_line' id='line_1_26' title="bbox 237 1643 1711 1684; baseline -0.001 -8"><span class='ocrx_word' id='word_1_177' title='bbox 237 1644 374 1677; x_wconf 59' lang='lat' dir='ltr'><strong>Batenos</strong></span> <span class='ocrx_word' id='word_1_178' title='bbox 389 1646 544 1678; x_wconf 83' lang='lat' dir='ltr'><strong>scribunt</strong></span> <span class='ocrx_word' id='word_1_179' title='bbox 567 1652 604 1678; x_wconf 88' lang='lat' dir='ltr'><strong>et</strong></span> <span class='ocrx_word' id='word_1_180' title='bbox 627 1646 768 1678; x_wconf 85' lang='lat' dir='ltr'><strong>Venett.</strong></span> <span class='ocrx_word' id='word_1_181' title='bbox 793 1645 941 1678; x_wconf 85' lang='lat' dir='ltr'><strong>Asceus.</strong></span> <span class='ocrx_word' id='word_1_182' title='bbox 966 1646 1113 1678; x_wconf 80' lang='lat' dir='ltr'><strong>Locher.</strong></span> <span class='ocrx_word' id='word_1_183' title='bbox 1129 1645 1236 1677; x_wconf 82' lang='lat' dir='ltr'><strong>Basil.</strong></span> <span class='ocrx_word' id='word_1_184' title='bbox 1255 1645 1358 1676; x_wconf 83' lang='lat' dir='ltr'><strong>Fabr.</strong></span> <span class='ocrx_word' id='word_1_185' title='bbox 1376 1643 1542 1684; x_wconf 74' lang='lat' dir='ltr'><strong>Rutgen.</strong></span> <span class='ocrx_word' id='word_1_186' title='bbox 1559 1646 1624 1676; x_wconf 72' lang='grc' dir='ltr'><strong>διο.</strong></span> <span class='ocrx_word' id='word_1_187' title='bbox 1640 1643 1711 1676; x_wconf 82' lang='lat' dir='ltr'><strong>Ba-</strong></span> 
     </span>
     <span class='ocr_line' id='line_1_27' title="bbox 239 1687 1710 1731; baseline 0.001 -13"><span class='ocrx_word' id='word_1_188' title='bbox 239 1687 356 1726; x_wconf 75' lang='lat' dir='ltr'><strong>thinos,</strong></span> <span class='ocrx_word' id='word_1_189' title='bbox 373 1689 555 1728; x_wconf 74' lang='lat' dir='ltr'><strong>Baltln&#39;nos,</strong></span> <span class='ocrx_word' id='word_1_190' title='bbox 571 1689 754 1729; x_wconf 62' lang='lat' dir='ltr'><strong>Palatinos,</strong></span> <span class='ocrx_word' id='word_1_191' title='bbox 771 1690 943 1720; x_wconf 81' lang='lat' dir='ltr'><strong>variantes</strong></span> <span class='ocrx_word' id='word_1_192' title='bbox 962 1698 1019 1731; x_wconf 86' lang='lat' dir='ltr'><strong>ap.</strong></span> <span class='ocrx_word' id='word_1_193' title='bbox 1034 1689 1129 1722; x_wconf 81' lang='lat' dir='ltr'><strong>Jani.</strong></span> <span class='ocrx_word' id='word_1_194' title='bbox 1155 1688 1255 1720; x_wconf 79' lang='lat' dir='ltr'><strong>Harl.</strong></span> <span class='ocrx_word' id='word_1_195' title='bbox 1272 1690 1304 1719; x_wconf 89' lang='lat'><strong>1.</strong></span> <span class='ocrx_word' id='word_1_196' title='bbox 1318 1689 1352 1718; x_wconf 78' lang='lat'><strong>2.</strong></span> <span class='ocrx_word' id='word_1_197' title='bbox 1369 1688 1400 1717; x_wconf 74' lang='grc'><strong>8.</strong></span> <span class='ocrx_word' id='word_1_198' title='bbox 1415 1688 1448 1718; x_wconf 80' lang='grc'><strong>4.</strong></span> <span class='ocrx_word' id='word_1_199' title='bbox 1462 1689 1494 1718; x_wconf 81' lang='grc'><strong>6.</strong></span> <span class='ocrx_word' id='word_1_200' title='bbox 1507 1689 1542 1718; x_wconf 80' lang='grc'><strong>6.</strong></span> <span class='ocrx_word' id='word_1_201' title='bbox 1566 1691 1603 1718; x_wconf 90' lang='lat' dir='ltr'><strong>et</strong></span> <span class='ocrx_word' id='word_1_202' title='bbox 1617 1688 1710 1728; x_wconf 86' lang='lat' dir='ltr'><strong>opti-</strong></span> 
     </span>
     <span class='ocr_line' id='line_1_28' title="bbox 241 1727 1712 1772; baseline -0.001 -10"><span class='ocrx_word' id='word_1_203' title='bbox 241 1732 287 1762; x_wconf 91' lang='lat' dir='ltr'><strong>mi</strong></span> <span class='ocrx_word' id='word_1_204' title='bbox 305 1731 407 1764; x_wconf 86' lang='lat' dir='ltr'><strong>codd.</strong></span> <span class='ocrx_word' id='word_1_205' title='bbox 424 1741 502 1764; x_wconf 88' lang='lat' dir='ltr'><strong>cum</strong></span> <span class='ocrx_word' id='word_1_206' title='bbox 516 1731 596 1764; x_wconf 89' lang='lat' dir='ltr'><strong>edd.</strong></span> <span class='ocrx_word' id='word_1_207' title='bbox 612 1736 760 1764; x_wconf 84' lang='lat' dir='ltr'><strong>recentt.</strong></span> <span class='ocrx_word' id='word_1_208' title='bbox 777 1732 1038 1764; x_wconf 53' lang='lat' dir='ltr'><strong>Rumina—16</strong></span> <span class='ocrx_word' id='word_1_209' title='bbox 1063 1730 1197 1764; x_wconf 73' lang='lat' dir='ltr'><strong>Forenti</strong></span> <span class='ocrx_word' id='word_1_210' title='bbox 1212 1729 1350 1772; x_wconf 85' lang='lat' dir='ltr'><strong>quidam</strong></span> <span class='ocrx_word' id='word_1_211' title='bbox 1362 1727 1464 1760; x_wconf 88' lang='lat' dir='ltr'><strong>codd.</strong></span> <span class='ocrx_word' id='word_1_212' title='bbox 1479 1731 1516 1760; x_wconf 83' lang='lat' dir='ltr'><strong>et</strong></span> <span class='ocrx_word' id='word_1_213' title='bbox 1531 1728 1611 1761; x_wconf 86' lang='lat' dir='ltr'><strong>edd.</strong></span> <span class='ocrx_word' id='word_1_214' title='bbox 1622 1734 1712 1763; x_wconf 76' lang='lat' dir='ltr'><strong>vett.</strong></span> 
     </span>
     <span class='ocr_line' id='line_1_29' title="bbox 243 1771 1712 1815; baseline 0 -10"><span class='ocrx_word' id='word_1_215' title='bbox 243 1783 300 1814; x_wconf 89' lang='lat' dir='ltr'><strong>ap.</strong></span> <span class='ocrx_word' id='word_1_216' title='bbox 317 1774 463 1815; x_wconf 86' lang='lat' dir='ltr'><strong>Cuning.</strong></span> <span class='ocrx_word' id='word_1_217' title='bbox 482 1775 630 1807; x_wconf 84' lang='lat' dir='ltr'><strong>Mentel.</strong></span> <span class='ocrx_word' id='word_1_218' title='bbox 647 1774 740 1815; x_wconf 75' lang='lat' dir='ltr'><strong>Lips.</strong></span> <span class='ocrx_word' id='word_1_219' title='bbox 758 1777 789 1807; x_wconf 90' lang='lat'><strong>1.</strong></span> <span class='ocrx_word' id='word_1_220' title='bbox 803 1777 836 1806; x_wconf 83' lang='lat'><strong>2.</strong></span> <span class='ocrx_word' id='word_1_221' title='bbox 851 1777 883 1807; x_wconf 85' lang='grc'><strong>4.</strong></span> <span class='ocrx_word' id='word_1_222' title='bbox 907 1774 1008 1806; x_wconf 86' lang='lat' dir='ltr'><strong>Harl.</strong></span> <span class='ocrx_word' id='word_1_223' title='bbox 1019 1777 1050 1806; x_wconf 83' lang='lat'><strong>2.</strong></span> <span class='ocrx_word' id='word_1_224' title='bbox 1065 1777 1098 1806; x_wconf 78' lang='lat'><strong>4.</strong></span> <span class='ocrx_word' id='word_1_225' title='bbox 1115 1778 1149 1806; x_wconf 86' lang='grc'><strong>5.</strong></span> <span class='ocrx_word' id='word_1_226' title='bbox 1163 1777 1196 1806; x_wconf 89' lang='grc'><strong>6.</strong></span> <span class='ocrx_word' id='word_1_227' title='bbox 1223 1777 1261 1805; x_wconf 83' lang='lat' dir='ltr'><strong>et</strong></span> <span class='ocrx_word' id='word_1_228' title='bbox 1275 1773 1375 1805; x_wconf 73' lang='lat' dir='ltr'><strong>Desa.</strong></span> <span class='ocrx_word' id='word_1_229' title='bbox 1391 1774 1426 1803; x_wconf 91' lang='lat'><strong>1.</strong></span> <span class='ocrx_word' id='word_1_230' title='bbox 1439 1773 1474 1803; x_wconf 79' lang='lat'><strong>2.</strong></span> <span class='ocrx_word' id='word_1_231' title='bbox 1498 1776 1536 1803; x_wconf 82' lang='lat' dir='ltr'><strong>et</strong></span> <span class='ocrx_word' id='word_1_232' title='bbox 1563 1771 1613 1804; x_wconf 81' lang='lat' dir='ltr'><strong>sie</strong></span> <span class='ocrx_word' id='word_1_233' title='bbox 1638 1773 1712 1805; x_wconf 82' lang='lat' dir='ltr'><strong>edi·</strong></span> 
     </span>
     <span class='ocr_line' id='line_1_30' title="bbox 242 1813 1713 1859; baseline 0 -13"><span class='ocrx_word' id='word_1_234' title='bbox 242 1816 326 1847; x_wconf 86' lang='lat' dir='ltr'><strong>dere</strong></span> <span class='ocrx_word' id='word_1_235' title='bbox 344 1817 490 1859; x_wconf 82' lang='lat' dir='ltr'><strong>Cuning.</strong></span> <span class='ocrx_word' id='word_1_236' title='bbox 505 1817 632 1850; x_wconf 85' lang='lat' dir='ltr'><strong>Sanad.</strong></span> <span class='ocrx_word' id='word_1_237' title='bbox 655 1817 751 1859; x_wconf 76' lang='lat' dir='ltr'><strong>Jam,</strong></span> <span class='ocrx_word' id='word_1_238' title='bbox 775 1817 916 1858; x_wconf 83' lang='lat' dir='ltr'><strong>Bipout.</strong></span> <span class='ocrx_word' id='word_1_239' title='bbox 932 1822 969 1849; x_wconf 87' lang='lat' dir='ltr'><strong>et</strong></span> <span class='ocrx_word' id='word_1_240' title='bbox 984 1818 1128 1849; x_wconf 85' lang='lat' dir='ltr'><strong>Mitsch.</strong></span> <span class='ocrx_word' id='word_1_241' title='bbox 1175 1815 1307 1849; x_wconf 78' lang='lat' dir='ltr'><strong>Ferenti</strong></span> <span class='ocrx_word' id='word_1_242' title='bbox 1322 1823 1402 1846; x_wconf 87' lang='lat' dir='ltr'><strong>vero</strong></span> <span class='ocrx_word' id='word_1_243' title='bbox 1417 1813 1586 1846; x_wconf 82' lang='lat' dir='ltr'><strong>exhibent</strong></span> <span class='ocrx_word' id='word_1_244' title='bbox 1601 1813 1713 1848; x_wconf 81' lang='lat' dir='ltr'><strong>ceteri</strong></span> 
     </span>
     <span class='ocr_line' id='line_1_31' title="bbox 239 1857 1712 1902; baseline 0 -12"><span class='ocrx_word' id='word_1_245' title='bbox 239 1859 340 1892; x_wconf 87' lang='lat' dir='ltr'><strong>codd.</strong></span> <span class='ocrx_word' id='word_1_246' title='bbox 355 1870 471 1892; x_wconf 83' lang='lat' dir='ltr'><strong>omnes</strong></span> <span class='ocrx_word' id='word_1_247' title='bbox 493 1865 530 1892; x_wconf 84' lang='lat' dir='ltr'><strong>et</strong></span> <span class='ocrx_word' id='word_1_248' title='bbox 553 1860 633 1893; x_wconf 88' lang='lat' dir='ltr'><strong>edd.</strong></span> <span class='ocrx_word' id='word_1_249' title='bbox 648 1866 779 1902; x_wconf 81' lang='lat' dir='ltr'><strong>praeter</strong></span> <span class='ocrx_word' id='word_1_250' title='bbox 801 1860 948 1902; x_wconf 85' lang='lat' dir='ltr'><strong>Fraueq.</strong></span> <span class='ocrx_word' id='word_1_251' title='bbox 963 1859 1022 1902; x_wconf 86' lang='lat' dir='ltr'><strong>qui</strong></span> <span class='ocrx_word' id='word_1_252' title='bbox 1050 1860 1156 1892; x_wconf 81' lang='lat' dir='ltr'><strong>habet</strong></span> <span class='ocrx_word' id='word_1_253' title='bbox 1179 1858 1424 1892; x_wconf 76' lang='lat' dir='ltr'><strong>Florenti.—19</strong></span> <span class='ocrx_word' id='word_1_254' title='bbox 1641 1857 1712 1890; x_wconf 87' lang='lat' dir='ltr'><strong>Cu·</strong></span> 
     </span>
     <span class='ocr_line' id='line_1_32' title="bbox 242 1899 1712 1946; baseline 0 -14"><span class='ocrx_word' id='word_1_255' title='bbox 242 1902 336 1943; x_wconf 81' lang='lat' dir='ltr'><strong>ning.</strong></span> <span class='ocrx_word' id='word_1_256' title='bbox 352 1904 540 1945; x_wconf 79' lang='lat' dir='ltr'><strong>collectaque</strong></span> <span class='ocrx_word' id='word_1_257' title='bbox 555 1907 659 1946; x_wconf 83' lang='lat' dir='ltr'><strong>myrto</strong></span> <span class='ocrx_word' id='word_1_258' title='bbox 674 1902 813 1946; x_wconf 81' lang='lat' dir='ltr'><strong>quidam</strong></span> <span class='ocrx_word' id='word_1_259' title='bbox 828 1913 885 1945; x_wconf 88' lang='lat' dir='ltr'><strong>ap.</strong></span> <span class='ocrx_word' id='word_1_260' title='bbox 901 1903 994 1944; x_wconf 80' lang='lat' dir='ltr'><strong>Jani,</strong></span> <span class='ocrx_word' id='word_1_261' title='bbox 1009 1911 1052 1935; x_wconf 86' lang='lat' dir='ltr'><strong>ex</strong></span> <span class='ocrx_word' id='word_1_262' title='bbox 1069 1902 1483 1944; x_wconf 76' lang='lat' dir='ltr'><strong>interpretamento.—-2o</strong></span> <span class='ocrx_word' id='word_1_263' title='bbox 1506 1899 1593 1933; x_wconf 79' lang='lat' dir='ltr'><strong>Post</strong></span> <span class='ocrx_word' id='word_1_264' title='bbox 1607 1902 1712 1943; x_wconf 66' lang='lat' dir='ltr'><strong>myrto</strong></span> 
     </span>
    </p>
   </div>
   <div class='ocr_carea' id='block_1_8' title="bbox 916 1991 1063 2026">
    <p class='ocr_par' dir='ltr' id='par_1_8' title="bbox 916 1991 1063 2026">
     <span class='ocr_line' id='line_1_33' title="bbox 916 1991 1063 2026; baseline 0 -1"><span class='ocrx_word' id='word_1_265' title='bbox 916 1991 1063 2026; x_wconf 83' lang='lat' dir='ltr'>NOTAE</span> 
     </span>
    </p>
   </div>
   <div class='ocr_carea' id='block_1_9' title="bbox 245 2054 953 2145">
    <p class='ocr_par' dir='ltr' id='par_1_9' title="bbox 245 2054 953 2145">
     <span class='ocr_line' id='line_1_34' title="bbox 286 2054 953 2096; baseline 0.003 -10"><span class='ocrx_word' id='word_1_266' title='bbox 286 2056 327 2086; x_wconf 86' lang='lat'><strong>12</strong></span> <span class='ocrx_word' id='word_1_267' title='bbox 355 2054 482 2087; x_wconf 83' lang='lat' dir='ltr'><strong>Fronde</strong></span> <span class='ocrx_word' id='word_1_268' title='bbox 510 2065 592 2087; x_wconf 82' lang='lat' dir='ltr'><strong>nova</strong></span> <span class='ocrx_word' id='word_1_269' title='bbox 630 2065 762 2096; x_wconf 78' lang='lat' dir='ltr'><strong>puerum</strong></span> <span class='ocrx_word' id='word_1_270' title='bbox 794 2056 953 2096; x_wconf 75' lang='lat' dir='ltr'><strong>palumbes</strong></span> 
     </span>
     <span class='ocr_line' id='line_1_35' title="bbox 245 2104 953 2145; baseline 0.001 -8"><span class='ocrx_word' id='word_1_271' title='bbox 245 2104 379 2145; x_wconf 66' lang='lat' dir='ltr'><strong>Temere]</strong></span> <span class='ocrx_word' id='word_1_272' title='bbox 401 2105 480 2137; x_wconf 86' lang='lat' dir='ltr'><strong>Jam</strong></span> <span class='ocrx_word' id='word_1_273' title='bbox 498 2109 571 2135; x_wconf 90' lang='lat' dir='ltr'><strong>tum</strong></span> <span class='ocrx_word' id='word_1_274' title='bbox 589 2115 683 2136; x_wconf 89' lang='lat' dir='ltr'><strong>suam</strong></span> <span class='ocrx_word' id='word_1_275' title='bbox 707 2106 789 2137; x_wconf 83' lang='lat' dir='ltr'><strong>mihi</strong></span> <span class='ocrx_word' id='word_1_276' title='bbox 807 2107 953 2138; x_wconf 80' lang='lat' dir='ltr'><strong>tutelam</strong></span> 
     </span>
    </p>
   </div>
   <div class='ocr_carea' id='block_1_10' title="bbox 244 2153 954 2246">
    <p class='ocr_par' dir='ltr' id='par_1_10' title="bbox 244 2153 954 2246">
     <span class='ocr_line' id='line_1_36' title="bbox 244 2153 954 2195; baseline 0.003 -9"><span class='ocrx_word' id='word_1_277' title='bbox 244 2154 402 2186; x_wconf 82' lang='lat' dir='ltr'><strong>obtulere</strong></span> <span class='ocrx_word' id='word_1_278' title='bbox 428 2153 498 2195; x_wconf 89' lang='lat' dir='ltr'><strong>Dii,</strong></span> <span class='ocrx_word' id='word_1_279' title='bbox 527 2163 628 2195; x_wconf 85' lang='lat' dir='ltr'><strong>quam</strong></span> <span class='ocrx_word' id='word_1_280' title='bbox 659 2158 782 2194; x_wconf 83' lang='lat' dir='ltr'><strong>postea</strong></span> <span class='ocrx_word' id='word_1_281' title='bbox 817 2155 954 2188; x_wconf 84' lang='lat' dir='ltr'><strong>abunde</strong></span> 
     </span>
     <span class='ocr_line' id='line_1_37' title="bbox 246 2208 512 2246; baseline -0.008 -10"><span class='ocrx_word' id='word_1_282' title='bbox 246 2208 411 2246; x_wconf 83' lang='lat' dir='ltr'><strong>expertus</strong></span> <span class='ocrx_word' id='word_1_283' title='bbox 427 2213 512 2235; x_wconf 78' lang='lat' dir='ltr'><strong>sum.</strong></span> 
     </span>
    </p>
   </div>
   <div class='ocr_carea' id='block_1_11' title="bbox 246 2252 960 2852">
    <p class='ocr_par' dir='ltr' id='par_1_11' title="bbox 290 2252 888 2294">
     <span class='ocr_line' id='line_1_38' title="bbox 290 2252 888 2294; baseline -0.003 -8"><span class='ocrx_word' id='word_1_284' title='bbox 290 2252 475 2294; x_wconf 67' lang='lat' dir='ltr'><strong>palumbes]</strong></span> <span class='ocrx_word' id='word_1_285' title='bbox 498 2252 675 2285; x_wconf 81' lang='lat' dir='ltr'><strong>Columbae</strong></span> <span class='ocrx_word' id='word_1_286' title='bbox 692 2253 888 2294; x_wconf 81' lang='lat' dir='ltr'><strong>sylvestres.</strong></span> 
     </span>
    </p>

    <p class='ocr_par' dir='ltr' id='par_1_12' title="bbox 246 2301 957 2697">
     <span class='ocr_line' id='line_1_39' title="bbox 289 2301 955 2343; baseline 0 -8"><span class='ocrx_word' id='word_1_287' title='bbox 289 2305 332 2335; x_wconf 83' lang='lat'><strong>14</strong></span> <span class='ocrx_word' id='word_1_288' title='bbox 356 2303 478 2334; x_wconf 79' lang='lat' dir='ltr'><strong>Nidnm</strong></span> <span class='ocrx_word' id='word_1_289' title='bbox 493 2302 720 2343; x_wconf 78' lang='lat' dir='ltr'><strong>Achoerontiae]</strong></span> <span class='ocrx_word' id='word_1_290' title='bbox 743 2301 955 2335; x_wconf 86' lang='lat' dir='ltr'><strong>Acherontia</strong></span> 
     </span>
     <span class='ocr_line' id='line_1_40' title="bbox 246 2352 955 2395; baseline -0.004 -8"><span class='ocrx_word' id='word_1_291' title='bbox 246 2359 301 2387; x_wconf 88' lang='lat' dir='ltr'><strong>est</strong></span> <span class='ocrx_word' id='word_1_292' title='bbox 321 2353 404 2386; x_wconf 87' lang='lat' dir='ltr'><strong>urbs</strong></span> <span class='ocrx_word' id='word_1_293' title='bbox 427 2353 590 2385; x_wconf 70' lang='lat' dir='ltr'><strong>Lucaniae</strong></span> <span class='ocrx_word' id='word_1_294' title='bbox 613 2353 647 2385; x_wconf 91' lang='lat' dir='ltr'><strong>in</strong></span> <span class='ocrx_word' id='word_1_295' title='bbox 672 2352 796 2387; x_wconf 87' lang='lat' dir='ltr'><strong>montis</strong></span> <span class='ocrx_word' id='word_1_296' title='bbox 812 2353 955 2395; x_wconf 85' lang='lat' dir='ltr'><strong>vertice,</strong></span> 
     </span>
     <span class='ocr_line' id='line_1_41' title="bbox 248 2403 953 2445; baseline -0.003 -7"><span class='ocrx_word' id='word_1_297' title='bbox 248 2412 288 2438; x_wconf 87' lang='lat' dir='ltr'><strong>ut</strong></span> <span class='ocrx_word' id='word_1_298' title='bbox 318 2404 417 2437; x_wconf 85' lang='lat' dir='ltr'><strong>nidus</strong></span> <span class='ocrx_word' id='word_1_299' title='bbox 442 2404 477 2435; x_wconf 90' lang='lat' dir='ltr'><strong>in</strong></span> <span class='ocrx_word' id='word_1_300' title='bbox 506 2404 636 2435; x_wconf 84' lang='lat' dir='ltr'><strong>arboris</strong></span> <span class='ocrx_word' id='word_1_301' title='bbox 663 2403 802 2444; x_wconf 79' lang='lat' dir='ltr'><strong>fastigio</strong></span> <span class='ocrx_word' id='word_1_302' title='bbox 829 2403 953 2445; x_wconf 79' lang='lat' dir='ltr'><strong>posita.</strong></span> 
     </span>
     <span class='ocr_line' id='line_1_42' title="bbox 250 2453 955 2488; baseline -0.004 0"><span class='ocrx_word' id='word_1_303' title='bbox 250 2455 372 2488; x_wconf 85' lang='lat' dir='ltr'><strong>Cicero</strong></span> <span class='ocrx_word' id='word_1_304' title='bbox 389 2454 433 2486; x_wconf 89' lang='lat' dir='ltr'><strong>de</strong></span> <span class='ocrx_word' id='word_1_305' title='bbox 449 2454 551 2486; x_wconf 82' lang='lat' dir='ltr'><strong>Orat.</strong></span> <span class='ocrx_word' id='word_1_306' title='bbox 567 2463 592 2486; x_wconf 90' lang='lat'><strong>1.</strong></span> <span class='ocrx_word' id='word_1_307' title='bbox 611 2463 643 2487; x_wconf 91' lang='lat' dir='ltr'><strong>u.</strong></span> <span class='ocrx_word' id='word_1_308' title='bbox 660 2456 735 2486; x_wconf 88' lang='grc'><strong>196.</strong></span> <span class='ocrx_word' id='word_1_309' title='bbox 757 2454 768 2472; x_wconf 91' lang='lat'>‘</span> <span class='ocrx_word' id='word_1_310' title='bbox 779 2454 890 2486; x_wconf 76' lang='lat' dir='ltr'><strong>Tanta</strong></span> <span class='ocrx_word' id='word_1_311' title='bbox 904 2453 955 2485; x_wconf 78' lang='lat' dir='ltr'><strong>vis</strong></span> 
     </span>
     <span class='ocr_line' id='line_1_43' title="bbox 250 2505 955 2548; baseline -0.003 -10"><span class='ocrx_word' id='word_1_312' title='bbox 250 2507 372 2548; x_wconf 72' lang='lat' dir='ltr'><strong>patriae</strong></span> <span class='ocrx_word' id='word_1_313' title='bbox 385 2510 451 2546; x_wconf 89' lang='lat' dir='ltr'><strong>est,</strong></span> <span class='ocrx_word' id='word_1_314' title='bbox 464 2510 502 2537; x_wconf 91' lang='lat' dir='ltr'><strong>ut</strong></span> <span class='ocrx_word' id='word_1_315' title='bbox 515 2505 670 2537; x_wconf 83' lang='lat' dir='ltr'><strong>Ithacam</strong></span> <span class='ocrx_word' id='word_1_316' title='bbox 686 2505 778 2536; x_wconf 86' lang='lat' dir='ltr'><strong>illam</strong></span> <span class='ocrx_word' id='word_1_317' title='bbox 792 2505 827 2536; x_wconf 91' lang='lat' dir='ltr'><strong>iu</strong></span> <span class='ocrx_word' id='word_1_318' title='bbox 839 2513 955 2546; x_wconf 86' lang='lat' dir='ltr'><strong>asper-</strong></span> 
     </span>
     <span class='ocr_line' id='line_1_44' title="bbox 250 2554 956 2597; baseline 0 -9"><span class='ocrx_word' id='word_1_319' title='bbox 250 2557 342 2588; x_wconf 83' lang='lat' dir='ltr'><strong>rimis</strong></span> <span class='ocrx_word' id='word_1_320' title='bbox 352 2556 478 2588; x_wconf 83' lang='lat' dir='ltr'><strong>saxulis</strong></span> <span class='ocrx_word' id='word_1_321' title='bbox 489 2561 648 2597; x_wconf 85' lang='lat' dir='ltr'><strong>tanquam</strong></span> <span class='ocrx_word' id='word_1_322' title='bbox 658 2554 812 2587; x_wconf 85' lang='lat' dir='ltr'><strong>nidulum</strong></span> <span class='ocrx_word' id='word_1_323' title='bbox 820 2554 956 2588; x_wconf 86' lang='lat' dir='ltr'><strong>affixam</strong></span> 
     </span>
     <span class='ocr_line' id='line_1_45' title="bbox 251 2606 957 2648; baseline 0.003 -11"><span class='ocrx_word' id='word_1_324' title='bbox 251 2606 527 2648; x_wconf 80' lang='lat' dir='ltr'><strong>sapientissimus</strong></span> <span class='ocrx_word' id='word_1_325' title='bbox 540 2607 591 2638; x_wconf 85' lang='lat' dir='ltr'><strong>vir</strong></span> <span class='ocrx_word' id='word_1_326' title='bbox 600 2606 849 2639; x_wconf 79' lang='lat' dir='ltr'><strong>immortalitati</strong></span> <span class='ocrx_word' id='word_1_327' title='bbox 862 2610 957 2639; x_wconf 85' lang='lat' dir='ltr'><strong>ante-</strong></span> 
     </span>
     <span class='ocr_line' id='line_1_46' title="bbox 253 2656 425 2697; baseline -0.006 -9"><span class='ocrx_word' id='word_1_328' title='bbox 253 2656 425 2697; x_wconf 60' lang='lat' dir='ltr'><strong>poneret!</strong></span> 
     </span>
    </p>

    <p class='ocr_par' dir='ltr' id='par_1_13' title="bbox 252 2705 960 2852">
     <span class='ocr_line' id='line_1_47' title="bbox 298 2705 954 2750; baseline 0.006 -13"><span class='ocrx_word' id='word_1_329' title='bbox 298 2709 336 2737; x_wconf 89' lang='lat'><strong>15</strong></span> <span class='ocrx_word' id='word_1_330' title='bbox 362 2706 532 2747; x_wconf 79' lang='lat' dir='ltr'><strong>Saltusque</strong></span> <span class='ocrx_word' id='word_1_331' title='bbox 555 2706 732 2748; x_wconf 77' lang='lat' dir='ltr'><strong>Bantinos]</strong></span> <span class='ocrx_word' id='word_1_332' title='bbox 757 2705 882 2740; x_wconf 84' lang='lat' dir='ltr'><strong>Bantia</strong></span> <span class='ocrx_word' id='word_1_333' title='bbox 896 2717 954 2750; x_wconf 84' lang='lat' dir='ltr'><strong>op·</strong></span> 
     </span>
     <span class='ocr_line' id='line_1_48' title="bbox 252 2756 960 2798; baseline 0.006 -11"><span class='ocrx_word' id='word_1_334' title='bbox 252 2756 370 2798; x_wconf 77' lang='lat' dir='ltr'><strong>pidum</strong></span> <span class='ocrx_word' id='word_1_335' title='bbox 393 2761 446 2788; x_wconf 86' lang='lat' dir='ltr'><strong>est</strong></span> <span class='ocrx_word' id='word_1_336' title='bbox 472 2757 605 2798; x_wconf 86' lang='lat' dir='ltr'><strong>Apuliae</strong></span> <span class='ocrx_word' id='word_1_337' title='bbox 628 2758 662 2789; x_wconf 90' lang='lat' dir='ltr'><strong>in</strong></span> <span class='ocrx_word' id='word_1_338' title='bbox 679 2759 840 2791; x_wconf 82' lang='lat' dir='ltr'><strong>Lucauiae</strong></span> <span class='ocrx_word' id='word_1_339' title='bbox 856 2757 960 2791; x_wconf 84' lang='lat' dir='ltr'><strong>coufi-</strong></span> 
     </span>
     <span class='ocr_line' id='line_1_49' title="bbox 252 2807 958 2852; baseline 0.004 -13"><span class='ocrx_word' id='word_1_340' title='bbox 252 2808 323 2848; x_wconf 89' lang='lat' dir='ltr'><strong>nio,</strong></span> <span class='ocrx_word' id='word_1_341' title='bbox 338 2807 475 2848; x_wconf 84' lang='lat' dir='ltr'><strong>pascuis</strong></span> <span class='ocrx_word' id='word_1_342' title='bbox 487 2807 848 2850; x_wconf 79' lang='lat' dir='ltr'><strong>abundans,venusiae</strong></span> <span class='ocrx_word' id='word_1_343' title='bbox 860 2818 958 2852; x_wconf 85' lang='lat' dir='ltr'><strong>prox-</strong></span> 
     </span>
    </p>
   </div>
   <div class='ocr_carea' id='block_1_12' title="bbox 1005 2065 1716 2850">
    <p class='ocr_par' dir='ltr' id='par_1_14' title="bbox 1005 2065 1085 2088">
     <span class='ocr_line' id='line_1_50' title="bbox 1005 2065 1085 2088; baseline -0.013 0"><span class='ocrx_word' id='word_1_344' title='bbox 1005 2065 1085 2088; x_wconf 75' lang='lat' dir='ltr'><strong>ima.</strong></span> 
     </span>
    </p>

    <p class='ocr_par' dir='ltr' id='par_1_15' title="bbox 1005 2102 1714 2237">
     <span class='ocr_line' id='line_1_51' title="bbox 1051 2102 1713 2144; baseline 0 -7"><span class='ocrx_word' id='word_1_345' title='bbox 1051 2108 1092 2137; x_wconf 88' lang='grc'><strong>16</strong></span> <span class='ocrx_word' id='word_1_346' title='bbox 1105 2103 1244 2137; x_wconf 69' lang='lat' dir='ltr'><strong>Humilis</strong></span> <span class='ocrx_word' id='word_1_347' title='bbox 1256 2102 1403 2144; x_wconf 74' lang='lat' dir='ltr'><strong>Ferenti]</strong></span> <span class='ocrx_word' id='word_1_348' title='bbox 1412 2102 1502 2136; x_wconf 80' lang='lat' dir='ltr'><strong>Haec</strong></span> <span class='ocrx_word' id='word_1_349' title='bbox 1515 2103 1620 2136; x_wconf 84' lang='lat' dir='ltr'><strong>etiam</strong></span> <span class='ocrx_word' id='word_1_350' title='bbox 1629 2103 1713 2137; x_wconf 79' lang='lat' dir='ltr'><strong>urbs</strong></span> 
     </span>
     <span class='ocr_line' id='line_1_52' title="bbox 1005 2153 1714 2197; baseline -0.001 -10"><span class='ocrx_word' id='word_1_351' title='bbox 1005 2154 1157 2197; x_wconf 86' lang='lat' dir='ltr'><strong>Apuliae,</strong></span> <span class='ocrx_word' id='word_1_352' title='bbox 1174 2154 1338 2187; x_wconf 81' lang='lat' dir='ltr'><strong>Lucauiae</strong></span> <span class='ocrx_word' id='word_1_353' title='bbox 1353 2153 1437 2186; x_wconf 72' lang='lat' dir='ltr'><strong>fines</strong></span> <span class='ocrx_word' id='word_1_354' title='bbox 1453 2153 1608 2195; x_wconf 78' lang='lat' dir='ltr'><strong>attingit,</strong></span> <span class='ocrx_word' id='word_1_355' title='bbox 1623 2154 1714 2186; x_wconf 80' lang='lat' dir='ltr'><strong>inter</strong></span> 
     </span>
     <span class='ocr_line' id='line_1_53' title="bbox 1006 2203 1605 2237; baseline -0.002 -1"><span class='ocrx_word' id='word_1_356' title='bbox 1006 2204 1195 2236; x_wconf 83' lang='lat' dir='ltr'><strong>Venusiam</strong></span> <span class='ocrx_word' id='word_1_357' title='bbox 1210 2209 1247 2237; x_wconf 90' lang='lat' dir='ltr'><strong>et</strong></span> <span class='ocrx_word' id='word_1_358' title='bbox 1262 2203 1509 2236; x_wconf 85' lang='lat' dir='ltr'><strong>Acherontiam</strong></span> <span class='ocrx_word' id='word_1_359' title='bbox 1526 2203 1605 2236; x_wconf 76' lang='lat' dir='ltr'><strong>sita.</strong></span> 
     </span>
    </p>

    <p class='ocr_par' dir='ltr' id='par_1_16' title="bbox 1006 2253 1716 2792">
     <span class='ocr_line' id='line_1_54' title="bbox 1051 2253 1715 2295; baseline 0 -9"><span class='ocrx_word' id='word_1_360' title='bbox 1051 2257 1091 2286; x_wconf 79' lang='grc'><strong>17</strong></span> <span class='ocrx_word' id='word_1_361' title='bbox 1120 2255 1164 2286; x_wconf 78' lang='lat' dir='ltr'><strong>Ut</strong></span> <span class='ocrx_word' id='word_1_362' title='bbox 1187 2258 1256 2286; x_wconf 79' lang='lat' dir='ltr'><strong>tuto</strong></span> <span class='ocrx_word' id='word_1_363' title='bbox 1277 2254 1316 2286; x_wconf 82' lang='lat' dir='ltr'><strong>ab</strong></span> <span class='ocrx_word' id='word_1_364' title='bbox 1341 2254 1435 2292; x_wconf 70' lang='lat' dir='ltr'><strong>atris,</strong></span> <span class='ocrx_word' id='word_1_365' title='bbox 1460 2253 1531 2295; x_wconf 55' lang='grc' dir='ltr'><strong>ξω]</strong></span> <span class='ocrx_word' id='word_1_366' title='bbox 1560 2253 1715 2286; x_wconf 81' lang='lat' dir='ltr'><strong>Circum-</strong></span> 
     </span>
     <span class='ocr_line' id='line_1_55' title="bbox 1007 2303 1714 2345; baseline 0.001 -11"><span class='ocrx_word' id='word_1_367' title='bbox 1007 2303 1177 2335; x_wconf 81' lang='lat' dir='ltr'><strong>stantibus</strong></span> <span class='ocrx_word' id='word_1_368' title='bbox 1199 2312 1324 2345; x_wconf 83' lang='lat' dir='ltr'><strong>nempe</strong></span> <span class='ocrx_word' id='word_1_369' title='bbox 1347 2304 1492 2335; x_wconf 82' lang='lat' dir='ltr'><strong>istarum</strong></span> <span class='ocrx_word' id='word_1_370' title='bbox 1511 2303 1647 2336; x_wconf 84' lang='lat' dir='ltr'><strong>urbium</strong></span> <span class='ocrx_word' id='word_1_371' title='bbox 1662 2304 1714 2335; x_wconf 82' lang='lat' dir='ltr'><strong>in-</strong></span> 
     </span>
     <span class='ocr_line' id='line_1_56' title="bbox 1007 2351 1714 2394; baseline 0.001 -9"><span class='ocrx_word' id='word_1_372' title='bbox 1007 2353 1091 2385; x_wconf 86' lang='lat' dir='ltr'><strong>colis</strong></span> <span class='ocrx_word' id='word_1_373' title='bbox 1116 2354 1239 2384; x_wconf 85' lang='lat' dir='ltr'><strong>mirum</strong></span> <span class='ocrx_word' id='word_1_374' title='bbox 1254 2353 1365 2384; x_wconf 85' lang='lat' dir='ltr'><strong>visum</strong></span> <span class='ocrx_word' id='word_1_375' title='bbox 1387 2356 1454 2390; x_wconf 84' lang='lat' dir='ltr'><strong>est,</strong></span> <span class='ocrx_word' id='word_1_376' title='bbox 1471 2352 1530 2394; x_wconf 83' lang='lat' dir='ltr'><strong>qni</strong></span> <span class='ocrx_word' id='word_1_377' title='bbox 1543 2351 1658 2394; x_wconf 81' lang='lat' dir='ltr'><strong>fieret,</strong></span> <span class='ocrx_word' id='word_1_378' title='bbox 1672 2356 1714 2386; x_wconf 86' lang='lat' dir='ltr'><strong>ut</strong></span> 
     </span>
     <span class='ocr_line' id='line_1_57' title="bbox 1007 2401 1713 2446; baseline -0.003 -10"><span class='ocrx_word' id='word_1_379' title='bbox 1007 2412 1095 2446; x_wconf 85' lang='lat' dir='ltr'><strong>puer</strong></span> <span class='ocrx_word' id='word_1_380' title='bbox 1109 2412 1174 2445; x_wconf 81' lang='lat' dir='ltr'><strong>ego</strong></span> <span class='ocrx_word' id='word_1_381' title='bbox 1189 2402 1373 2435; x_wconf 84' lang='lat' dir='ltr'><strong>dormirem</strong></span> <span class='ocrx_word' id='word_1_382' title='bbox 1391 2405 1486 2433; x_wconf 86' lang='lat' dir='ltr'><strong>tutus</strong></span> <span class='ocrx_word' id='word_1_383' title='bbox 1508 2401 1579 2433; x_wconf 84' lang='lat' dir='ltr'><strong>illic</strong></span> <span class='ocrx_word' id='word_1_384' title='bbox 1604 2406 1675 2434; x_wconf 82' lang='lat' dir='ltr'><strong>tum</strong></span> <span class='ocrx_word' id='word_1_385' title='bbox 1693 2412 1713 2434; x_wconf 84' lang='lat' dir='ltr'><strong>a</strong></span> 
     </span>
     <span class='ocr_line' id='line_1_58' title="bbox 1006 2451 1716 2496; baseline -0.001 -9"><span class='ocrx_word' id='word_1_386' title='bbox 1006 2454 1204 2496; x_wconf 80' lang='lat' dir='ltr'><strong>viperarum</strong></span> <span class='ocrx_word' id='word_1_387' title='bbox 1219 2452 1374 2492; x_wconf 84' lang='lat' dir='ltr'><strong>venenis,</strong></span> <span class='ocrx_word' id='word_1_388' title='bbox 1396 2461 1474 2484; x_wconf 89' lang='lat' dir='ltr'><strong>cum</strong></span> <span class='ocrx_word' id='word_1_389' title='bbox 1494 2455 1533 2485; x_wconf 82' lang='lat' dir='ltr'><strong>et</strong></span> <span class='ocrx_word' id='word_1_390' title='bbox 1553 2451 1597 2485; x_wconf 84' lang='lat' dir='ltr'><strong>ab</strong></span> <span class='ocrx_word' id='word_1_391' title='bbox 1620 2462 1716 2486; x_wconf 83' lang='lat' dir='ltr'><strong>urso·</strong></span> 
     </span>
     <span class='ocr_line' id='line_1_59' title="bbox 1008 2503 1715 2546; baseline 0 -9"><span class='ocrx_word' id='word_1_392' title='bbox 1008 2513 1084 2537; x_wconf 86' lang='lat' dir='ltr'><strong>rum</strong></span> <span class='ocrx_word' id='word_1_393' title='bbox 1095 2505 1299 2538; x_wconf 82' lang='lat' dir='ltr'><strong>voracitate.</strong></span> <span class='ocrx_word' id='word_1_394' title='bbox 1333 2503 1410 2537; x_wconf 83' lang='lat' dir='ltr'><strong>Quo</strong></span> <span class='ocrx_word' id='word_1_395' title='bbox 1423 2503 1526 2535; x_wconf 87' lang='lat' dir='ltr'><strong>etiam</strong></span> <span class='ocrx_word' id='word_1_396' title='bbox 1542 2503 1715 2546; x_wconf 74' lang='lat' dir='ltr'><strong>praesagio</strong></span> 
     </span>
     <span class='ocr_line' id='line_1_60' title="bbox 1008 2552 1716 2597; baseline -0.004 -9"><span class='ocrx_word' id='word_1_397' title='bbox 1008 2555 1169 2588; x_wconf 77' lang='lat' dir='ltr'><strong>obtectus</strong></span> <span class='ocrx_word' id='word_1_398' title='bbox 1193 2563 1302 2587; x_wconf 80' lang='lat' dir='ltr'><strong>essem</strong></span> <span class='ocrx_word' id='word_1_399' title='bbox 1316 2554 1434 2586; x_wconf 82' lang='lat' dir='ltr'><strong>laurea</strong></span> <span class='ocrx_word' id='word_1_400' title='bbox 1445 2552 1609 2596; x_wconf 80' lang='lat' dir='ltr'><strong>Apollini,</strong></span> <span class='ocrx_word' id='word_1_401' title='bbox 1623 2562 1716 2597; x_wconf 74' lang='lat' dir='ltr'><strong>myr-</strong></span> 
     </span>
     <span class='ocr_line' id='line_1_61' title="bbox 1011 2604 1716 2651; baseline -0.001 -11"><span class='ocrx_word' id='word_1_402' title='bbox 1011 2611 1117 2651; x_wconf 86' lang='lat' dir='ltr'><strong>toque</strong></span> <span class='ocrx_word' id='word_1_403' title='bbox 1131 2607 1262 2640; x_wconf 85' lang='lat' dir='ltr'><strong>Veueri</strong></span> <span class='ocrx_word' id='word_1_404' title='bbox 1279 2609 1494 2638; x_wconf 81' lang='lat' dir='ltr'><strong>consecrata.</strong></span> <span class='ocrx_word' id='word_1_405' title='bbox 1537 2604 1640 2638; x_wconf 84' lang='lat' dir='ltr'><strong>Illinc</strong></span> <span class='ocrx_word' id='word_1_406' title='bbox 1656 2614 1716 2639; x_wconf 83' lang='lat' dir='ltr'><strong>au-</strong></span> 
     </span>
     <span class='ocr_line' id='line_1_62' title="bbox 1012 2655 1716 2700; baseline -0.003 -8"><span class='ocrx_word' id='word_1_407' title='bbox 1012 2663 1083 2692; x_wconf 87' lang='lat' dir='ltr'><strong>tem</strong></span> <span class='ocrx_word' id='word_1_408' title='bbox 1109 2663 1283 2692; x_wconf 77' lang='lat' dir='ltr'><strong>ostensum</strong></span> <span class='ocrx_word' id='word_1_409' title='bbox 1306 2662 1360 2689; x_wconf 80' lang='lat' dir='ltr'><strong>est</strong></span> <span class='ocrx_word' id='word_1_410' title='bbox 1380 2656 1526 2690; x_wconf 72' lang='lat' dir='ltr'><strong>Poetam</strong></span> <span class='ocrx_word' id='word_1_411' title='bbox 1549 2666 1604 2690; x_wconf 90' lang='lat' dir='ltr'><strong>me</strong></span> <span class='ocrx_word' id='word_1_412' title='bbox 1626 2655 1716 2700; x_wconf 81' lang='lat' dir='ltr'><strong>fore,</strong></span> 
     </span>
     <span class='ocr_line' id='line_1_63' title="bbox 1011 2706 1716 2742; baseline -0.003 0"><span class='ocrx_word' id='word_1_413' title='bbox 1011 2709 1092 2742; x_wconf 85' lang='lat' dir='ltr'><strong>hinc</strong></span> <span class='ocrx_word' id='word_1_414' title='bbox 1104 2718 1187 2742; x_wconf 85' lang='lat' dir='ltr'><strong>vero</strong></span> <span class='ocrx_word' id='word_1_415' title='bbox 1202 2708 1244 2741; x_wconf 86' lang='lat' dir='ltr'><strong>ad</strong></span> <span class='ocrx_word' id='word_1_416' title='bbox 1266 2707 1436 2740; x_wconf 85' lang='lat' dir='ltr'><strong>canendas</strong></span> <span class='ocrx_word' id='word_1_417' title='bbox 1456 2715 1510 2740; x_wconf 72' lang='lat' dir='ltr'><strong>ree</strong></span> <span class='ocrx_word' id='word_1_418' title='bbox 1532 2706 1716 2740; x_wconf 77' lang='lat' dir='ltr'><strong>amatorias</strong></span> 
     </span>
     <span class='ocr_line' id='line_1_64' title="bbox 1013 2759 1192 2792; baseline 0 0"><span class='ocrx_word' id='word_1_419' title='bbox 1013 2759 1192 2792; x_wconf 83' lang='lat' dir='ltr'><strong>destinari.</strong></span> 
     </span>
    </p>

    <p class='ocr_par' dir='ltr' id='par_1_17' title="bbox 1055 2804 1714 2850">
     <span class='ocr_line' id='line_1_65' title="bbox 1055 2804 1714 2850; baseline -0.005 -7"><span class='ocrx_word' id='word_1_420' title='bbox 1055 2812 1100 2843; x_wconf 80' lang='lat'><strong>20</strong></span> <span class='ocrx_word' id='word_1_421' title='bbox 1115 2809 1189 2842; x_wconf 87' lang='lat' dir='ltr'><strong>Non</strong></span> <span class='ocrx_word' id='word_1_422' title='bbox 1202 2809 1271 2841; x_wconf 75' lang='lat' dir='ltr'><strong>sine</strong></span> <span class='ocrx_word' id='word_1_423' title='bbox 1280 2807 1359 2849; x_wconf 80' lang='lat' dir='ltr'><strong>Dis]</strong></span> <span class='ocrx_word' id='word_1_424' title='bbox 1375 2806 1514 2841; x_wconf 83' lang='lat' dir='ltr'><strong>Pindar.</strong></span> <span class='ocrx_word' id='word_1_425' title='bbox 1527 2807 1631 2850; x_wconf 76' lang='lat' dir='ltr'><strong>Pyth.</strong></span> <span class='ocrx_word' id='word_1_426' title='bbox 1645 2804 1714 2840; x_wconf 78' lang='lat' dir='ltr'><strong>od.</strong></span> 
     </span>
    </p>
   </div>
  </div>
 </body>
</html>
