1916 3190
699 255 971 296 oanmmm
1005 255 1103 286 uu.
1135 255 1189 284 n.
1220 246 1256 285 l.

421 349 625 403 Bellique
640 361 822 403 causaS,
840 354 885 391 et
905 348 1027 397 vitia,
1044 352 1089 389 et
1108 347 1281 397 modos,

897 454 1039 488 NOTAE

0 500 314 562 *Ἣίί
325 529 452 562 Consul
464 538 541 560 cnm
553 528 713 562 M.Junio
723 529 852 567 Silano,
863 537 940 560 ann.

248 579 294 611 U.
309 579 349 612 C·
361 580 438 610 ⁶41.
453 579 506 609 vel
530 580 605 609 644.
628 578 814 609 seeundum
835 578 940 610 alim:

247 627 462 668 afferuntqne
474 626 707 658 testimouium
720 626 943 658 vetustissimi

246 676 387 715 codicis,
395 677 428 707 in
437 685 504 717 quo
516 677 567 707 sic
580 680 778 707 annotatum
793 675 937 717 legitur:

245 727 302 758 Ex
315 726 455 763 Metello,
470 724 504 756 id
520 728 587 765 est,
600 734 643 756 ex
654 734 694 756 eo
707 730 863 765 tempore
874 734 940 766 quo

246 774 410 806 Metellus
432 772 499 805 fuit
522 773 648 805 Consul
674 778 793 806 eontra
814 772 940 814 Jugur-

245 823 350 855 tham.
395 822 462 854 Sed
478 832 554 865 quae
570 822 672 854 fides?
715 823 821 855 Certe
836 833 941 865 nego·

243 872 328 904 tium
344 872 425 903 mibi
446 870 588 904 facessit
610 872 718 913 majus
732 881 848 904 eornm
865 883 940 905 sen-

243 922 354 954 tentia
363 922 624 963 quises-tentio
634 922 736 962 duce,
746 923 940 963 intelligunt

245 970 289 1004 Q·
310 971 489 1002 Metellum
515 971 707 1011 Scipionem
731 981 752 1003 a
773 972 940 1012 Pompeio

244 1019 384 1052 tertium
407 1019 556 1051 Consule
578 1020 611 1050 in
636 1020 810 1061 Collegam
833 1021 941 1052 adsci-

244 1072 329 1108 tum‚
341 1077 428 1100 anno
445 1068 489 1100 U.
500 1069 624 1100 0:1⁰1.
639 1070 794 1110 quoniam
806 1070 878 1101 lata
887 1075 941 1102 eat

244 1121 327 1148 tuuc
348 1126 391 1148 ea
412 1117 480 1153 lex,
496 1126 565 1158 qua
586 1127 607 1148 a
630 1118 796 1158 petitione
813 1119 940 1159 Magis·

244 1169 393 1198 tratnum
409 1165 570 1198 absentes
589 1167 808 1208 arcebantur,
822 1177 865 1200 ne
881 1178 939 1200 ex-

245 1220 348 1256 cepto
370 1214 508 1257 quidem
530 1215 684 1248 Caesare:
706 1216 848 1250 Sueton,
867 1218 938 1250 Jul.

244 1266 374 1299 Cesar.
403 1275 480 1307 cap.
505 1268 559 1298 28.
588 1276 663 1297 uam
692 1272 729 1299 et
757 1277 835 1309 cap.
865 1278 939 1310 seq.

242 1315 253 1332 ⁸
266 1319 472 1347 commotum
491 1315 543 1346 bin
559 1316 755 1357 Canai-em:
777 1322 814 1350 et
839 1319 939 1359 paulo

243 1368 336 1405 poat,
360 1365 372 1382 ⁸
387 1368 592 1406 pretextum
618 1365 753 1406 quidem
781 1366 837 1398 illi
857 1367 940 1399 civi-

240 1413 323 1446 lium
337 1421 504 1445 armoru-
524 1414 589 1446 boc
610 1413 743 1454 fuisse‚'
767 1415 857 1447 idem
873 1419 941 1448 tea·

241 1466 345 1496 tatur.
368 1463 448 1495 Non
462 1472 575 1495 moror
589 1464 632 1497 Q.
645 1464 825 1496 Metellum
838 1465 937 1499 Pium
958 1493 962 1496 .

241 1521 319 1545 enm
332 1513 428 1554 Sylla
442 1513 624 1545 Consulem
636 1524 647 1545 ι
671 1523 727 1546 an.
742 1516 820 1546 6⁷⁸.
837 1525 938 1556 quem

240 1560 389 1594 afferunt
402 1563 538 1604 quidam
561 1563 653 1595 nullo
674 1569 771 1596 certe
788 1568 850 1597 aut
870 1564 937 1597 levi

240 1611 421 1644 admodum
435 1611 669 1645 fundamento.

281 1663 304 1693 2
325 1661 470 1702 Rea-‘qnae
483 1661 605 1701 cum]
630 1661 720 1693 Aliae
734 1661 874 1694 fuerunt
894 1663 937 1695 si·

239 1711 398 1751 mulat83
436 1712 511 1743 aliae
540 1721 630 1743 verae
645 1722 655 1744 x
689 1712 742 1744 ba
780 1711 938 1757 profecto

239 1765 339 1792 erant
352 1760 467 1793 odium
489 1765 526 1792 et
546 1760 673 1792 invidia
690 1762 848 1800 partium,
864 1762 937 1793 Du-

239 1817 318 1841 cum
331 1814 446 1841 autem
465 1809 637 1850 superbia,
657 1811 815 1850 avaritia,
830 1811 936 1843 ambi·

239 1857 305 1897 tio,
322 1857 518 1890 dominandi
541 1858 721 1898 cupiditas.
766 1860 894 1891 Lucan.
909 1869 935 1893 1.

242 1908 313 1939 126.
334 1907 431 1939 ‘Nec
456 1916 647 1948 quenquam
668 1907 740 1947 jam
762 1907 853 1940 serre
876 1918 936 1950 po·

241 1960 314 1989 tent
342 1956 502 1989 Caesarve
525 1957 686 1998 priorem,
710 1957 936 1998 Pompeiusve

239 2005 381 2045 parem)
422 2005 520 2038 Alias
549 2015 630 2038 vero
658 2006 840 2047 Principes
868 2007 935 2048 ipsi

238 2053 484 2094 obtendebant,
499 2055 683 2095 Pompeius
703 2054 934 2089 defen-ionem

236 2103 406 2139 libertatis
417 2103 564 2144 publice
572 2115 582 2134 z
604 2103 721 2135 Caesar
729 2103 855 2137 factam
866 2106 933 2138 sibi

237 2153 491 2192 contumeliam,
504 2155 570 2185 διο.
606 2154 695 2185 Vide
710 2155 850 2187 Sueten.
861 2155 932 2188 Jul.

237 2201 363 2234 Coeaar.
375 2212 453 2243 cap.
465 2205 519 2234 28.
535 2205 588 2234 29.
597 2206 651 2235 30.
664 2204 883 2238 Floram-23.
896 2211 933 2239 et

236 2252 331 2283 ιιι
347 2254 384 2282 et
395 2260 467 2292 seq.
477 2250 815 2293 Plutarch.Appian.
829 2253 931 2287 Oros.

237 2298 338 2331 Dion.
363 2299 506 2331 Caesaris
532 2300 633 2331 etiam
655 2300 700 2332 de
728 2302 815 2334 Bell.
832 2304 932 2336 Civil.

234 2357 264 2381 1.
278 2351 312 2381 4.
327 2349 386 2380 ubi
397 2349 445 2381 aie
456 2349 557 2381 habet
570 2361 579 2381 :
604 2351 614 2368 ‘
629 2350 807 2384 Neminem
822 2352 931 2394 digni-

235 2401 309 2431 tate
334 2407 446 2430 secum
471 2400 644 2440 exaequari
669 2401 806 2433 volebat
829 2401 931 2434 Pom·

235 2447 352 2487 peina:
377 2447 475 2478 simul
497 2447 640 2479 infamia
658 2449 829 2490 legionum
855 2461 930 2491 per—

234 2500 448 2540 motus,quas
460 2496 504 2528 ab
517 2497 640 2529 itinere
653 2498 744 2530 Asiae
754 2499 929 2541 Syriaeque

235 2543 280 2577 ad
306 2554 398 2577 auam
428 2545 615 2585 potentiam
652 2546 928 2589 dominatumque

236 2598 463 2630 converterat.
479 2604 549 2626 rem
560 2594 603 2626 ad
614 2604 709 2627 arma
720 2596 843 2628 deduci
858 2602 927 2628 stu·

236 2640 366 2681 debat:
377 2644 441 2675 &c.
474 2645 527 2676 De
543 2645 654 2685 seipso
671 2654 750 2677 vero
765 2646 929 2685 scribens,

235 2689 287 2721 ita
300 2691 472 2731 queritur:
501 2693 511 2710 ⁴
525 2693 661 2725 Novum
683 2694 719 2725 in
740 2695 928 2736 Republica

231 2738 468 2772 *introductum
476 2742 680 2783 exemplum,
691 2747 727 2775 ut
738 2743 928 2776 Tribunitia

995 527 1196 559 intercessio
1211 526 1312 559 armis
1326 530 1507 559 notaretur
1517 530 1618 568 atque
1633 538 1693 570 op-

994 578 1215 618 primeretur,
1236 586 1311 619 qun
1339 577 1568 618 superioribus
1598 579 1693 609 aunis

994 629 1086 658 eaaet
1099 627 1262 659 restituta
1274 649 1283 657 .
1295 617 1326 658 .‘.
1342 647 1352 657 .
1361 646 1371 657 .
1384 626 1449 658 sibi
1464 636 1600 667 semper
1615 628 1693 659 Rei·

994 675 1141 715 publicae
1158 675 1300 716 primam
1316 675 1534 716 dignitatem,
1557 677 1692 717 vitaque

996 724 1163 764 potiorem
1178 735 1186 756 ε
1210 725 1358 756 doluisse
1385 734 1423 756 se
1450 725 1538 766 quod
1570 726 1692 767 Populi

996 772 1140 804 Romani
1152 773 1356 805 beneficium
1367 773 1430 805 eibi
1444 782 1505 814 per
1520 779 1692 807 contume-

992 822 1070 858 liam
1084 822 1129 854 ab
1149 823 1293 854 inimicis
1309 827 1586 864 extorqueretur,
1597 833 1695 864 erep-

994 876 1099 912 toque
1128 873 1285 904 semestri
1314 873 1479 914 Imperio,
1508 873 1545 904 in
1573 874 1693 905 urbem

994 920 1249 962 retraheretur-J
1263 924 1328 953 &c-

1037 970 1080 1000 Et
1096 970 1188 1006 vitia,
1203 974 1235 1002 et
1249 970 1368 1010 modos]
1398 970 1545 1002 vitiosos
1562 971 1691 1010 modos,

994 1017 1164 1058 improbas
1186 1018 1310 1059 agendi
1332 1019 1491 1051 rationes.
1533 1019 1616 1052 ‘Jua
1632 1019 1692 1051 da-

994 1070 1066 1097 tum
1081 1067 1221 1107 sceleri,’
1236 1066 1326 1109 quod
1341 1068 1390 1099 ait
1407 1068 1574 1101 Lucanus.
1616 1069 1694 1100 Flo·

994 1125 1051 1147 rus
1063 1116 1122 1148 cit.
1139 1125 1192 1148 iv.
1206 1119 1239 1148 2.
1263 1117 1274 1135 ‘
1286 1117 1476 1149 Marianam
1489 1117 1693 1150 Cinnanam-

992 1174 1058 1207 que
1077 1165 1219 1206 rabiem,
1241 1164 1482 1209 Syllanamque
1507 1172 1694 1208 tempeata-

992 1220 1076 1252 tem,
1084 1216 1230 1248 Caenris
1238 1214 1389 1248 furorem
1401 1222 1506 1258 atque
1516 1216 1676 1257 Pompeii
1683 1215 1693 1229 '

991 1269 1106 1296 vocat.
1149 1265 1195 1296 Et
1219 1265 1323 1305 paulo
1348 1270 1440 1306 post,
1465 1265 1475 1282 ‘
1489 1265 1569 1297 Non
1595 1270 1692 1297 recte

992 1313 1093 1345 civile
1108 1317 1256 1354 tantum,
1269 1323 1332 1346 nec
1350 1314 1491 1355 sociale,
1505 1320 1564 1346 ant
1577 1319 1693 1347 exter-

991 1362 1090 1395 num'
1113 1362 1183 1395 dici
1197 1363 1323 1395 bellum
1337 1368 1512 1405 oportere,
1525 1364 1586 1403 ait,
1606 1368 1617 1383 ‘
1631 1363 1692 1396 aed

993 1421 1173 1444 commuue
1199 1412 1368 1455 quoddam
1393 1423 1438 1445 ex
1460 1414 1626 1455 omnibus,
1656 1420 1694 1447 et

991 1461 1168 1503 plnaquam
1194 1461 1332 1494 bellum.
1376 1462 1515 1504 Quippe
1537 1463 1566 1494 ai
1587 1463 1691 1496 duces

990 1511 1063 1552 eju·
1078 1511 1254 1552 inspicias,
1270 1516 1364 1544 totus
1377 1512 1524 1544 Senatu·
1537 1512 1572 1544 iu
1587 1514 1693 1553 parti·

992 1559 1073 1593 bun:
1096 1562 1125 1592 ri
1151 1562 1336 1602 exercitu»,
1357 1561 1437 1593 binc
1462 1562 1619 1594 undecim
1643 1562 1692 1594 le·

991 1609 1123 1650 gionea,
1136 1610 1216 1642 inde
1228 1611 1346 1643 decem
1360 1616 1397 1643 et
1408 1616 1501 1647 octo,
1509 1610 1571 1643 flos
1583 1612 1691 1643 omnia

991 1661 1028 1688 et
1044 1658 1149 1690 robur
1162 1659 1278 1691 Italici
1296 1660 1491 1699 sanguinis:
1513 1660 1544 1691 ai
1567 1660 1692 1692 auxilia

990 1709 1173 1750 sociorum,
1195 1710 1274 1743 binc
1303 1710 1430 1743 Gallici
1457 1710 1691 1753 Germanique

973 1757 1168 1797 ‘delectum
1192 1759 1273 1790 inde
1298 1759 1500 1800 Dejotarus,
1527 1758 1691 1791 Ariobar-

990 1816 1103 1848 zanes,
1117 1810 1171 1839 &c
1173 1828 1306 1840 .......
1314 1809 1343 1840 ni
1359 1818 1487 1840 moram
1503 1808 1596 1848 belli,
1609 1819 1691 1852 qua·

991 1861 1069 1888 tuor
1084 1858 1176 1898 anni,
1189 1862 1227 1890 et
1248 1866 1310 1898 pro
1332 1857 1431 1889 clade
1455 1867 1569 1890 rerum
1584 1857 1691 1891 breve

989 1909 1124 1948 tempus
1138 1917 1148 1938 2
1171 1908 1200 1937 ai
1215 1907 1327 1938 locum
1342 1907 1434 1938 intra
1445 1907 1597 1947 ltaliam,
1608 1907 1689 1940 inde

987 1963 1026 1986 ae
1037 1955 1072 1986 in
1083 1954 1231 1987 Galliam
1243 1956 1517 1998 Hiapauiamque
1526 1955 1690 1990 deflexit:

987 2013 1224 2046 reversumque
1239 2005 1283 2036 ab
1296 2005 1446 2042 Occasu,
1462 2005 1544 2038 totia
1556 2006 1688 2038 viribus

985 2053 1021 2085 in
1034 2053 1141 2094 Epiro
1151 2054 1397 2096 Thessaliaque
1414 2055 1588 2087 consedit:
1609 2055 1687 2088 binc

985 2102 1022 2135 iu
1047 2103 1246 2146 AEgyptum,
1276 2104 1356 2136 inde
1381 2104 1415 2135 in
1441 2103 1583 2143 Aniam;
1616 2114 1688 2137 rur-

985 2162 1126 2195 sumque
1142 2154 1176 2185 in
1193 2152 1360 2192 Africam,
1376 2158 1547 2194 postremo
1558 2154 1594 2185 in
1606 2154 1687 2186 His-

985 2202 1119 2242 paniam
1141 2203 1348 2245 remigravit.
1394 2204 1471 2236 Nec
1492 2213 1575 2235 vero
1591 2204 1686 2244 prius

985 2251 1128 2293 quievit,
1155 2263 1256 2295 quam
1284 2254 1320 2285 in
1349 2253 1433 2284 urbe
1458 2253 1544 2294 ipsa,
1572 2253 1685 2284 medio

985 2294 1128 2342 Senatu,
1152 2311 1270 2334 eorum
1293 2303 1350 2343 qui
1374 2303 1457 2334 victi
1477 2307 1589 2341 erant,
1605 2302 1684 2334 odia

985 2350 1123 2382 victoris
1144 2361 1221 2383 sese
1245 2352 1339 2383 caede
1355 2350 1542 2390 satiarent:
1559 2353 1624 2382 ἄιε.
1646 2356 1684 2384 et

982 2399 1017 2430 hi
1032 2401 1168 2441 quidem
1192 2402 1201 2418 ‘
1216 2399 1332 2439 modi,'
1355 2400 1428 2431 liaec
1444 2400 1524 2431 belli
1549 2400 1560 2417 ‘
1573 2400 1682 2432 vitia.'

982 2447 1117 2480 Ducum
1130 2454 1242 2479 antem
1260 2458 1382 2488 pravas
1397 2446 1595 2480 affectiones
1606 2451 1681 2491 quis

981 2507 1048 2529 non
1078 2497 1317 2538 intelligebat?
1371 2499 1462 2529 Flor.
1490 2507 1541 2530 ιν.
1565 2501 1599 2530 2.
1625 2503 1679 2533 u.

982 2547 992 2565 ‘
1006 2547 1174 2588 Pompeio
1204 2553 1376 2588 suspectae
1407 2548 1552 2581 Caesaris
1581 2559 1678 2591 open,

982 2596 1111 2628 Caesari
1126 2606 1206 2628 vero
1218 2597 1432 2637 Pompeiana
1442 2598 1591 2639 dignita·
1603 2606 1680 2633 erat

983 2646 1111 2685 gravis.
1155 2646 1188 2677 N
1191 2655 1231 2677 ec
1245 2646 1300 2676 hie
1314 2645 1450 2679 ferebat
1469 2657 1596 2688 parem,
1611 2660 1675 2683 nee

981 2695 1039 2726 ille
1054 2695 1276 2736 superiorem.
1301 2695 1429 2728 Nefas!
1452 2697 1511 2730 Sic
1524 2697 1568 2730 de
1584 2700 1675 2740 prin·

982 2745 1012 2777 ci
1017 2748 1098 2786 patu
1112 2744 1325 2787 laborabant,
1337 2750 1495 2789 tanquam
1505 2747 1590 2780 dnos
1602 2754 1675 2781 tan-
