1916 3190
261 216 318 256 24
874 227 938 257 nr.
970 227 1090 257 vr'rA

321 322 535 365 Horatius
559 322 601 363 in
624 323 827 368 exercitu
843 321 971 362 Bruti
991 320 1216 362 Tribunus
1242 303 1433 361 Militum
1459 319 1534 372 fit3
1570 331 1599 360 ι.
1621 320 1714 362 Sat.

260 390 302 431 6
318 390 510 497 g’vidius
531 454 739 496 nascitur.
800 451 902 495 Non
933 454 1074 495 multo
1105 459 1205 495 ante
1237 454 1511 508 Propertius.
1569 454 1718 496 Tibul·

260 523 360 564 lus
341 536 434 576 Jam
459 535 500 564 a.
519 524 617 565 705.
680 521 771 563 Alii
794 526 939 563 tamen
959 522 1099 562 aliter.

261 662 318 706 U.
341 663 393 705 C.
412 664 512 706 712.
556 663 620 704 M.
642 664 850 705 AEmilius
870 662 1070 717 Lepidus
1100 673 1150 703 11.
1174 660 1225 703 L.
1248 662 1482 704 Munatius
1500 660 1716 702 Plancus.

715 729 774 771 A.
796 729 850 771 C.
868 730 940 770 42.
991 729 1172 771 Horatii
1192 733 1264 782 {r}-

318 823 386 866 Cf.
423 835 494 864 ιιι.
525 823 612 865 Od.
645 825 715 865 14.
745 825 818 865 fin.
875 823 1110 865 Triumviri
1143 823 1314 865 Caesari
1335 822 1511 863 divinos
1531 822 1720 864 honores

261 891 512 942 decernunt,
543 898 589 932 et
621 892 678 932 ab
707 904 761 932 eo
793 895 989 944 tempore
1011 890 1287 932 Octavianus
1309 893 1320 911 ‘
1344 888 1477 931 Divi'
1498 888 1618 930 filius
1641 901 1724 942 ap-

260 957 464 1011 pellatur.
523 958 612 998 Dio
633 968 795 1000 Χινιι.
818 957 886 998 18.
907 958 976 997 19.

318 1023 370 1064 L.
391 1024 538 1064 AElius
556 1024 713 1064 Lamia
734 1023 904 1064 Praetor
924 1030 1113 1065 creatur.
1174 1023 1338 1065 Incidit
1355 1023 1453 1065 rixa
1481 1023 1597 1064 inter
1625 1022 1722 1063 Ru-

261 1090 422 1145 pilium
450 1090 617 1143 Regem
647 1095 692 1132 et
722 1090 944 1140 Persium,
980 1103 1129 1132 coram
1159 1081 1306 1132 Bruto
1333 1090 1515 1143 agitata,
1551 1102 1653 1131 cum
1682 1090 1724 1148 is

262 1156 421 1198 Asiam
452 1161 639 1209 teneret3
687 1170 819 1211 quam
847 1158 1086 1211 descripsit
1120 1157 1337 1199 Horatius
1371 1169 1402 1197 ι.
1433 1156 1529 1198 Sat.
1565 1158 1607 1198 7.
1645 1170 1724 1199 nec

263 1230 409 1265 tamen
428 1223 532 1264 ideo
553 1224 608 1264 ad
632 1224 748 1265 hunc
769 1224 918 1278 ipsum
933 1237 1092 1266 annum
1116 1224 1286 1277 Ecloga
1305 1224 1543 1265 referenda.

321 1290 452 1333 Anno
483 1291 571 1332 fere
605 1294 796 1332 exeunte
833 1291 903 1332 bis
934 1296 1153 1345 pugnatur
1180 1291 1298 1344 apud
1331 1290 1585 1346 Philippos,
1606 1290 1651 1331 in
1671 1303 1726 1332 ea

266 1358 546 1399 Macedoniae
584 1363 722 1412 parte,
765 1371 864 1413 quae
911 1359 1015 1400 olim
1058 1358 1115 1399 ad
1161 1358 1396 1408 Thraciam
1442 1357 1725 1411 pertinuerat.

265 1425 426 1467 Brutus
455 1429 500 1466 et
529 1424 712 1466 Cassius
743 1426 851 1467 victi
880 1425 938 1467 ad
967 1430 1152 1467 mortem
1174 1425 1513 1479 compelluntur.
1574 1424 1726 1466 Hora-

264 1494 356 1534 tius
376 1497 480 1547 post
501 1493 687 1533 alterum
705 1493 906 1546 praelium
926 1493 1032 1546 fuga
1052 1493 1237 1535 salutem
1263 1493 1391 1547 petit.
1421 1491 1541 1533 Vide
1565 1503 1617 1532 11.
1640 1490 1727 1532 Od.

265 1561 306 1602 7.
326 1561 370 1602 9.
429 1559 534 1601 Non
555 1559 675 1600 aliud
701 1559 865 1619 bellum
895 1561 1116 1603 cruentius
1138 1560 1262 1602 caede
1283 1559 1626 1600 clarissimorum
1648 1558 1727 1600 ho-

266 1628 434 1668 minum
465 1626 562 1668 fuit.
620 1626 781 1668 Vellei.
816 1639 868 1668 ιι.
895 1628 967 1669 71.
1027 1627 1117 1669 Sed
1151 1627 1308 1669 eodem
1339 1631 1534 1680 tempore
1567 1625 1728 1667 classis

268 1693 523 1745 Octaviani,
542 1694 657 1736 duce
689 1694 888 1736 Domitio
922 1694 1129 1746 Calvino,
1161 1695 1206 1736 in
1235 1695 1343 1737 mari
1364 1694 1510 1745 Ionio,
1533 1706 1561 1734 a
1581 1692 1726 1734 Statio

269 1760 430 1802 Murco
449 1767 494 1802 et
515 1759 595 1802 Cn.
620 1761 820 1804 Domitio
840 1761 1135 1804 Ahenobarbo
1154 1761 1421 1816 profligatur.

325 1827 540 1870 Claudius
560 1828 773 1872 Tiberius
796 1830 920 1872 Nero
938 1830 1153 1880 nascitur,
1177 1840 1251 1870 111.
1274 1829 1378 1871 Kal.
1402 1827 1615 1871 Decemb.

398 1966 455 2007 U.
478 1966 530 2008 C.
549 1968 649 2008 713.
709 1968 760 2009 L.
780 1968 1015 2010 Antonius.
1048 1970 1101 2010 P.
1123 1970 1336 2010 Servilius
1358 1969 1599 2010 Isauricus.

724 2033 781 2075 A.
805 2034 856 2076 C.
875 2036 947 2076 41.
1005 2034 1185 2076 Horatii
1204 2035 1275 2089 ἐξ.

331 2122 568 2164 Redeundi
597 2122 858 2176 impunitate
889 2123 1022 2164 victis
1056 2123 1225 2173 oblata,
1261 2122 1365 2164 dum
1400 2122 1542 2172 multi,
1573 2122 1618 2163 in
1661 2122 1733 2165 his

273 2190 515 2243 Pompeius
537 2188 787 2242 GrosphuS‚
817 2189 1000 2231 Horatii
1031 2191 1198 2231 amicus
1225 2190 1351 2245 (vide
1384 2201 1437 2231 ιι.
1470 2189 1556 2231 Od.
1576 2188 1658 2244 7.),
1687 2191 1734 2232 in

274 2257 503 2299 Brutianis
524 2256 721 2310 partibus
742 2260 935 2307 manent,
957 2261 1088 2311 atque
1122 2270 1149 2298 a
1182 2258 1329 2299 Statio
1362 2257 1519 2298 Murco
1547 2257 1618 2298 vel
1648 2256 1732 2299 Cn.

274 2323 572 2365 Ahenobarbo
592 2323 772 2377 recepti,
794 2323 853 2364 ad
872 2324 977 2365 Sex.
998 2324 1263 2379 Pompeium
1295 2324 1340 2365 in
1363 2323 1563 2366 Siciliam
1585 2324 1733 2378 profu-

275 2392 401 2444 giunt
430 2389 545 2445 (Dio
577 2401 741 2431 XLVII.
771 2395 886 2433 extr.
917 2390 1080 2433 Vellei.
1114 2403 1169 2432 ιι.
1197 2392 1268 2434 72.
1301 2398 1347 2433 et
1374 2390 1485 2445 762),
1516 2391 1733 2433 Horatius

276 2457 406 2511 hujus
426 2457 530 2498 anni
550 2457 679 2499 initio
703 2458 749 2500 in
781 2458 958 2500 Italiam
988 2459 1115 2500 redit.
1177 2458 1386 2511 Magnam
1422 2459 1469 2498 in
1489 2458 1574 2499 hoc
1595 2458 1735 2499 reditu

276 2530 586 2578 tempestatem
613 2538 770 2579 passus
802 2526 995 2568 creditur
1013 2526 1069 2567 ad
1090 2527 1345 2568 Palinurum
1367 2525 1732 2579 promontorium,

279 2595 325 2632 et
344 2592 428 2632 huc
443 2593 536 2646 jam
557 2592 829 2634 Scholiastes
861 2593 1000 2635 traxit
1029 2604 1104 2634 111.
1126 2591 1211 2634 Od.
1240 2593 1282 2633 4.
1304 2591 1374 2633 28.
1434 2590 1569 2642 Quod
1587 2595 1735 2635 tamen

278 2671 365 2699 non
385 2671 503 2712 opus
522 2666 608 2709 est,
629 2673 728 2701 eum
748 2661 793 2703 in
812 2661 899 2702 isto
914 2661 1053 2703 reditu
1072 2661 1240 2715 potius,
1260 2671 1393 2714 quam
1412 2658 1502 2699 alio
1524 2663 1735 2713 tempore,

280 2726 342 2766 ibi
363 2726 651 2780 periclitatum
681 2740 795 2770 esse.
857 2729 968 2774 Item
1000 2729 1054 2769 ad
1085 2729 1247 2778 navim,
1278 2739 1366 2782 qua
1401 2726 1598 2777 redisset,
1626 2739 1735 2787 quo-
