1916 3190
292 235 376 278 478

761 247 806 285 Q.
838 244 1046 276 HORA'ru
1081 243 1254 275 FLAcct

841 400 970 443 ODE
1017 400 1167 443 XIX.

823 511 891 540 AD
922 509 1215 540 TELEPHUM·

296 584 452 616 Muraena
472 590 671 627 auguratum
693 586 831 628 adepto,
846 586 1009 618 Horatius
1024 586 1208 628 Telephum
1225 584 1370 617 Poetam
1387 583 1546 616 Graecum
1564 587 1667 625 atque
1682 591 1736 614 so·

339 637 449 668 dalem
472 647 567 670 suum
591 639 757 678 hortatur,
774 639 823 670 uti
839 639 966 670 relictis
982 639 1093 671 doctis
1111 639 1207 679 nugis
1222 638 1348 669 acriter
1363 646 1476 668 secum
1501 640 1619 677 potare
1644 635 1736 667 velit.

339 690 412 733 (An
429 690 638 722 occasionem
652 690 747 722 dedit
762 700 858 722 coena
872 690 946 732 ipsa
961 691 1129 732 auguralis
1146 691 1326 730 Muraenae,
1341 689 1396 721 cui
1411 697 1448 720 se
1464 687 1570 729 fingat
1584 696 1660 718 cum
1674 686 1734 718 Te-

340 743 440 784 lepho
457 743 664 776 adhibitum?
689 743 803 785 Gesn.)

523 806 783 858 QUAN'rUM
805 807 937 848 distet
956 807 1012 848 ab
1035 806 1201 848 Inacho

581 873 767 923 Codrus,
785 885 866 926 pro
886 873 1030 926 patria
1047 885 1133 915 non
1152 870 1333 914 timidus
1354 871 1479 921 mori,

525 940 707 989 Narras,
728 944 775 980 et
793 950 931 992 genus
951 938 1097 987 AEaci,

583 1005 640 1046 Et
658 1010 854 1060 pugnata
873 1016 1001 1045 sacro
1019 1003 1143 1045 bella
1159 1004 1243 1045 sub
1265 1003 1354 1045 llio
1373 1017 1384 1044 ε

348 1105 449 1140 Quam
465 1103 556 1142 longe
577 1106 710 1134 remotus
729 1101 768 1133 ab
784 1101 900 1134 Inacho
923 1101 967 1132 sit
992 1102 1112 1133 Codrus
1135 1111 1192 1143 pro
1213 1102 1320 1144 patria
1339 1102 1512 1135 occumbere
1534 1113 1596 1135 non
1618 1103 1745 1139 uer-itus,

301 1146 414 1186 refers,
436 1148 529 1187 atque
552 1146 682 1186 stirpem
705 1145 810 1186 AEaci,
834 1147 866 1177 et
890 1144 1061 1176 certamina
1084 1145 1244 1177 commissa
1265 1147 1306 1177 ad
1333 1145 1458 1185 Trajan
1479 1149 1652 1178 sacratam:
1674 1146 1747 1178 siles

1047 1228 1144 1241 MNO

347 1281 427 1315 Ode
442 1281 575 1314 decima
590 1287 713 1324 quarta
728 1282 820 1314 Libri
835 1282 929 1314 tertii
945 1283 980 1314 in
995 1283 1059 1315 Ed.
1084 1283 1208 1315 Sanad.
1252 1283 1447 1324 Epigraphe
1463 1283 1498 1315 in
1512 1283 1568 1316 ed.
1584 1283 1672 1316 Sivr.
1693 1283 1746 1314 Aa

309 1325 550 1356 eameram—1
570 1325 679 1366 Lipss.
694 1328 722 1356 1.
738 1327 770 1356 3.
787 1335 807 1356 a
821 1335 865 1357 m.
884 1334 936 1366 pr.
954 1325 1048 1366 Lips.
1063 1329 1095 1358 2.
1108 1331 1144 1358 et
1160 1326 1274 1358 Plant.
1290 1326 1431 1367 Raphel.
1446 1328 1541 1358 1594.
1556 1330 1594 1358 ut
1610 1324 1745 1357 emend.

306 1367 452 1408 Cuning.
466 1367 642 1399 distat.—2
664 1367 759 1398 Unus
772 1367 972 1399 Bersmanni
988 1372 1024 1399 et
1040 1368 1130 1409 Lips.
1147 1370 1178 1399 2.
1194 1378 1214 1400 a
1229 1378 1273 1400 m.
1289 1377 1342 1409 pr.
1357 1377 1418 1399 non
1432 1368 1561 1400 timidus
1570 1377 1628 1408 pro
1638 1366 1746 1409 patria

955 1441 986 1472 N
991 1440 1099 1472 OTAE

347 1501 499 1533 Mettum
514 1501 603 1534 idem
617 1501 707 1544 quod
721 1511 745 1534 1.
762 1502 832 1534 Od.
845 1505 876 1534 ³.

349 1553 363 1581 l
402 1551 562 1586 Quantum
588 1552 696 1593 distet,
725 1552 800 1592 astu]
833 1552 1003 1592 Telephus

306 1601 418 1632 Poeta
441 1601 579 1633 Horatii
600 1599 786 1640 familiaris,
812 1601 884 1641 ejus
907 1605 1003 1632 certe

306 1650 420 1682 rivalis
435 1650 470 1681 in
485 1660 599 1682 amore
621 1651 752 1692 Lydiae,
768 1660 811 1682 ex
826 1660 853 1682 1.
868 1650 937 1682 od.
950 1652 1002 1683 13.

307 1699 344 1731 Is
361 1699 561 1731 Graecorum
572 1699 727 1741 antiquas
739 1699 898 1731 historias
912 1701 1004 1731 evol·

309 1757 390 1780 vere
419 1753 456 1780 et
485 1749 599 1790 eloqui
628 1749 774 1781 amabat.
828 1749 1005 1791 Ejusmodi

309 1798 423 1840 itaque
449 1807 503 1830 res
533 1798 776 1840 intempestive
806 1804 843 1831 et
874 1799 1006 1840 prolixe

308 1852 504 1879 narrantem
534 1847 733 1889 interpellat
762 1848 939 1888 Horatius,
972 1848 1006 1879 iu

309 1896 436 1936 medio,
450 1900 487 1927 nt
511 1896 658 1937 videtur,
682 1898 858 1937 convivi03
880 1898 924 1929 ad
937 1907 1008 1931 ser-

312 1956 428 1978 mones
445 1946 596 1980 traducit
619 1949 696 1980 loco
715 1952 751 1980 et
771 1949 916 1989 tempori
938 1957 1007 1980 ma-

312 1997 363 2036 gis
381 2006 567 2036 congruos:
590 1997 781 2040 invitatque
796 1998 839 2029 ad
854 1998 1008 2029 laetitiam

312 2046 510 2085 pleniorem,
522 2047 565 2078 ob
577 2046 704 2078 factum
721 2057 883 2088 augurem
901 2047 1008 2079 Licin.

313 2095 494 2125 Murenam
512 2097 684 2137 utriusque
701 2098 856 2129 amicum.

359 2143 518 2179 Quantum
542 2145 637 2176 distet
664 2146 703 2176 ab
733 2147 848 2177 Inacho
874 2147 1010 2189 Codrus]

315 2191 348 2223 Ο
364 2192 527 2232 Telephe,
541 2192 725 2233 diligenter
749 2203 904 2226 numeras
927 2200 1013 2237 quot

316 2242 395 2272 anni
425 2240 631 2274 effluxerunt
653 2242 696 2273 ab
721 2242 847 2274 Inacho
870 2244 1010 2283 Argivo-

317 2301 391 2322 rum
414 2292 522 2332 primo
545 2292 640 2333 Rege
664 2291 707 2323 ad
732 2292 877 2324 Codrum
903 2292 1009 2324 Athe-

316 2342 484 2374 niensium
519 2342 648 2383 Regem
681 2342 857 2386 ultimum:
896 2351 1010 2374 verum

318 2391 419 2423 modo
433 2391 652 2434 quaerendum
673 2396 766 2424 esset
786 2392 899 2432 potius
922 2392 1012 2423 unde

319 2445 356 2472 et
372 2450 438 2482 quo
455 2441 567 2482 pretio
588 2449 776 2473 mercemur
798 2441 909 2473 viuum
925 2441 1012 2482 opti·

319 2499 422 2521 mum.

363 2540 414 2572 Ab
439 2539 553 2572 Inacho
577 2540 713 2580 Codrus]
744 2539 888 2572 Inachus
915 2538 1015 2581 Argis

321 2589 452 2630 primus
473 2589 666 2630 imperavit,
680 2590 770 2621 circa
792 2589 894 2621 finem
913 2598 1016 2621 anno-

322 2651 396 2672 rum
411 2641 556 2673 Abrahae
572 2641 793 2673 Patriarchae.
824 2640 876 2672 Ex
893 2639 1018 2672 Euseb-

324 2690 449 2722 Chron.
467 2690 511 2722 A.
527 2691 577 2722 M.
590 2693 685 2722 3344.
729 2691 781 2721 Ex
797 2689 893 2721 Beda
907 2689 949 2721 A.
964 2689 1015 2720 Μ.

324 2741 420 2771 2508.
441 2739 512 2771 Alii
527 2740 628 2771 etiam
645 2740 755 2772 aliter.
777 2740 831 2772 De
842 2739 899 2771 illo
910 2738 1015 2780 Apol-

1055 1503 1124 1535 lod.
1146 1504 1202 1536 lib.
1226 1512 1268 1535 n.
1312 1504 1407 1536 Inter
1430 1503 1594 1536 Inachum
1618 1507 1655 1536 et
1679 1503 1748 1535 Co-

1055 1553 1152 1586 drum
1169 1554 1436 1586 intercesserunt
1450 1554 1528 1586 anni
1540 1553 1748 1595 septingenti

1055 1607 1092 1634 et
1106 1603 1325 1643 septuaginta
1339 1603 1499 1645 quinque,
1513 1607 1571 1635 aut
1583 1612 1651 1635 non
1667 1603 1750 1634 mul-

1057 1655 1093 1683 to
1108 1660 1220 1683 secus.

1099 1703 1120 1732 2
1138 1700 1202 1731 Pro
1222 1700 1328 1741 patria
1346 1709 1408 1731 mm
1428 1699 1554 1732 Mam
1566 1700 1662 1740 mori]
1685 1700 1750 1732 Co-

1058 1748 1139 1781 drus
1154 1750 1228 1781 Rex
1245 1748 1502 1781 Atheniensium
1517 1758 1591 1780 cum
1607 1758 1649 1780 ex
1665 1747 1751 1780 Ora·

1059 1799 1138 1830 culo
1152 1797 1331 1830 didicisset
1343 1807 1402 1829 eos
1417 1796 1492 1829 fore
1507 1797 1654 1830 victores
1667 1797 1701 1830 in
1711 1807 1751 1829 eo

1059 1848 1150 1881 bello
1164 1848 1254 1890 quod
1269 1857 1344 1879 cum
1358 1847 1581 1879 Doriensibus
1594 1847 1645 1879 sui
1661 1856 1754 1888 gere·

1061 1898 1156 1935 bant,
1179 1904 1320 1940 quorum
1351 1898 1432 1930 Dux
1458 1897 1652 1936 cecidisset,
1679 1898 1754 1929 hos·

1061 1947 1144 1979 tium
1160 1952 1274 1979 castra
1289 1947 1346 1979 vili
1368 1945 1486 1978 habitu
1504 1947 1602 1985 adiit,
1615 1946 1755 1978 militem

1054 1997 1172 2039 jurgio
1208 1995 1393 2037 lacessivit,
1415 1999 1517 2038 atque
1545 1996 1755 2028 vulneratum

1063 2047 1107 2079 ad
1122 2048 1173 2079 sui
1186 2046 1317 2079 caedem
1330 2046 1540 2087 provocavit.
1581 2045 1681 2079 Quod
1697 2045 1755 2078 ubi

1063 2097 1250 2129 Dorienses
1265 2105 1428 2136 accepere
1443 2100 1563 2137 sponte
1588 2104 1625 2127 se
1649 2096 1756 2127 victos

1063 2145 1210 2177 confessi
1236 2145 1482 2178 abscesserunt.
1523 2144 1613 2178 Vide
1626 2144 1755 2178 sustin.

1063 2195 1124 2228 lib.
1140 2204 1182 2227 ιι.
1194 2196 1272 2227 Val.
1281 2195 1376 2227 Max.
1390 2203 1425 2226 v.
1437 2197 1470 2226 6.
1483 2196 1547 2227 &c.
1569 2195 1622 2227 Ex
1631 2193 1755 2226 Euseb.

1063 2246 1186 2276 Chron.
1211 2244 1255 2277 A.
1270 2245 1323 2276 Μ.
1347 2247 1444 2277 4130.
1478 2244 1634 2277 ‘Codrus
1655 2244 1757 2284 juxta

1062 2303 1261 2334 responsum
1274 2294 1423 2335 seipsum
1438 2295 1537 2326 morti
1553 2294 1693 2326 tradens
1709 2293 1759 2324 in-

1063 2342 1233 2373 terimitur
1268 2342 1358 2373 bello
1392 2343 1693 2382 Peloponnesiaco,
1723 2342 1757 2371 in

1064 2400 1132 2432 quo
1158 2390 1418 2421 Heraclidarnm
1443 2400 1582 2432 regnum
1606 2391 1758 2422 destruc·

1064 2445 1135 2472 tum
1158 2444 1224 2479 est,
1248 2438 1336 2481 quod
1359 2441 1434 2472 ³82.
1450 2440 1545 2471 anuis
1560 2449 1758 2481 persevera-

1063 2487 1183 2520 vernt!

1108 2542 1127 2571 3
1146 2539 1252 2570 Genus
1267 2537 1373 2578 AEaci]
1400 2538 1529 2570 Narras
1550 2534 1626 2581 qua*
1654 2538 1758 2580 perti·

1065 2594 1149 2621 nent
1163 2588 1204 2619 ad
1215 2588 1335 2622 Jovem
1351 2588 1445 2620 AEaci
1460 2593 1605 2630 patrem,
1615 2589 1669 2621 vel
1682 2597 1758 2630 qua

1066 2638 1110 2670 ad
1135 2639 1244 2679 ipsum
1268 2638 1418 2679 AEacum,
1440 2638 1582 2680 ejusque
1603 2644 1756 2680 posteros

1066 2687 1221 2727 Peleum,
1257 2687 1435 2729 Achillem,
1470 2687 1652 2730 Pyrrhum,
1692 2688 1755 2719 &c-

1067 2737 1227 2779 Apollod.
1240 2736 1300 2768 lib.
1317 2744 1372 2767 111.
1442 2731 1445 2733 ’
