1916 3190
249 233 334 276 356

725 245 768 284 Q.
800 242 1011 275 Ηοιζᾼτιι
1047 243 1221 275 resecr

477 340 543 381 Te
562 339 671 381 vidit
690 341 841 380 insons
863 337 1079 379 Cerberus
1100 350 1233 379 aureo

479 406 626 449 Cornu
647 407 873 456 decorum,
894 404 1054 448 leniter
1070 408 1268 447 atterens

537 473 752 524 Caudam,
774 477 816 515 et
835 473 1080 516 recedentis
1099 472 1293 527 trilingui

595 540 683 582 Ore
702 540 843 596 pedes
862 538 1092 596 tetigitque
1113 553 1253 583 crura.

249 674 346 696 cornu
359 665 525 705 insignem,
538 675 661 698 ‚navens
674 666 804 698 caudam
825 664 950 707 leviter,
961 669 993 698 et
1006 666 1216 706 regredientis
1229 666 1322 708 pedes
1341 674 1494 708 crureque
1509 663 1629 706 triplici
1645 662 1705 695 lia-

248 717 313 747 guu
327 711 358 740 et
370 718 423 740 ore
437 708 582 742 delinxit.

856 770 996 783 ooooooo

998 770 1098 783 00000

251 846 303 878 ita
317 845 464 887 Cuning.
487 850 523 878 et
547 851 627 878 ante
653 851 836 888 utrumque
859 847 1026 879 Bocbart.
1053 846 1196 879 Hieroz.
1213 855 1271 879 ιιι.
1286 846 1331 878 2.’
1353 845 1534 878 ὡνήρ-29
1558 843 1708 876 Cerberos

253 888 486 929 Cuniug.—31
513 889 670 929 eandam,
689 889 864 921 recedentis
877 899 964 921 unus
986 889 1202 931 Bersmauui,
1223 894 1260 921 et
1274 889 1376 921 Dess-
1393 891 1424 921 1.
1470 888 1611 919 eandam
1624 895 1709 918 rece-

249 931 350 972 denti,
365 934 396 963 et
411 931 564 971 trilingue
581 941 652 964 var.
668 932 750 964 leet.
765 942 822 973 ap.
835 932 958 966 ,lones-

910 1034 1054 1068 NOTAE

252 1108 485 1150 sanciendam,
507 1118 568 1140 seu
592 1107 634 1140 ad
666 1108 792 1141 bellum
817 1118 958 1141 moven-

252 1159 347 1199 dum,
357 1162 498 1199 paratus
509 1162 546 1190 et
558 1158 847 1191 accommodatus.
874 1159 959 1191 Dio·

252 1209 328 1242 dor.
345 1209 406 1242 cit.
424 1209 520 1240 loco:
545 1209 555 1226 ‘
570 1208 719 1243 Quidam
735 1209 908 1251 duplicem
925 1209 957 1242 ei

251 1259 396 1292 formam
423 1260 624 1292 attributam
647 1261 779 1301 volunt,
797 1261 956 1302 quoniam

254 1310 403 1343 ebrietas
419 1315 454 1341 et
470 1310 653 1343 iracundos
678 1311 809 1343 efficiat
826 1315 862 1344 et
873 1312 958 1344 hila-

253 1359 331 1391 res?
351 1360 506 1391 Medium
519 1360 602 1392 belli
611 1362 774 1403 pacisque
790 1362 959 1394 ‘commu-

254 1419 332 1442 nem
347 1412 356 1426 ¹
381 1410 630 1451 interpretatus
647 1421 733 1451 suni,
750 1421 794 1443 ex
821 1421 863 1444 eo
885 1412 961 1444 loco

255 1459 363 1492 Ovid.
377 1460 467 1491 Met.
484 1468 573 1492 xrn.
592 1463 669 1492 89⁷.
695 1461 704 1478 ‘
723 1460 843 1492 Litera
865 1470 957 1492 com-

254 1510 367 1542 munis
389 1508 509 1541 mediis
535 1519 708 1552 pueroque
734 1510 876 1552 viroque
900 1509 958 1542 In-

253 1559 385 1600 scripta
398 1565 453 1591 est
467 1558 581 1592 foliis!

298 1611 342 1640 29
367 1608 411 1639 Te
440 1607 521 1640 vidit
546 1608 654 1639 insons
681 1607 850 1649 Cerberus]
871 1608 958 1640 Cum

256 1658 299 1690 ad
322 1657 459 1690 Inferos
485 1657 633 1699 denique
656 1658 880 1698 descendisti,
898 1658 958 1690 Se-

255 1709 370 1740 melen
398 1712 555 1747 matrem,
575 1709 641 1746 vel,
664 1713 703 1740 ut
724 1708 781 1740 alii
809 1713 962 1748 narrant,

257 1758 430 1790 Ariadnen
447 1758 628 1800 conjugem
644 1757 724 1789 inde
743 1757 960 1796 reducturus,

256 1807 380 1840 nedum
405 1808 467 1840 tibi
489 1809 647 1840 nocuerit
661 1807 843 1849 Cerberus,
858 1808 960 1840 immo

255 1863 351 1891 tuum
375 1867 502 1890 numen
522 1857 691 1889 reveritus
706 1862 771 1898 est,
785 1858 895 1890 cauda
910 1859 959 1891 le·

257 1909 350 1940 niter
364 1913 458 1939 mota
470 1908 663 1947 blandiens,
678 1907 782 1940 tibias
802 1908 906 1940 etiam
922 1913 960 1941 et

257 1958 365 1999 pedes
379 1958 542 1990 lambens.
566 1959 618 1989 De
632 1958 783 1990 Cerbero
799 1959 900 2000 plura
914 1959 958 1991 ad

259 2009 328 2041 od.
344 2018 427 2040 x111.
445 2009 545 2050 hujus
562 2009 651 2045 libri,
669 2010 730 2041 sub
745 2010 859 2042 finem.
949 2049 952 2052 Ι

300 2059 406 2090 Aureo
424 2060 531 2090 Cornu
549 2058 707 2100 decorum]
739 2060 877 2092 Cornua
899 2061 959 2092 tri-

258 2108 410 2141 buuntur
437 2109 587 2148 Baccho,
617 2110 706 2150 qnod
734 2110 958 2142 immoderate

258 2156 417 2190 bibentes
427 2159 618 2200 quemlibet
633 2159 770 2190 obvium
787 2159 892 2191 ferire
907 2169 960 2191 so-

258 2209 365 2241 leant.
388 2209 487 2240 Unde
501 2213 538 2240 et
549 2213 647 2240 tauro
661 2208 804 2240 similem
815 2208 960 2249 faciunt,

260 2252 365 2300 quod,
377 2258 520 2299 perinde
532 2263 568 2289 ut
582 2258 651 2298 ille,
663 2257 802 2289 bibaces
812 2257 881 2288 sint
894 2257 957 2288 ira-

260 2308 364 2340 cundi
381 2312 418 2339 et
441 2308 587 2348 petulci:
611 2311 701 2339 teste
716 2307 883 2339 Athenaeo
898 2307 957 2340 lib.

260 2367 286 2390 ι.
322 2359 402 2391 Non
418 2359 468 2390 ita
483 2358 619 2390 videtur
640 2357 684 2390 ad
707 2367 779 2390 rem
800 2357 892 2399 quod
915 2367 958 2389 ex

261 2408 382 2441 eodem
396 2408 563 2440 Athenaeo
573 2407 722 2440 afferunt
731 2409 880 2450 quidam,
890 2417 966 2440 cor·

262 2467 330 2490 nna
342 2468 402 2499 pro
414 2459 542 2500 poculis
552 2457 655 2490 fuisse
666 2459 746 2490 olim
758 2469 767 2490 ε
784 2467 849 2490 nec
858 2457 963 2500 quod,

261 2517 305 2540 ex
318 2508 488 2550 Diodoro,
498 2509 611 2541 lib-lv.
625 2510 755 2550 primus
766 2508 823 2541 ille
835 2513 963 2540 terram

259 2561 389 2602 junctis
411 2561 518 2593 bobus
540 2561 755 2593 exercuerit:
778 2560 887 2592 multo
902 2560 964 2591 mi-

262 2621 326 2641 nus
352 2612 443 2652 quod
474 2612 564 2643 idem
591 2612 672 2643 alibi
698 2611 760 2651 ait,
784 2614 963 2643 cornutum

263 2660 331 2692 dici
354 2661 541 2703 Bacchum,
557 2661 601 2693 ob
616 2670 759 2693 acumen
779 2661 812 2692 in
829 2659 963 2701 excogi-

264 2711 378 2742 tandis
395 2713 495 2743 rebus
513 2713 555 2744 ad
572 2713 676 2744 vitam
692 2711 843 2743 utilibus.

301 2763 464 2794 Ceterum
475 2764 595 2795 Sacros
606 2763 736 2804 Moysis
746 2762 867 2794 Libros
874 2760 964 2792 haud

266 2812 419 2845 Ethuicis
429 2813 635 2846 Auctoribus
645 2813 840 2854 incognitos
848 2811 966 2853 fuisse,

1005 1108 1088 1141 alibi
1103 1109 1240 1151 quidem
1254 1109 1510 1142 annotavimus:
1533 1107 1612 1140 iude
1627 1117 1709 1141 vero

1006 1159 1172 1202 pleraque
1187 1160 1260 1192 veri
1275 1160 1345 1192 Dei
1367 1159 1533 1192 miracula
1554 1158 1710 1200 expisca-

1008 1214 1063 1242 τοι
1079 1210 1296 1253 imitatosqne
1311 1209 1522 1242 fabulatores
1536 1208 1630 1240 falsis
1648 1217 1710 1241 uu-

1008 1260 1155 1293 minibus
1181 1265 1219 1293 et
1243 1260 1404 1293 heroibus
1429 1259 1499 1292 suis
1524 1258 1710 1299 effinxisse,

1009 1313 1135 1345 sciolus
1151 1313 1295 1356 quisque
1310 1312 1368 1345 vix
1383 1312 1528 1354 ignorat.
1566 1310 1616 1344 At
1631 1320 1711 1343 curn

1008 1362 1044 1394 id
1061 1362 1198 1395 abunde
1213 1363 1335 1405 probet
1349 1367 1385 1395 et
1401 1361 1562 1395 ostendat
1576 1362 1630 1393 vel
1645 1370 1712 1392 una

1009 1411 1083 1443 haec
1100 1412 1189 1451 Ode,
1202 1422 1270 1444 non
1284 1417 1337 1446 est
1357 1412 1484 1443 leviter
1505 1410 1712 1452 praetermit-

1011 1460 1127 1502 tenda,
1139 1462 1220 1503 quin
1244 1471 1315 1493 rern
1335 1461 1469 1502 penitus
1483 1460 1712 1499 excutiamus,

1011 1515 1116 1551 atque
1138 1511 1240 1552 paulo
1265 1510 1405 1542 otiosius
1430 1509 1650 1551 inspiciamus
1675 1514 1713 1541 et

1011 1564 1278 1601 perscrutemur.
1322 1560 1505 1592 Enimvero
1524 1563 1655 1601 quanta
1675 1563 1713 1591 et

1011 1614 1098 1651 quot
1123 1610 1358 1641 attribuuntur
1382 1609 1535 1650 Baccho,
1555 1619 1631 1651 quae
1658 1609 1714 1641 vel

1014 1658 1147 1691 Noachi
1162 1665 1256 1698 sunt,
1271 1659 1325 1690 vel
1341 1659 1448 1700 ipsius
1464 1659 1616 1700 Moysis?
1637 1658 1713 1690 sin-

1013 1709 1089 1750 gula
1104 1709 1393 1751 perstringam-m
1408 1717 1550 1750 quornm
1566 1709 1714 1750 plurima

1014 1760 1195 1792 tamenalii
1219 1769 1286 1791 non
1311 1758 1456 1791 absurde
1474 1758 1546 1800 jam
1562 1759 1714 1799 pretule-

1014 1814 1105 1847 runt,
1132 1814 1424 1851 occuparuntque.
1479 1808 1636 1841 Bacchus
1664 1808 1716 1840 in-

1014 1864 1135 1893 ventor
1156 1861 1238 1900 viui,
1252 1859 1411 1901 vitesque
1433 1859 1591 1901 plantare
1611 1857 1716 1890 doen·

1012 1910 1078 1943 isse
1098 1911 1265 1952 jactatur.
1311 1908 1454 1941 Diodor.
1482 1909 1590 1940 Sicul.
1616 1917 1651 1941 v.
1680 1910 1716 1941 1.

1014 1961 1123 2003 Atqui
1137 1960 1203 1993 hoc
1219 1961 1322 2002 longe
1344 1960 1457 1992 verius
1481 1959 1622 1992 Noacho
1643 1959 1718 1991 viu·

1012 2011 1160 2051 dicatur,
1182 2011 1310 2044 Genes.
1333 2018 1389 2042 lx.
1418 2012 1474 2042 20.
1500 2008 1559 2041 ubi
1582 2013 1618 2041 et
1643 2009 1717 2040 ine-

1014 2061 1144 2092 briatus
1160 2060 1217 2092 ille
1235 2064 1271 2092 et
1282 2059 1430 2091 nudatus
1445 2058 1479 2090 iu
1491 2057 1720 2090 tabernaculo

1012 2120 1085 2151 suo,
1116 2119 1181 2142 nec
1215 2119 1282 2142 nou
1313 2109 1435 2150 majori
1465 2107 1538 2140 filio
1566 2106 1716 2139 ludibrio

1011 2161 1148 2193 habitus
1172 2159 1341 2192 refertur:
1368 2169 1444 2202 quae
1471 2158 1516 2190 ad
1542 2158 1716 2190 Bacchum

1012 2211 1217 2242 transtulere
1232 2210 1306 2243 fere
1322 2209 1448 2243 omnia.

1055 2261 1213 2291 Bacchus
1229 2261 1263 2291 in
1278 2259 1381 2301 sylvis
1404 2263 1442 2290 et
1461 2257 1598 2299 rupibus
1617 2256 1718 2297 Saty-

1013 2309 1059 2340 ris
1083 2314 1119 2340 et
1144 2309 1252 2340 Musis
1274 2309 1481 2340 documenta
1497 2307 1589 2338 varia
1610 2306 1716 2338 tradi-

1012 2359 1075 2390 dit.
1120 2358 1282 2390 Noachus
1300 2361 1376 2398 post
1394 2357 1586 2395 Diluvinm,
1601 2355 1718 2387 devu-

1015 2412 1089 2440 tata
1104 2417 1146 2439 ac
1162 2408 1195 2438 in
1210 2405 1426 2438 solitudinem
1450 2404 1593 2437 redacta
1608 2409 1716 2444 terra,

1014 2459 1058 2490 de
1073 2459 1170 2490 cultu
1185 2457 1250 2488 Dei
1266 2460 1446 2497 praecepta
1461 2453 1650 2486 homiuibus
1665 2463 1716 2486 se·

1014 2508 1096 2540 dulo
1111 2506 1308 2539 inculcavit.

1060 2558 1218 2590 Bacchus
1249 2565 1366 2588 amnes
1399 2560 1437 2588 et
1472 2564 1567 2588 mare
1594 2554 1715 2588 flexit:

1017 2608 1178 2641 Noachus
1209 2617 1371 2650 aquarum
1405 2606 1598 2638 eluvionem
1634 2615 1719 2638 area

1017 2660 1137 2699 evasit,
1152 2658 1407 2700 superavitque.

1060 2710 1213 2742 Bacchus
1228 2708 1396 2749 Gigantes
1410 2707 1491 2741 Jovi
1505 2706 1629 2738 bellum
1645 2715 1714 2738 mo·

1018 2765 1136 2792 ventes
1152 2759 1372 2801 expugnavit.
1417 2757 1493 2790 Noe:
1505 2757 1632 2790 Chame
1645 2756 1718 2788 filio

1018 2810 1122 2852 impie
1152 2820 1189 2842 se
1218 2809 1398 2843 colendum
1426 2807 1582 2841 Numinis
1606 2807 1713 2839 instar
