1916 3190
247 207 329 248 184

729 219 773 257 Q.
805 219 1015 251 HORA'rn
1052 221 1225 253 FLAcct

774 375 903 417 ODE
953 367 1174 419 XXVII.

808 487 871 515 AD
905 487 1143 518 SODALES.

249 568 413 600 Horatius
429 569 611 605 illiberales
628 575 663 603 et
678 571 881 603 cerebrosos
895 573 1056 604 convivas
1074 573 1307 614 reprehendit,
1322 578 1357 605 et
1373 573 1526 606 ostendit
1542 583 1608 606 non
1623 583 1700 607 esse

417 623 594 655 rixandum
612 624 702 656 inter·
718 625 853 665 pocula,
868 625 927 656 sed
944 625 987 657 de
1005 626 1106 657 rebus
1123 628 1281 659 suavibus
1299 626 1531 659 fabulandum.

418 708 582 750 NA‘rls
604 710 648 750 in
669 723 796 751 usum
817 711 986 754 laetitiae
1006 714 1190 767 scyphis

418 775 637 828 Pugnare,
658 776 878 819 Thracum
899 783 989 820 est:
1021 779 1160 820 tollite
1182 780 1419 821 barbarum

476 841 672 892 Morem,
693 845 1076 899 verecundumque
1094 846 1324 887 Bacchum

533 908 797 962 Sanguineis
822 909 1053 964 prohibete
1074 912 1202 954 rixis.

417 973 541 1016 Vino
560 979 603 1016 et
622 976 815 1018 lucernis
837 977 997 1019 Medus
1018 979 1225 1020 acinaces
1674 980 1704 1021 5

296 1107 450 1140 Thracum
464 1111 512 1140 est
525 1109 683 1141 decertare
693 1109 813 1150 poculis
826 1111 868 1141 ud
882 1109 1076 1141 hilaritatem
1089 1109 1221 1143 idoneis.
1262 1110 1445 1143 Reae-indite
1455 1110 1619 1142 immanem
1632 1118 1704 1140 con-

250 1151 440 1183 suetudinem
449 1162 463 1190 ;
484 1155 516 1183 et
530 1156 674 1184 eruemus
696 1152 906 1184 contentiones
919 1162 939 1184 a
956 1153 1079 1184 Baccho
1100 1154 1235 1185 modesto
1257 1157 1422 1186 removete.
1465 1151 1615 1185 Persicus
1634 1152 1705 1192 glu-

851 1246 1094 1259 OOOOmmO‘

295 1310 373 1342 Ode
389 1310 525 1343 decima
539 1312 658 1353 quinta
673 1313 774 1353 hujus
787 1312 882 1344 Libri
899 1313 933 1344 iu
950 1313 1149 1344 recensione
1166 1312 1350 1344 Sanadoni.
1393 1313 1482 1344 Tres
1498 1311 1598 1344 codd.
1613 1312 1702 1344 Tor-

250 1353 356 1384 rentii
369 1353 558 1385 inscribunt
571 1366 579 1385 :
603 1354 656 1386 Ad
670 1356 815 1386 convivas
827 1356 957 1387 Sotiates
971 1364 1041 1386 suos
1052 1356 1090 1386 de
1106 1355 1285 1387 Hiluritate
1295 1366 1309 1392 ;
1329 1355 1472 1386 venett.
1500 1355 1642 1386 Locher.
1666 1359 1703 1386 et

252 1394 399 1426 Ascens.
421 1396 476 1427 Aa
487 1395 614 1428 Sodales
626 1398 664 1428 de
679 1398 747 1428 vini
760 1398 986 1429 modesta—³
1003 1397 1120 1429 Bentl.
1136 1397 1225 1438 conj.
1240 1398 1549 1438 inverecundnmque,
1565 1396 1588 1428 i.
1603 1397 1703 1444 etqui

247 1437 320 1478 jam
336 1442 459 1476 sponte
482 1439 641 1478 proclivis
657 1445 712 1471 est
727 1439 770 1471 ad
785 1440 876 1472 rixas
890 1450 900 1479 ;
923 1440 1146 1479 verecundique
1159 1439 1295 1471 emend.
1318 1440 1464 1479 Cnning.
1477 1443 1514 1470 et
1529 1439 1579 1470 sic
1592 1438 1703 1471 edidit

252 1479 444 1512 Sanam—5
469 1480 585 1512 Hunn.
602 1481 782 1514 Gemblac.
799 1486 830 1514 1.
847 1485 878 1514 2.
893 1486 929 1514 et
951 1483 1076 1513 Beller.
1089 1481 1284 1521 Pulmmni,
1301 1482 1416 1522 plures
1431 1481 1615 1520 Torrentii‚
1634 1481 1704 1512 duo

251 1521 467 1562 Bersmanni,
483 1532 543 1554 sex
557 1523 655 1555 Harl.
666 1524 766 1557 Dess.
782 1527 814 1556 2.
831 1526 982 1565 Lipss.3.
993 1527 1025 1555 4.
1049 1524 1149 1556 Gott.
1173 1524 1315 1556 Locher.
1330 1524 1473 1556 Venett.
1490 1526 1587 1555 1477.
1605 1526 1702 1556 1478.

253 1566 348 1596 1479.
363 1567 459 1597 1492.
474 1570 511 1597 et
528 1566 674 1600 Landin.
688 1567 843 1605 acinacis,-
867 1571 903 1599 et
918 1567 968 1599 ita
980 1567 1060 1598 Vet.
1074 1566 1189 1598 Schol.
1204 1571 1241 1599 et
1259 1565 1338 1599 edd.
1353 1566 1458 1598 Baxt·
1480 1571 1517 1598 et
1537 1566 1702 1598 (lomb.—

902 1660 1050 1694 NOTAE

291 1734 441 1766 Metram
455 1734 545 1766 idem
561 1735 652 1777 quod
669 1735 737 1769 od.
748 1745 799 1769 tx.

291 1787 311 1816 2
337 1784 491 1816 Thracum
506 1783 568 1825 est]
591 1785 638 1817 Hi
653 1786 744 1817 enim
757 1795 824 1817 non
839 1786 947 1818 solum

247 1833 443 1866 bibacitatis
469 1833 622 1876 infamia,
638 1836 699 1867 sed
722 1840 759 1868 et
782 1837 872 1868 inter
889 1846 947 1877 po-

247 1883 389 1914 tandum
405 1884 607 1923 petulantia!
632 1885 716 1917 vitio
734 1886 947 1920 laborabant.

251 1933 346 1964 Hinc
368 1932 546 1965 πολυπόται
571 1939 607 1966 et
630 1935 840 1975 ἀκρατοπόται
861 1937 945 1968 dicti

251 1982 380 2014 Athen.
404 1983 461 2014 lib.
478 1992 515 2014 x.
561 1984 694 2016 Ibidem
720 1991 756 2017 et
776 1986 951 2026 ὡρμηκότες

251 2033 402 2069 ἐπιεικῶς.
419 2042 496 2073 cap.
515 2036 565 2066 12.
610 2034 707 2066 Idem
734 2045 760 2067 ι.
774 2039 828 2069 24.
855 2046 949 2076 mag-

249 2091 328 2113 nam
352 2080 458 2113 fuisse
483 2081 605 2113 scribit
627 2083 671 2114 ob
695 2084 763 2115 vini
784 2088 950 2125 praestan-

249 2131 333 2178 tia-m
369 2130 526 2162 Thraciae
556 2131 807 2164 celebritatem.
860 2133 949 2165 Vide

249 2187 352 2221 supra
368 2179 438 2212 Od.
455 2188 566 2213 xvui.
582 2180 696 2222 ibique
707 2182 792 2214 Not.

296 2223 408 2268 Tollite
432 2229 599 2264 barbarum
614 2231 752 2273 Morem]
783 2232 950 2265 Solebant

247 2280 397 2312 Thraces
411 2289 478 2312 non
493 2281 602 2313 solum
617 2281 724 2315 hianti
746 2291 803 2314 ore
820 2282 948 2316 affatim

248 2330 364 2361 vinum
394 2329 524 2367 bibere,
549 2340 594 2362 ex
619 2331 825 2365 Callimacho
855 2333 947 2374 apud

248 2379 375 2411 Athen.
391 2388 428 2411 x.
443 2381 496 2412 12.
506 2379 567 2411 sed
580 2379 684 2412 etiam
698 2379 792 2413 ferro
803 2382 948 2414 accincti

247 2429 488 2470 epulabantur,
508 2433 545 2461 et
569 2429 755 2471 quemlibet
777 2431 949 2473 cogebant

249 2480 396 2522 aequales
414 2480 532 2511 bibere
547 2480 702 2520 cyathos.
734 2480 835 2514 Quod
851 2486 948 2514 certe

247 2528 440 2561 barbarum.

292 2581 311 2610 3
355 2579 625 2621 Vera-undamque
650 2580 826 2621 Bacchum]
863 2581 949 2613 eum

246 2630 454 2662 verecundia
482 2635 518 2662 et
541 2630 774 2663 moderatione
801 2637 949 2664 tractan-

245 2679 348 2710 dum:
372 2678 454 2709 alias
469 2679 558 2710 enim
576 2680 753 2712 ulciscitur
769 2681 846 2713 vino
865 2682 947 2714 abu-

248 2733 360 2761 tentes
375 2732 412 2761 et
425 2728 604 2761 immodice
618 2730 814 2764 haurientes
829 2731 946 2766 furore

1003 1737 1147 1778 aliisque
1173 1737 1271 1770 malis
1294 1735 1534 1778 percutiendo.
1577 1735 1704 1776 Supra,

1003 1785 1070 1818 Od.
1085 1795 1196 1818 xvm.

1043 1839 1064 1868 4
1087 1834 1279 1876 sanguineis
1307 1835 1468 1876 prohibete
1493 1834 1592 1876 rixis]
1643 1835 1702 1867 Dc

1002 1885 1194 1917 Centaurea
1215 1895 1291 1917 cum
1315 1885 1470 1926 Lapithis
1501 1885 1577 1917 rixa
1600 1893 1705 1926 snper

1003 1945 1109 1975 mero,
1142 1944 1245 1976 supra
1282 1934 1351 1966 Od.
1376 1943 1486 1967 xvnt.
1515 1939 1553 1967 et
1580 1934 1702 1976 Virgil-

1004 1984 1131 2025 Georg.
1160 1994 1201 2016 ιι.
1223 1987 1299 2016 456.
1320 1985 1331 2002 ‘
1347 1984 1412 2016 Ille
1437 1983 1590 2017 furente·
1615 1984 1706 2017 Cen·

1004 2039 1117 2065 tauros
1133 2035 1203 2065 leto
1218 2034 1362 2074 domuit,
1373 2035 1600 2076 Rhoetnmque
1613 2034 1706 2067 Pho·

1004 2084 1154 2124 lumque,
1169 2084 1214 2114 Et
1236 2092 1359 2122 magno
1374 2083 1533 2123 Hylaeum
1553 2085 1704 2124 Lapithis

1004 2138 1140 2165 cratere
1151 2131 1363 2164 minantem!

1045 2187 1064 2214 5
1100 2183 1180 2214 Vino
1200 2185 1232 2214 et
1254 2181 1390 2214 lucernis
1413 2181 1530 2213 Medus
1549 2180 1703 2222 acinaces,

1001 2233 1070 2274 ssa]
1093 2233 1185 2267 Quid
1199 2233 1325 2273 gladio,
1340 2231 1422 2274 quid
1437 2231 1540 2263 armis
1560 2240 1636 2263 curn
1650 2231 1702 2262 hi-

1001 2283 1141 2315 laritate
1156 2288 1191 2314 et
1206 2283 1338 2323 epulis?
1359 2281 1450 2313 Vide
1465 2281 1618 2314 Macrob.
1632 2289 1700 2314 vu.

1002 2335 1032 2365 1.
1048 2338 1083 2364 et
1097 2333 1275 2365 Plutarch.
1290 2332 1445 2373 Sympos.
1462 2341 1488 2363 1.
1501 2334 1534 2364 4.

1043 2381 1207 2422 Lucernis]
1225 2381 1390 2413 Convivia
1402 2389 1545 2421 vespere
1561 2379 1702 2421 incipie-

1000 2430 1095 2470 bant,
1110 2435 1147 2462 et
1163 2431 1197 2462 in
1213 2431 1349 2462 multam
1367 2439 1459 2470 saepe
1474 2434 1609 2463 noctem
1623 2439 1700 2471 pro-

1001 2480 1248 2513 trahebantur:
1273 2480 1315 2511 ad
1337 2480 1411 2511 haec
1433 2479 1535 2520 igitur
1550 2480 1698 2512 lucernis

1001 2542 1086 2574 opus
1101 2538 1187 2564 erat.
1232 2531 1334 2564 Quod
1356 2535 1471 2563 autem
1486 2536 1620 2563 veteres
1634 2531 1700 2563 iar-

1003 2583 1077 2624 gius
1091 2586 1278 2618 coenarent.
1293 2590 1393 2623 quam
1416 2580 1635 2622 pranderent,
1650 2580 1700 2612 id-

1002 2642 1067 2674 que
1094 2638 1188 2665 recte
1213 2638 1250 2664 et
1273 2632 1316 2664 ad
1342 2632 1534 2671 sanitatem,
1555 2632 1699 2673 exponit

1001 2683 1086 2715 Coel.
1102 2683 1246 2723 Rhodig.
1261 2690 1338 2714 xiv.
1353 2684 1383 2713 9.
1399 2681 1461 2713 sub
1477 2681 1590 2714 finem.

1043 2733 1171 2775 Medus]
1192 2731 1362 2765 Quoniam
1390 2730 1485 2764 Medi
1511 2731 1696 2774 Persaeque
