1916 3190
280 244 367 286 448

510 350 756 406 Splendida
775 350 985 398 mendax,
1005 353 1049 391 et
1067 350 1112 391 in
1133 363 1261 392 omne
1280 350 1402 404 virgo

762 258 807 296 Q.
838 257 1048 288 HORATH
1082 257 1256 288 FLAcm

853 416 1030 458 Nobilis
1050 429 1221 459 aevum:

511 484 665 537 Surge,
685 497 788 538 quae
810 484 924 524 dixit
947 484 1102 538 juveni
1122 485 1293 536 marito,

509 551 665 604 Surge,
687 563 743 591 ne
763 551 920 603 longus
940 550 1024 591 tibi
1043 562 1240 600 somnus,
1261 550 1375 591 unde

513 617 618 659 Non
637 618 779 668 times,
801 618 952 669 detur;
981 630 1183 659 socerum
1203 621 1247 658 et
1264 617 1481 659 scelestas

852 682 978 725 Falle
1000 696 1176 725 sorores
1193 697 1205 736 ;

1677 684 1734 725 40

511 749 644 801 Quae,
664 750 782 792 velut
799 755 943 792 nactae
964 750 1131 791 vitulos
1151 751 1319 801 leaenae,

511 816 737 870 Singulos,
755 817 891 858 eheu!
920 818 1137 859 lacerant:
1168 830 1250 870 ego
1271 818 1362 859 illis

512 882 708 937 Mollior,
726 896 808 925 nec
829 889 874 925 te
894 883 1059 933 feriam,
1078 896 1221 937 neque
1239 886 1355 926 intra

851 949 1059 991 Claustra
1085 951 1260 991 tenebo.

512 1015 591 1057 Me
611 1020 738 1069 pater
759 1016 895 1057 saevis
915 1020 1064 1058 oneret
1082 1017 1270 1066 catenis,

1677 1017 1736 1060 45

514 1082 650 1134 Quod
671 1083 764 1125 viro
785 1083 981 1125 clemens
1000 1083 1164 1125 misero
1182 1083 1386 1137 peperci:

285 1203 321 1234 ἰιι
342 1206 453 1236 cuncta
466 1204 579 1236 soecula
599 1203 737 1235 illustris
750 1203 840 1243 virgo
855 1203 985 1235 extitit.-
1007 1213 1076 1243 ἵνα
1097 1204 1145 1234 ait
1163 1203 1348 1235 adolescenti
1368 1213 1498 1244 sponso:
1519 1204 1740 1244 Eurumque

284 1246 452 1277 diuturnus
465 1246 525 1278 tibi
537 1255 628 1287 sopor
642 1247 723 1277 unde
736 1255 796 1277 non
809 1246 923 1277 metuis
937 1249 1146 1286 comparetur:
1160 1255 1297 1277 socerum
1311 1249 1343 1277 et
1356 1245 1470 1286 impias
1482 1255 1603 1277 sorore·
1616 1245 1741 1295 effuge,-

284 1297 354 1328 quoe
374 1292 521 1330 tanquam
541 1289 645 1320 leoenoe
659 1288 771 1319 vitulos
785 1289 906 1329 adeptoe
920 1288 1049 1319 totidem
1071 1288 1130 1319 heu
1150 1288 1340 1329 discerpunt.
1385 1289 1454 1327 Ego
1475 1288 1541 1320 illu
1559 1287 1739 1320 clementior

284 1339 383 1370 neque
397 1334 429 1362 te
448 1333 635 1371 percutiam,
658 1340 754 1371 neque
767 1330 907 1364 detinebo
926 1330 1014 1361 intra
1026 1333 1125 1379 popter.
1166 1330 1222 1361 Me
1241 1339 1356 1371 parens
1368 1330 1456 1362 dum
1469 1330 1602 1362 vinulis
1613 1330 1736 1369 obruat,

284 1372 429 1411 quoniam
442 1383 585 1413 sponsum
599 1372 755 1410 infelicem
765 1373 899 1412 benigna
912 1372 1054 1405 servavi:
1067 1382 1116 1404 me
1130 1375 1202 1404 navi
1215 1373 1361 1405 amandet
1373 1374 1415 1405 ad
1428 1373 1554 1405 ullium
1563 1373 1659 1404 etiam
1670 1372 1740 1403 Nu·

893 1465 930 1476 oe
935 1464 1132 1477 uemoooo

286 1519 359 1550 dere
371 1518 484 1556 suno.-
506 1518 736 1550 memorabilis
751 1518 867 1557 lectio,
884 1518 995 1560 inquit
1008 1518 1189 1552 Jani.-36
1212 1519 1343 1550 Nubilis
1356 1528 1457 1550 aevum
1471 1519 1544 1550 vult
1560 1519 1679 1551 Barth.
1694 1519 1738 1551 ad

287 1560 469 1592 Claudian.
488 1570 524 1601 p.
541 1563 638 1592 1225.
662 1561 757 1601 quasi
773 1565 913 1592 aeternae
929 1562 1044 1599 gloriae
1061 1562 1226 1601 nupserit.
1268 1561 1349 1593 vid.
1366 1561 1567 1593 Reum—39
1590 1561 1735 1600 Cuuing.

288 1612 326 1633 ac
345 1603 511 1638 scelestas:
533 1603 625 1643 Lipo.
638 1604 670 1634 4.
691 1606 724 1633 et
737 1612 857 1634 sorores
873 1603 959 1634 Folle
973 1604 1218 1634 scelestam—42
1241 1603 1392 1643 Singulos
1410 1604 1480 1642 heu,
1503 1604 1577 1642 heu,
1595 1603 1689 1644 Lips.
1704 1606 1738 1635 3.

287 1643 424 1685 aliique,
450 1649 489 1675 ut
510 1644 718 1675 solenh—43
744 1644 841 1676 Harl.
858 1647 888 1675 3.
903 1648 934 1676 4.
951 1644 1021 1684 alii,
1046 1648 1081 1675 et
1106 1645 1221 1684 vulgg.
1244 1654 1299 1676 nec
1323 1646 1432 1682 intrim
1454 1645 1601 1676 Bentleii
1618 1645 1736 1677 Graev.

287 1686 386 1717 Leid.
400 1686 533 1718 Zulicli.
550 1686 672 1726 Regin.
689 1686 825 1726 aliique,
850 1686 918 1718 duo
943 1687 1159 1726 Bersmanni,
1172 1686 1319 1718 Mentel.
1336 1686 1430 1725 Lipu.
1445 1690 1476 1718 1.
1489 1690 1524 1719 2.
1537 1690 1568 1718 8.
1590 1688 1691 1719 Desa.
1707 1690 1738 1719 1.

286 1731 320 1760 2.
345 1728 443 1760 Harl.
460 1731 490 1760 1.
506 1731 539 1761 2.
553 1732 584 1760 5.
599 1731 633 1759 6.
659 1728 726 1770 (nil
741 1727 894 1760 referunt
909 1729 951 1759 de
965 1728 1034 1760 suis
1049 1728 1200 1770 reliqui‚)
1229 1735 1266 1760 et
1290 1729 1338 1759 sie
1357 1729 1499 1760 Venett.
1523 1731 1619 1760 1477.
1642 1731 1738 1760 1478.

289 1772 385 1802 1479.
418 1773 515 1802 1492.
543 1774 638 1802 1509.
677 1771 821 1803 Locher.
850 1770 993 1803 Arcens.
1023 1771 1126 1802 Baxt.
1153 1771 1271 1803 Bentl.
1298 1771 1442 1810 Cuniug.
1479 1770 1604 1802 stand.
1632 1771 1741 1805 Gesn.

289 1812 397 1845 Zeun.
422 1813 517 1854 sani,
541 1813 684 1855 Bipont.
699 1813 840 1845 Mitscli.
855 1814 1004 1845 Wetzel.
1019 1812 1157 1845 Wakef.
1174 1813 1292 1846 Comb.
1307 1818 1344 1845 et
1361 1812 1470 1845 Kidd.
1490 1821 1586 1853 neque
1598 1812 1739 1862 intr-q.—

945 1899 1087 1932 NOTAE

331 1975 371 2003 35
397 1973 437 2003 In
449 1983 535 2005 omne
546 1974 635 2013 virgo
646 1973 771 2005 Nobilis
781 1972 897 2013 aevum]
913 1972 989 2013 Hy-

290 2027 534 2061 permnestram
549 2024 712 2063 virginem
723 2024 899 2060 mansisse,
911 2023 989 2056 hoc-

291 2079 357 2110 que
374 2075 509 2110 pactam
521 2081 596 2103 cum
610 2073 747 2113 Lynceo
759 2083 896 2114 sponso,
906 2082 987 2104 uon-

290 2118 375 2150 nulli
401 2119 554 2150 tradunt.
599 2122 688 2152 Vide
707 2123 857 2153 Pausan.
874 2122 909 2153 in
926 2123 990 2154 Co-

291 2167 479 2200 rinthiacis.
502 2169 643 2200 Pindar.
670 2171 770 2201 Nem.
787 2171 856 2203 Od.
874 2180 911 2202 x.
927 2173 990 2204 ὅτε.

322 2219 376 2254 ‚38
400 2217 452 2248 Ne
473 2218 586 2256 longus
605 2218 665 2248 tibi
679 2228 811 2257 somnus,
826 2221 897 2260 ξω]
936 2220 991 2251 Ne

291 2265 356 2298 tibi
383 2275 472 2298 mors
501 2265 666 2298 afferatur
695 2277 715 2298 a
740 2268 863 2299 Danao
893 2273 990 2307 patre

293 2315 532 2357 sororibusque
543 2316 628 2347 meis
642 2326 651 2347 z
674 2316 816 2357 AEgypti
829 2317 916 2355 enim
929 2325 989 2356 pa-

293 2365 356 2397 tris
380 2365 430 2396 tui
455 2366 596 2406 stirpem
619 2365 821 2403 extinguere
837 2361 991 2406 conjura-

292 2418 383 2447 runt.
427 2414 530 2447 Ovid.
548 2414 691 2446 Hei-oid.
710 2415 822 2456 Epist.
845 2423 924 2447 xiv.
938 2418 992 2448 ⁷3.

293 2469 304 2484 ‘
317 2465 424 2506 Surge
437 2474 515 2506 age,
530 2465 667 2505 Belide,
680 2465 726 2496 de
741 2469 794 2496 tot
809 2465 909 2497 modo
923 2465 991 2497 fra-

292 2515 405 2546 tribus
428 2524 533 2546 unus:
558 2515 638 2547 Nox
666 2514 742 2554 tibi,
763 2515 797 2545 ni
813 2524 992 2555 properes,

294 2563 362 2595 ista
393 2564 553 2605 perennis
582 2563 671 2596 erit?

293 2617 303 2631 ‘
320 2614 463 2645 Somnus
475 2614 593 2646 mortis
601 2613 710 2646 frater
723 2613 752 2652 ;’
768 2614 860 2655 apud
871 2614 992 2655 Virgil.

296 2662 587 2704 ‘consanguineus
610 2663 672 2694 leti
701 2663 827 2704 sopor,’
853 2663 990 2696 dicitur.

297 2712 420 2744 Catull.
437 2722 472 2744 v.
493 2716 525 2745 6.
548 2718 558 2732 ‘
573 2713 653 2746 Nox
668 2718 722 2745 est
737 2717 905 2755 perpetua
925 2722 992 2746 uua

297 2761 511 2794 dormienda.'

717 2563 820 2604 Apud
848 2563 994 2596 Hesiod.

1085 1975 1128 2004 39
1149 1972 1301 2004 Scelesta
1317 1972 1407 2005 Falle
1415 1970 1551 2012 sorores]
1574 1971 1743 2004 Celeriter

1041 2023 1220 2064 fugiendo,
1262 2032 1368 2064 prava
1403 2031 1556 2054 sororum
1590 2031 1742 2054 mearum

1043 2074 1187 2105 consilia
1202 2073 1315 2105 elude.

1086 2126 1128 2154 45
1145 2123 1202 2154 Me
1213 2126 1304 2163 pater
1313 2122 1408 2154 aoevis
1418 2125 1523 2154 oneret
1532 2122 1663 2161 camis,
1674 2121 1743 2161 clm]

1045 2172 1204 2204 Observa
1225 2181 1326 2213 quam
1349 2171 1534 2203 artificiose
1549 2170 1659 2203 Poeta
1673 2181 1743 2203 am-

1045 2221 1175 2261 plificet
1191 2231 1231 2252 ac
1247 2221 1367 2252 laudet
1390 2220 1493 2252 fidem
1508 2225 1545 2252 et
1566 2220 1742 2252 lenitatem

1043 2270 1341 2310 Hypermnestroe,
1358 2275 1397 2302 ut
1411 2270 1486 2311 ejus
1503 2269 1662 2309 exemplo
1678 2270 1743 2310 Ly-

1043 2317 1110 2348 den
1126 2318 1278 2357 impellat
1310 2319 1354 2349 ad
1380 2319 1445 2349 sibi
1473 2319 1599 2350 amanti
1624 2317 1741 2350 faven-

1042 2365 1136 2396 dum.
1161 2366 1251 2396 Vide
1267 2366 1369 2398 Ovid.
1382 2367 1526 2397 Heroid.
1539 2366 1649 2406 Epist·
1661 2375 1740 2397 xiv.

1042 2418 1075 2447 8.
1090 2413 1148 2446 ubi
1162 2414 1437 2455 Hypermnestra
1448 2414 1584 2455 Lynceo
1596 2415 1645 2446 ita
1659 2415 1742 2446 scri-

1042 2465 1116 2497 bit:
1132 2465 1142 2483 ‘
1159 2464 1286 2497 Clausa
1299 2465 1398 2496 domo
1415 2468 1545 2503 teneor,
1566 2464 1742 2504 gravibus-

1041 2524 1108 2556 que
1120 2513 1270 2546 coiircita
1281 2513 1412 2544 vinclis.
1445 2513 1509 2544 Est
1516 2512 1596 2544 mihi
1612 2514 1742 2554 suppli-

1044 2563 1089 2595 cii
1104 2572 1218 2605 causa,
1230 2561 1334 2595 fuisse
1350 2562 1452 2603 piam.
1476 2562 1536 2594 Me
1550 2566 1648 2603 pater
1661 2563 1741 2604 igne

1041 2613 1136 2653 lieet,
1171 2621 1271 2654 quem
1302 2620 1369 2642 non
1397 2611 1609 2653 violavimus,
1640 2619 1737 2646 urat:

1044 2684 1054 2693 .
1068 2685 1077 2695 .
1095 2685 1104 2695 .
1121 2683 1130 2692 .
1144 2661 1217 2694 Aut
1232 2662 1288 2693 illo
1297 2662 1435 2702 jugulet
1451 2671 1551 2703 quem
1571 2672 1639 2694 non
1653 2663 1740 2696 bene

1044 2711 1186 2744 tradidit
1216 2720 1297 2743 ense
1311 2721 1321 2750 ς
1344 2711 1394 2742 Ut
1421 2721 1491 2753 qua
1518 2721 1585 2745 non
1616 2713 1741 2747 cecidit

1047 2762 1098 2795 vir
1112 2771 1207 2802 nece,
1225 2766 1332 2803 nupta
1348 2761 1473 2794 cadat-⁹
