1916 3190
244 236 330 279 390
725 252 768 291 Q.
807 252 1018 283 noaAru
1053 253 1227 285 rnAccr

473 344 587 387 Cum
609 349 722 388 terra
743 347 871 397 celat,
894 359 1100 401 spernere
1120 347 1289 400 fortior,
1649 349 1705 390 50

537 412 686 464 Quam
706 427 859 466 cogere
880 413 1101 456 humanos
1123 416 1167 456 in
1189 429 1314 467 usus,

590 481 731 522 Omne
754 494 929 523 sacrum
949 483 1151 537 rapiente
1171 483 1347 526 dextra.

476 547 756 603 Quicumque
776 551 937 591 mundo
959 551 1173 593 terminus
1193 552 1382 602 obstitit,

474 614 610 657 Hunc
630 621 775 671 tangat
796 618 944 668 armis,
966 619 1108 660 visere
1129 620 1320 672 gestiens

532 683 638 735 Qua
658 690 785 738 parte
807 685 1134 727 debacchentur
1153 687 1294 739 ignes,

591 751 695 802 Qua
714 753 885 794 nebulae
907 753 1138 807 pluviique
1158 766 1296 794 rores.

1649 685 1707 726 55

246 857 355 879 aurum
382 851 518 881 nondum
543 851 716 891 inventum,
739 856 832 892 atque
858 852 905 883 ita
930 853 1160 884 convenientius
1184 852 1330 893 positum,
1351 853 1426 883 dum
1447 854 1534 883 terra
1559 852 1710 891 contegit,

245 900 336 931 quam
350 893 521 924 addicendo
531 894 611 925 illud
622 897 691 926 usui
706 896 874 932 hominum,
896 905 989 925 manu
1013 896 1171 935 quodlibet
1196 898 1335 926 sanctum
1358 895 1565 934 deproedante.
1612 894 1708 930 Quis-

245 933 315 973 quis
328 936 434 966 mundi
447 936 531 977 finis
542 937 717 978 impedivit,
731 938 812 968 hunc
826 937 903 968 beno
918 937 1069 973 obtineat,
1084 939 1211 978 cupiens
1225 936 1428 977 investigare,
1449 946 1508 977 quo
1521 937 1585 968 loco
1599 940 1710 976 aesM,

854 1021 1100 1035 “ouoeeoeeo

246 1074 410 1107 delendos
427 1081 548 1107 censet
562 1077 698 1108 Valart.
714 1077 772 1108 Pr.
790 1080 924 1108 rv.—-51
951 1081 959 1094 ¹
977 1076 1266 1117 Distinguendum
1294 1079 1374 1117 post
1394 1084 1516 1116 cogere,
1539 1084 1606 1107 non
1629 1079 1708 1117 post

247 1127 331 1154 usus,
349 1124 386 1150 ut
403 1118 526 1157 vulgo.¹
548 1119 727 1150 Jani.--53
754 1120 952 1161 Quacumque
968 1120 1057 1161 conj.
1074 1120 1191 1151 Bentl.
1207 1119 1285 1160 quia
1310 1128 1397 1150 unus
1422 1123 1556 1150 tautum
1580 1118 1625 1149 sit
1641 1123 1710 1149 ter-

248 1160 359 1191 minus
377 1161 505 1193 mundi.
552 1162 619 1193 Sed
647 1163 719 1202 ipse
746 1164 851 1194 sentit
874 1173 910 1193 se
937 1164 1067 1203 nugari·
1089 1162 1197 1193 mundi
1220 1161 1338 1193 Lamb.
1365 1160 1601 1202 equibusdam
1626 1161 1709 1201 suis,

245 1203 357 1234 Mald.
371 1204 527 1245 Cruquii,
551 1205 644 1245 Lips.
661 1208 692 1236 3.
718 1205 815 1236 Harl.
832 1208 863 1238 2.
880 1209 912 1238 6.
937 1205 1057 1246 Stepli.
1072 1206 1179 1246 Cruq.
1198 1205 1280 1236 Feb.
1304 1205 1428 1236 Dacer.
1458 1203 1582 1235 Heius.
1606 1203 1711 1236 Βακτ-

247 1244 336 1277 Sivr.
367 1246 433 1278 Sed
450 1249 564 1278 mundo
581 1247 680 1279 Harl.
697 1251 728 1279 1.
745 1250 777 1279 3.
791 1251 823 1279 4.
834 1252 866 1281 5.
889 1258 1006 1280 omnes
1023 1249 1163 1290 Crnquii
1181 1253 1312 1288 praeter
1328 1256 1445 1287 unum,
1461 1252 1579 1278 omnes
1592 1246 1710 1279 Bentl-

246 1293 376 1328 praeter
391 1290 570 1322 nonnullos
588 1295 734 1322 recentt.
761 1296 831 1322 tres
853 1291 1015 1323 Torrent.
1039 1301 1156 1322 omnes
1178 1290 1259 1323 Jani
1284 1294 1412 1331 praeter
1433 1298 1551 1328 unum,
1565 1289 1710 1322 veneti.

247 1333 345 1362 1478.
362 1334 457 1363 1492.
482 1332 627 1364 Ascens.
644 1333 788 1365 Loclier,
803 1334 924 1365 Basill.
940 1335 1099 1366 Torrent.
1123 1334 1240 1365 Bentl.
1266 1333 1388 1366 Jones.
1409 1332 1558 1373 Cnning.
1583 1331 1711 1364 Sanad.

246 1372 357 1404 Gesn.
374 1374 482 1405 Zeun.
497 1381 533 1406 et
550 1380 698 1407 recenti.
716 1376 842 1407 exstitit
855 1376 942 1407 liber
958 1377 1065 1408 Basil.
1082 1386 1101 1406 a
1117 1377 1161 1408 G.
1179 1376 1313 1408 Fabric.
1326 1376 1597 1416 inspectum—54
1614 1374 1711 1405 Huc

245 1418 357 1454 tanget
373 1416 471 1447 Harl.
489 1420 562 1447 1.4.
576 1421 608 1449 6.
633 1427 749 1448 omnes
776 1418 971 1456 Pulmanni,
993 1420 1108 1459 plures
1127 1419 1312 1456 Tor-rentii,
1334 1424 1370 1449 et
1391 1417 1509 1449 Bentl.
1525 1416 1593 1447 duo
1606 1417 1709 1447 Bers-

245 1458 378 1498 manni,
394 1458 536 1490 Mentel.
554 1460 698 1500 Franeq.
719 1460 813 1500 Lips.
830 1463 861 1491 1.
878 1463 909 1492 2.
925 1463 956 1492 3.
969 1463 1003 1491 4.
1029 1460 1226 1492 Helrnstad.
1242 1459 1315 1491 Alt.
1329 1463 1361 1491 2.
1387 1460 1490 1491 Dess.
1505 1461 1539 1490 2.
1560 1458 1706 1490 Locher.

246 1499 391 1532 Ascens.
406 1502 548 1534 Venett.
564 1507 600 1533 et
614 1502 721 1534 Brod.
766 1503 863 1535 Hunc
877 1503 982 1543 tangit
1004 1503 1091 1535 liber
1115 1503 1263 1534 Fabricii
1277 1513 1286 1541 ;
1319 1503 1418 1533 Hunc
1429 1503 1543 1541 tangat
1559 1500 1657 1532 Harl.
1671 1503 1706 1533 2.

907 1589 1049 1622 NOTAE

249 1655 322 1683 est:
347 1652 457 1683 Roma
479 1651 602 1684 fortior
624 1652 816 1693 spernendo
835 1662 954 1685 aurum

249 1701 338 1743 quod
356 1712 375 1735 e
401 1702 527 1734 fodinis
555 1703 704 1734 nondum
729 1708 863 1735 erutum
889 1708 955 1744 cst,

250 1762 353 1793 quarn
371 1753 455 1784 illud
477 1753 556 1785 inde
572 1753 724 1785 eruendo
747 1758 784 1785 et
800 1754 842 1785 ad
858 1764 955 1786 usum

247 1802 698 1846 fabricando‚nnmmosque
707 1804 877 1836 cudendo.
902 1806 956 1837 De

250 1858 427 1886 contemtu
457 1855 652 1886 divitiarum
690 1854 782 1896 apud
816 1854 957 1886 Priscos

250 1905 421 1937 Romanos
451 1905 579 1938 usitato
609 1906 689 1937 Val.
720 1906 815 1937 Max.
841 1914 894 1936 iv.
923 1907 955 1936 3.

248 1954 307 1986 De
325 1955 440 1996 Curio,
455 1956 624 1995 Fabricio,
643 1955 800 1991 Camillo,
813 1955 956 1997 aliisque

251 2003 401 2035 diximus
420 2005 462 2036 ad
479 2015 505 2037 1.
523 2005 591 2036 Od.
608 2008 659 2036 12.
677 2009 713 2036 et
728 2005 822 2037 alibi.

296 2055 352 2087 Sic
375 2056 487 2087 melius
508 2056 615 2095 situm,
642 2057 727 2087 Cum
752 2059 838 2087 terra
861 2050 958 2096 celat]

254 2105 324 2137 Seu
339 2105 429 2146 quod
452 2105 648 2145 raptoribus
671 2114 741 2135 non
757 2110 812 2136 est
826 2106 960 2146 exposi-

253 2160 340 2195 tum,
356 2156 437 2187 dum
464 2155 549 2186 latet
572 2155 606 2185 in
631 2155 819 2186 visceribus
843 2162 961 2195 terrae,

254 2217 315 2239 seu
345 2206 474 2247 potins,
500 2205 592 2247 quod
617 2210 699 2236 tunc
726 2205 902 2236 avaritiam
926 2209 962 2237 et

254 2253 480 2298 cupiditatem
511 2266 578 2287 non
608 2255 789 2294 accendat,
819 2265 884 2286 nec
914 2256 957 2287 ad

253 2308 365 2340 scelus
380 2307 548 2347 impellat,
564 2311 623 2338 aut
640 2307 683 2338 ad
707 2306 893 2347 explendas
918 2307 959 2336 li-

255 2358 392 2390 bidines
409 2356 564 2389 fomitem
588 2356 743 2398 praebeat
762 2362 798 2388 et
814 2355 960 2388 faculta-

255 2414 338 2441 tem.
384 2408 487 2440 Ovid.
503 2408 592 2440 Met.
613 2416 640 2439 1.
663 2409 740 2438 140.
762 2411 772 2425 ⁸
786 2405 961 2439 Effodiun-

257 2464 315 2491 tur
331 2468 413 2500 opes
430 2458 647 2489 irritamenta
665 2456 850 2490 malorum-³

299 2512 340 2542 51
368 2510 499 2549 Cogere,
515 2508 583 2550 ξω]
598 2508 659 2540 Vis
674 2508 841 2549 siquidem
858 2506 962 2539 infer-

256 2561 285 2592 ri
302 2561 451 2592 metallis
466 2560 615 2600 videtur,
636 2569 711 2591 cum
734 2569 753 2591 e
776 2564 880 2592 terrae
896 2560 962 2592 vis-

257 2612 392 2644 ceribus
406 2611 644 2643 extrahuntur.

302 2665 344 2693 52
377 2664 477 2694 Omne
505 2672 628 2694 sacrum
657 2662 799 2703 rapiente
830 2663 960 2705 dextra]

260 2712 399 2753 Duplici
416 2713 478 2743 hoc
494 2722 594 2744 sensu
613 2717 729 2753 potest
745 2713 854 2753 accipi
871 2723 880 2744 ε
909 2712 963 2743 vel

260 2762 350 2804 quod
382 2772 402 2792 a
432 2762 591 2794 Romanis
621 2766 804 2803 spernatur
829 2772 961 2803 aurum,

260 2812 357 2853 cujus
380 2812 535 2853 rapiendi
556 2822 659 2844 causa
680 2821 743 2844 nec
767 2813 870 2845 sacris
886 2821 963 2854 par·

1007 1659 1089 1686 cunt
1105 1654 1276 1686 homines:
1302 1653 1355 1684 vel
1371 1652 1462 1695 quod
1476 1652 1542 1694 ipsi
1554 1652 1714 1692 Romani,

1009 1705 1122 1736 Prisci
1136 1714 1275 1745 nempe,
1287 1702 1447 1734 fortiores
1470 1707 1508 1734 et
1530 1703 1711 1735 nobiliores

1009 1765 1128 1787 aurum
1160 1753 1411 1786 contemnendo
1429 1763 1468 1785 se
1490 1752 1713 1794 praebnerint,

1010 1817 1110 1850 quam
1122 1805 1258 1848 posteri
1284 1805 1368 1837 illud
1393 1804 1437 1836 ab
1459 1803 1588 1837 exteris
1603 1802 1714 1835 natio-

1011 1858 1111 1889 nibus
1123 1857 1271 1889 devictis
1285 1854 1486 1893 auferendo,
1501 1863 1598 1887 sacra
1612 1853 1714 1886 etiam

1012 1918 1032 1940 e
1055 1907 1192 1949 templis
1206 1916 1246 1938 ac
1269 1906 1421 1948 pretiosa
1437 1905 1604 1948 quaslibet
1617 1914 1715 1936 orm-

1012 1964 1127 1991 menta
1143 1959 1174 1990 vi
1191 1967 1362 1990 armorum
1377 1961 1413 1988 et
1428 1957 1510 1998 jure
1534 1954 1616 1988 belli
1631 1954 1715 1986 diri-

1012 2009 1151 2051 piendo.
1173 2009 1321 2049 Dionys.
1334 2007 1516 2048 Tyrannus
1530 2006 1715 2046 Syracusa-

1011 2070 1073 2092 nus
1089 2060 1170 2093 Jovi
1186 2058 1351 2099 Olympio
1367 2057 1522 2088 detraxit
1536 2055 1717 2088 amiculum

1012 2121 1166 2147 aureum,
1187 2110 1306 2141 addito
1323 2109 1428 2140 etiarn
1447 2106 1608 2146 ludibrio,
1623 2105 1714 2147 quod

1013 2165 1136 2193 aestate
1151 2159 1299 2199 gravior,
1313 2158 1436 2199 hyeme
1446 2155 1605 2198 frigidior
1618 2161 1717 2188 esset.

1013 2211 1090 2242 Val.
1102 2211 1199 2242 Max.
1215 2218 1240 2240 1.
1257 2212 1288 2240 1.
1300 2212 1372 2239 ext.
1383 2210 1415 2239 3.

1032 2264 1034 2266 ’
1057 2262 1098 2291 53
1124 2260 1317 2298 Quicumque
1335 2257 1442 2289 mundi
1456 2256 1608 2289 terminus
1621 2255 1718 2288 obsti-
1739 2258 1742 2261 ⁴

1013 2309 1067 2347 tit,
1096 2308 1164 2348 Sym]
1188 2308 1225 2339 Si
1251 2308 1326 2348 quis
1350 2311 1430 2338 ante
1456 2306 1548 2338 orbis
1573 2305 1716 2346 angulus

1014 2358 1175 2390 Romanis
1199 2357 1288 2387 hand
1316 2356 1443 2396 patuit,
1467 2355 1631 2396 deinceps
1655 2365 1716 2395 pa-

1014 2412 1101 2449 teat,
1123 2416 1232 2447 eoque
1249 2405 1406 2437 victricia
1428 2403 1578 2437 inferant
1600 2415 1714 2437 arms:

1015 2467 1076 2490 sen
1101 2457 1143 2488 ad
1169 2456 1298 2488 Zonam
1324 2453 1504 2495 torridam,
1527 2454 1586 2486 ubi
1609 2455 1718 2487 debac-

1015 2509 1145 2540 chentur
1159 2507 1260 2547 ignes,
1275 2505 1441 2546 saevitque
1457 2509 1562 2535 aestus
1577 2513 1660 2543 ;seu
1674 2505 1718 2536 ad

1016 2557 1134 2590 mundi
1150 2557 1255 2598 polos,
1277 2554 1334 2586 ubi
1356 2554 1486 2594 nebuloe,
1507 2554 1647 2596 glacies,
1660 2564 1719 2586 ca-

1016 2609 1085 2649 ligo
1120 2611 1299 2648 perpetua,
1329 2604 1429 2645 pluvii
1457 2613 1558 2644 rores,
1580 2604 1718 2637 imbres.

1015 2660 1103 2690 Vide
1120 2667 1145 2689 1.
1158 2657 1228 2689 Od.
1245 2659 1299 2688 22.
1347 2656 1483 2687 Lucret.
1499 2655 1559 2687 lib.
1577 2664 1601 2688 1.
1619 2657 1719 2697 ponit

1014 2709 1120 2742 etiam
1147 2709 1157 2726 ‘
1171 2717 1264 2739 rores
1275 2707 1284 2720 '
1308 2716 1372 2749 pro
1387 2706 1552 2738 imbribus
1568 2710 1604 2739 et
1619 2706 1718 2748 aquis

1015 2759 1150 2802 pluviis.
