<?xml version="1.0" encoding="UTF-8"?>
<!DOCTYPE html PUBLIC "-//W3C//DTD XHTML 1.0 Transitional//EN"
    "http://www.w3.org/TR/xhtml1/DTD/xhtml1-transitional.dtd">
<html xmlns="http://www.w3.org/1999/xhtml" xml:lang="en" lang="en">
 <head>
  <title>
</title>
<meta http-equiv="Content-Type" content="text/html;charset=utf-8" />
  <meta name='ocr-system' content='tesseract 3.04.00' />
  <meta name='ocr-capabilities' content='ocr_page ocr_carea ocr_par ocr_line ocrx_word'/>
</head>
<body>
  <div class='ocr_page' id='page_1' title='image "./operazeune01horauoft_0270.png"; bbox 0 0 1916 3190; ppageno 0'>
   <div class='ocr_carea' id='block_1_1' title="bbox 240 241 325 282">
    <p class='ocr_par' dir='ltr' id='par_1_1' title="bbox 240 241 325 282">
     <span class='ocr_line' id='line_1_1' title="bbox 240 241 325 282; baseline -0.012 0"><span class='ocrx_word' id='word_1_1' title='bbox 240 241 325 282; x_wconf 73' lang='lat'>262</span> 
     </span>
    </p>
   </div>
   <div class='ocr_carea' id='block_1_2' title="bbox 717 251 1215 291">
    <p class='ocr_par' dir='ltr' id='par_1_2' title="bbox 717 251 1215 291">
     <span class='ocr_line' id='line_1_2' title="bbox 717 251 1215 291; baseline -0.002 -9"><span class='ocrx_word' id='word_1_2' title='bbox 717 253 760 291; x_wconf 82' lang='lat' dir='ltr'>Q.</span> <span class='ocrx_word' id='word_1_3' title='bbox 795 251 1005 282; x_wconf 76' lang='lat' dir='ltr'>noRATu</span> <span class='ocrx_word' id='word_1_4' title='bbox 1041 251 1215 283; x_wconf 66' lang='lat' dir='ltr'>unscci</span> 
     </span>
    </p>
   </div>
   <div class='ocr_carea' id='block_1_3' title="bbox 468 325 1403 467">
    <p class='ocr_par' dir='ltr' id='par_1_3' title="bbox 468 325 1403 467">
     <span class='ocr_line' id='line_1_3' title="bbox 470 325 1242 400; baseline 0 -13"><span class='ocrx_word' id='word_1_5' title='bbox 470 345 710 387; x_wconf 88' lang='lat' dir='ltr'>Dissidens</span> <span class='ocrx_word' id='word_1_6' title='bbox 727 346 864 400; x_wconf 90' lang='lat' dir='ltr'>plebi,</span> <span class='ocrx_word' id='word_1_7' title='bbox 885 358 1070 387; x_wconf 86' lang='lat' dir='ltr'>numero</span> <span class='ocrx_word' id='word_1_8' title='bbox 1090 325 1242 387; x_wconf 55' lang='lat' dir='ltr'>beato:</span> 
     </span>
     <span class='ocr_line' id='line_1_4' title="bbox 468 412 1403 467; baseline 0 -13"><span class='ocrx_word' id='word_1_9' title='bbox 468 425 560 454; x_wconf 88' lang='lat' dir='ltr'>rum</span> <span class='ocrx_word' id='word_1_10' title='bbox 581 414 734 455; x_wconf 82' lang='lat' dir='ltr'><strong>eximit</strong></span> <span class='ocrx_word' id='word_1_11' title='bbox 753 413 921 463; x_wconf 85' lang='lat' dir='ltr'><strong>Virtus,</strong></span> <span class='ocrx_word' id='word_1_12' title='bbox 943 412 1246 467; x_wconf 82' lang='lat' dir='ltr'>populumque</span> <span class='ocrx_word' id='word_1_13' title='bbox 1266 412 1403 454; x_wconf 86' lang='lat' dir='ltr'>falsis.</span> 
     </span>
    </p>
   </div>
   <div class='ocr_carea' id='block_1_4' title="bbox 815 480 1099 522">
    <p class='ocr_par' dir='ltr' id='par_1_4' title="bbox 815 480 1099 522">
     <span class='ocr_line' id='line_1_5' title="bbox 815 480 1099 522; baseline -0.007 0"><span class='ocrx_word' id='word_1_14' title='bbox 815 480 1016 522; x_wconf 87' lang='lat' dir='ltr'>Dedocet</span> <span class='ocrx_word' id='word_1_15' title='bbox 1035 480 1099 521; x_wconf 93' lang='lat' dir='ltr'>uti</span> 
     </span>
    </p>
   </div>
   <div class='ocr_carea' id='block_1_5' title="bbox 1641 481 1697 521">
    <p class='ocr_par' dir='ltr' id='par_1_5' title="bbox 1641 481 1697 521">
     <span class='ocr_line' id='line_1_6' title="bbox 1641 481 1697 521; baseline 0 0"><span class='ocrx_word' id='word_1_16' title='bbox 1641 481 1697 521; x_wconf 79' lang='lat'>20</span> 
     </span>
    </p>
   </div>
   <div class='ocr_carea' id='block_1_6' title="bbox 467 546 1356 802">
    <p class='ocr_par' dir='ltr' id='par_1_6' title="bbox 467 546 1356 603">
     <span class='ocr_line' id='line_1_7' title="bbox 467 546 1356 603; baseline -0.002 -14"><span class='ocrx_word' id='word_1_17' title='bbox 467 546 699 599; x_wconf 89' lang='lat' dir='ltr'>Vocibus;</span> <span class='ocrx_word' id='word_1_18' title='bbox 730 560 904 603; x_wconf 84' lang='lat' dir='ltr'>regnum</span> <span class='ocrx_word' id='word_1_19' title='bbox 926 551 970 588; x_wconf 90' lang='lat' dir='ltr'>et</span> <span class='ocrx_word' id='word_1_20' title='bbox 990 546 1194 588; x_wconf 86' lang='lat' dir='ltr'>diadema</span> <span class='ocrx_word' id='word_1_21' title='bbox 1214 550 1356 587; x_wconf 90' lang='lat' dir='ltr'>tutum</span> 
     </span>
    </p>

    <p class='ocr_par' dir='ltr' id='par_1_7' title="bbox 467 613 1320 669">
     <span class='ocr_line' id='line_1_8' title="bbox 467 613 1320 669; baseline 0 -15"><span class='ocrx_word' id='word_1_22' title='bbox 467 613 676 656; x_wconf 88' lang='lat' dir='ltr'>Deferens</span> <span class='ocrx_word' id='word_1_23' title='bbox 694 616 784 664; x_wconf 87' lang='lat' dir='ltr'>uni,</span> <span class='ocrx_word' id='word_1_24' title='bbox 805 614 1117 669; x_wconf 83' lang='lat' dir='ltr'>propriamque</span> <span class='ocrx_word' id='word_1_25' title='bbox 1136 615 1320 663; x_wconf 85' lang='lat' dir='ltr'>laurum,</span> 
     </span>
    </p>

    <p class='ocr_par' dir='ltr' id='par_1_8' title="bbox 470 679 1278 802">
     <span class='ocr_line' id='line_1_9' title="bbox 470 679 1278 736; baseline -0.001 -14"><span class='ocrx_word' id='word_1_26' title='bbox 470 679 690 736; x_wconf 85' lang='lat' dir='ltr'>Quisquis</span> <span class='ocrx_word' id='word_1_27' title='bbox 709 682 908 735; x_wconf 85' lang='lat' dir='ltr'>ingentes</span> <span class='ocrx_word' id='word_1_28' title='bbox 925 681 1057 722; x_wconf 91' lang='lat' dir='ltr'>oculo</span> <span class='ocrx_word' id='word_1_29' title='bbox 1079 682 1278 722; x_wconf 88' lang='lat' dir='ltr'>irretorto</span> 
     </span>
     <span class='ocr_line' id='line_1_10' title="bbox 809 746 1216 802; baseline -0.002 -13"><span class='ocrx_word' id='word_1_30' title='bbox 809 748 994 802; x_wconf 83' lang='lat' dir='ltr'>Spectat</span> <span class='ocrx_word' id='word_1_31' title='bbox 1014 746 1216 789; x_wconf 86' lang='lat' dir='ltr'>acervos.</span> 
     </span>
    </p>
   </div>
   <div class='ocr_carea' id='block_1_7' title="bbox 235 838 1697 966">
    <p class='ocr_par' dir='ltr' id='par_1_9' title="bbox 235 838 1697 966">
     <span class='ocr_line' id='line_1_11' title="bbox 238 838 1695 881; baseline 0.001 -11"><span class='ocrx_word' id='word_1_32' title='bbox 238 849 255 871; x_wconf 84' lang='lat' dir='ltr'>e</span> <span class='ocrx_word' id='word_1_33' title='bbox 277 849 402 871; x_wconf 81' lang='lat' dir='ltr'>numero</span> <span class='ocrx_word' id='word_1_34' title='bbox 418 838 563 877; x_wconf 82' lang='lat' dir='ltr'>felicium</span> <span class='ocrx_word' id='word_1_35' title='bbox 587 840 738 881; x_wconf 77' lang='lat' dir='ltr'>expungit</span> <span class='ocrx_word' id='word_1_36' title='bbox 763 841 936 872; x_wconf 74' lang='lat' dir='ltr'>Phraatem</span> <span class='ocrx_word' id='word_1_37' title='bbox 962 840 1072 871; x_wconf 78' lang='lat' dir='ltr'>throno</span> <span class='ocrx_word' id='word_1_38' title='bbox 1097 839 1175 880; x_wconf 78' lang='lat' dir='ltr'>Cyri</span> <span class='ocrx_word' id='word_1_39' title='bbox 1203 839 1384 870; x_wconf 80' lang='lat' dir='ltr'>restitutum</span> <span class='ocrx_word' id='word_1_40' title='bbox 1396 850 1408 877; x_wconf 79' lang='lat'>‚-</span> <span class='ocrx_word' id='word_1_41' title='bbox 1437 843 1529 880; x_wconf 81' lang='lat' dir='ltr'>atque</span> <span class='ocrx_word' id='word_1_42' title='bbox 1554 842 1695 872; x_wconf 76' lang='lat' dir='ltr'>emendat</span> 
     </span>
     <span class='ocr_line' id='line_1_12' title="bbox 238 882 1697 923; baseline 0.001 -10"><span class='ocrx_word' id='word_1_43' title='bbox 238 883 353 921; x_wconf 80' lang='lat' dir='ltr'>plebem</span> <span class='ocrx_word' id='word_1_44' title='bbox 361 883 476 920; x_wconf 79' lang='lat' dir='ltr'>fallaci</span> <span class='ocrx_word' id='word_1_45' title='bbox 491 886 627 914; x_wconf 82' lang='lat' dir='ltr'>utentem</span> <span class='ocrx_word' id='word_1_46' title='bbox 641 893 778 913; x_wconf 76' lang='lat' dir='ltr'>sermone</span> <span class='ocrx_word' id='word_1_47' title='bbox 788 893 798 913; x_wconf 93' lang='grc'>.·</span> <span class='ocrx_word' id='word_1_48' title='bbox 819 892 958 914; x_wconf 84' lang='lat' dir='ltr'>securum</span> <span class='ocrx_word' id='word_1_49' title='bbox 971 882 1181 922; x_wconf 78' lang='lat' dir='ltr'>principatum</span> <span class='ocrx_word' id='word_1_50' title='bbox 1196 885 1227 912; x_wconf 87' lang='lat' dir='ltr'>et</span> <span class='ocrx_word' id='word_1_51' title='bbox 1242 883 1405 921; x_wconf 84' lang='lat' dir='ltr'>imperium</span> <span class='ocrx_word' id='word_1_52' title='bbox 1419 885 1512 922; x_wconf 83' lang='lat' dir='ltr'>utque</span> <span class='ocrx_word' id='word_1_53' title='bbox 1533 883 1697 923; x_wconf 73' lang='lat' dir='ltr'>specialem</span> 
     </span>
     <span class='ocr_line' id='line_1_13' title="bbox 235 924 1567 966; baseline 0 -11"><span class='ocrx_word' id='word_1_54' title='bbox 235 924 372 963; x_wconf 78' lang='lat' dir='ltr'>gloriam</span> <span class='ocrx_word' id='word_1_55' title='bbox 385 925 559 956; x_wconf 73' lang='lat' dir='ltr'>attribuens</span> <span class='ocrx_word' id='word_1_56' title='bbox 571 925 601 956; x_wconf 82' lang='lat' dir='ltr'>ei</span> <span class='ocrx_word' id='word_1_57' title='bbox 617 925 686 964; x_wconf 77' lang='lat' dir='ltr'>wli,</span> <span class='ocrx_word' id='word_1_58' title='bbox 701 926 880 966; x_wconf 81' lang='lat' dir='ltr'>quicumque</span> <span class='ocrx_word' id='word_1_59' title='bbox 893 926 1037 964; x_wconf 63' lang='lat' dir='ltr'>grandes</span> <span class='ocrx_word' id='word_1_60' title='bbox 1045 925 1181 955; x_wconf 78' lang='lat' dir='ltr'>cumulos</span> <span class='ocrx_word' id='word_1_61' title='bbox 1195 924 1290 955; x_wconf 76' lang='lat' dir='ltr'>rectis</span> <span class='ocrx_word' id='word_1_62' title='bbox 1304 925 1399 955; x_wconf 73' lang='lat' dir='ltr'>oculis</span> <span class='ocrx_word' id='word_1_63' title='bbox 1417 924 1567 956; x_wconf 77' lang='lat' dir='ltr'>intuetur.</span> 
     </span>
    </p>
   </div>
   <div class='ocr_carea' id='block_1_8' title="bbox 849 1007 968 1019">
    <p class='ocr_par' dir='ltr' id='par_1_10' title="bbox 849 1007 968 1019">
     <span class='ocr_line' id='line_1_14' title="bbox 849 1007 968 1019; baseline 0 0"><span class='ocrx_word' id='word_1_64' title='bbox 849 1007 968 1019; x_wconf 64' lang='lat' dir='ltr'>cccccc</span> 
     </span>
    </p>
   </div>
   <div class='ocr_carea' id='block_1_9' title="bbox 971 1006 1090 1020">
    <p class='ocr_par' dir='ltr' id='par_1_11' title="bbox 971 1006 1090 1020">
     <span class='ocr_line' id='line_1_15' title="bbox 971 1006 1090 1020; baseline 0 -1"><span class='ocrx_word' id='word_1_65' title='bbox 971 1006 1090 1020; x_wconf 49' lang='lat'>‘‘‘‘‘‘</span> 
     </span>
    </p>
   </div>
   <div class='ocr_carea' id='block_1_10' title="bbox 239 1059 1698 1101">
    <p class='ocr_par' dir='ltr' id='par_1_12' title="bbox 239 1059 1698 1101">
     <span class='ocr_line' id='line_1_16' title="bbox 239 1059 1698 1101; baseline -0.001 -9"><span class='ocrx_word' id='word_1_66' title='bbox 239 1060 402 1093; x_wconf 82' lang='lat' dir='ltr'>Glarean.</span> <span class='ocrx_word' id='word_1_67' title='bbox 448 1061 646 1092; x_wconf 77' lang='lat' dir='ltr'>Phraharten</span> <span class='ocrx_word' id='word_1_68' title='bbox 661 1061 763 1091; x_wconf 85' lang='lat' dir='ltr'>Baxt.</span> <span class='ocrx_word' id='word_1_69' title='bbox 767 1063 853 1092; x_wconf 87' lang='grc'><strong>-18</strong></span> <span class='ocrx_word' id='word_1_70' title='bbox 876 1060 1048 1101; x_wconf 84' lang='lat' dir='ltr'>Porphyr.</span> <span class='ocrx_word' id='word_1_71' title='bbox 1066 1059 1233 1091; x_wconf 78' lang='lat' dir='ltr'>Dissidens</span> <span class='ocrx_word' id='word_1_72' title='bbox 1256 1059 1356 1099; x_wconf 83' lang='lat' dir='ltr'>plebis</span> <span class='ocrx_word' id='word_1_73' title='bbox 1371 1069 1511 1100; x_wconf 82' lang='lat' dir='ltr'>numero,</span> <span class='ocrx_word' id='word_1_74' title='bbox 1525 1059 1698 1100; x_wconf 73' lang='lat' dir='ltr'>beatorum,</span> 
     </span>
    </p>
   </div>
   <div class='ocr_carea' id='block_1_11' title="bbox 239 1101 1487 1186">
    <p class='ocr_par' dir='ltr' id='par_1_13' title="bbox 239 1101 1487 1186">
     <span class='ocr_line' id='line_1_17' title="bbox 239 1101 1487 1142; baseline 0 -8"><span class='ocrx_word' id='word_1_75' title='bbox 239 1104 292 1142; x_wconf 69' lang='grc' dir='ltr'><strong>ἔμ’.</strong></span> <span class='ocrx_word' id='word_1_76' title='bbox 315 1113 432 1134; x_wconf 88' lang='lat' dir='ltr'>omnes</span> <span class='ocrx_word' id='word_1_77' title='bbox 449 1102 570 1133; x_wconf 87' lang='lat' dir='ltr'>Bland</span> <span class='ocrx_word' id='word_1_78' title='bbox 585 1103 733 1134; x_wconf 80' lang='lat' dir='ltr'>Bentleii</span> <span class='ocrx_word' id='word_1_79' title='bbox 748 1103 868 1141; x_wconf 82' lang='lat' dir='ltr'>Regin</span> <span class='ocrx_word' id='word_1_80' title='bbox 883 1103 982 1134; x_wconf 71' lang='lat' dir='ltr'>Han-L</span> <span class='ocrx_word' id='word_1_81' title='bbox 998 1105 1029 1134; x_wconf 77' lang='lat'>3.</span> <span class='ocrx_word' id='word_1_82' title='bbox 1045 1105 1078 1133; x_wconf 92' lang='grc'><strong>4.</strong></span> <span class='ocrx_word' id='word_1_83' title='bbox 1094 1106 1127 1133; x_wconf 85' lang='grc'>6.</span> <span class='ocrx_word' id='word_1_84' title='bbox 1138 1105 1170 1133; x_wconf 89' lang='grc'>6.</span> <span class='ocrx_word' id='word_1_85' title='bbox 1196 1101 1392 1133; x_wconf 80' lang='lat' dir='ltr'>Helmstad.</span> <span class='ocrx_word' id='word_1_86' title='bbox 1408 1112 1487 1134; x_wconf 82' lang='lat' dir='ltr'>am.</span> 
     </span>
     <span class='ocr_line' id='line_1_18' title="bbox 240 1144 1457 1186; baseline -0.001 -10"><span class='ocrx_word' id='word_1_87' title='bbox 240 1147 338 1177; x_wconf 83' lang='grc'><strong>1478.</strong></span> <span class='ocrx_word' id='word_1_88' title='bbox 361 1146 464 1177; x_wconf 88' lang='lat' dir='ltr'>etiam</span> <span class='ocrx_word' id='word_1_89' title='bbox 488 1145 598 1186; x_wconf 80' lang='lat' dir='ltr'>plebis,</span> <span class='ocrx_word' id='word_1_90' title='bbox 615 1145 705 1186; x_wconf 86' lang='lat' dir='ltr'>quod</span> <span class='ocrx_word' id='word_1_91' title='bbox 732 1145 883 1185; x_wconf 87' lang='lat' dir='ltr'>Cruquio</span> <span class='ocrx_word' id='word_1_92' title='bbox 912 1145 1012 1176; x_wconf 87' lang='lat' dir='ltr'>valde</span> <span class='ocrx_word' id='word_1_93' title='bbox 1039 1145 1164 1185; x_wconf 86' lang='lat' dir='ltr'>placet.</span> <span class='ocrx_word' id='word_1_94' title='bbox 1207 1144 1289 1185; x_wconf 82' lang='lat' dir='ltr'>plebi</span> <span class='ocrx_word' id='word_1_95' title='bbox 1315 1151 1457 1175; x_wconf 81' lang='lat' dir='ltr'>servant</span> 
     </span>
    </p>
   </div>
   <div class='ocr_carea' id='block_1_12' title="bbox 1517 1102 1697 1176">
    <p class='ocr_par' dir='ltr' id='par_1_14' title="bbox 1524 1102 1694 1176">
     <span class='ocr_line' id='line_1_19' title="bbox 1524 1102 1694 1134; baseline 0.006 -1"><span class='ocrx_word' id='word_1_96' title='bbox 1524 1111 1552 1134; x_wconf 87' lang='lat' dir='ltr'>r.</span> <span class='ocrx_word' id='word_1_97' title='bbox 1569 1102 1694 1134; x_wconf 81' lang='lat' dir='ltr'>Venet-</span> 
     </span>
     <span class='ocr_line' id='line_1_20' title="bbox 1517 1145 1697 1176; baseline 0.007 -1.159"><span class='ocrx_word' id='word_1_98' title='bbox 1517 1145 1580 1176; x_wconf 87' lang='lat' dir='ltr'>a.rl</span> <span class='ocrx_word' id='word_1_99' title='bbox 1606 1147 1637 1176; x_wconf 97' lang='grc'>1.</span> <span class='ocrx_word' id='word_1_100' title='bbox 1664 1147 1697 1176; x_wconf 82' lang='grc'>2.</span> 
     </span>
    </p>
   </div>
   <div class='ocr_carea' id='block_1_13' title="bbox 240 1186 1698 1481">
    <p class='ocr_par' dir='ltr' id='par_1_15' title="bbox 240 1186 1698 1480">
     <span class='ocr_line' id='line_1_21' title="bbox 241 1186 1697 1227; baseline 0 -9"><span class='ocrx_word' id='word_1_101' title='bbox 241 1188 367 1227; x_wconf 86' lang='lat' dir='ltr'>aliique</span> <span class='ocrx_word' id='word_1_102' title='bbox 381 1187 480 1218; x_wconf 87' lang='lat' dir='ltr'>codd.</span> <span class='ocrx_word' id='word_1_103' title='bbox 494 1197 571 1218; x_wconf 87' lang='lat' dir='ltr'>cum</span> <span class='ocrx_word' id='word_1_104' title='bbox 598 1187 675 1219; x_wconf 91' lang='lat' dir='ltr'>edd.</span> <span class='ocrx_word' id='word_1_105' title='bbox 701 1192 786 1219; x_wconf 87' lang='lat' dir='ltr'>vett.</span> <span class='ocrx_word' id='word_1_106' title='bbox 814 1193 850 1219; x_wconf 88' lang='lat' dir='ltr'>et</span> <span class='ocrx_word' id='word_1_107' title='bbox 873 1188 1082 1219; x_wconf 83' lang='lat' dir='ltr'>auctoritate</span> <span class='ocrx_word' id='word_1_108' title='bbox 1108 1187 1291 1224; x_wconf 83' lang='lat' dir='ltr'>Prisciani,</span> <span class='ocrx_word' id='word_1_109' title='bbox 1318 1196 1352 1227; x_wconf 87' lang='lat' dir='ltr'>p.</span> <span class='ocrx_word' id='word_1_110' title='bbox 1371 1189 1466 1218; x_wconf 83' lang='lat'><strong>1158.</strong></span> <span class='ocrx_word' id='word_1_111' title='bbox 1488 1186 1697 1218; x_wconf 83' lang='lat' dir='ltr'>defenditur.</span> 
     </span>
     <span class='ocr_line' id='line_1_22' title="bbox 241 1199 1697 1262; baseline 0.001 -4"><span class='ocrx_word' id='word_1_112' title='bbox 241 1199 391 1262; x_wconf 81' lang='lat' dir='ltr'>Quidam</span> <span class='ocrx_word' id='word_1_113' title='bbox 408 1229 507 1261; x_wconf 90' lang='lat' dir='ltr'>codd.</span> <span class='ocrx_word' id='word_1_114' title='bbox 526 1236 562 1261; x_wconf 90' lang='lat' dir='ltr'>ut</span> <span class='ocrx_word' id='word_1_115' title='bbox 580 1229 651 1261; x_wconf 79' lang='lat' dir='ltr'>Ait.</span> <span class='ocrx_word' id='word_1_116' title='bbox 669 1233 697 1261; x_wconf 89' lang='lat'>1.</span> <span class='ocrx_word' id='word_1_117' title='bbox 716 1229 785 1261; x_wconf 82' lang='lat' dir='ltr'>Ait.</span> <span class='ocrx_word' id='word_1_118' title='bbox 803 1232 834 1260; x_wconf 84' lang='lat'>2.</span> <span class='ocrx_word' id='word_1_119' title='bbox 850 1239 929 1261; x_wconf 82' lang='lat' dir='ltr'>am.</span> <span class='ocrx_word' id='word_1_120' title='bbox 946 1239 1016 1261; x_wconf 88' lang='lat' dir='ltr'>sec.</span> <span class='ocrx_word' id='word_1_121' title='bbox 1034 1230 1185 1261; x_wconf 84' lang='lat' dir='ltr'>Florem.</span> <span class='ocrx_word' id='word_1_122' title='bbox 1204 1231 1300 1260; x_wconf 79' lang='lat'><strong>1482.</strong></span> <span class='ocrx_word' id='word_1_123' title='bbox 1313 1229 1396 1260; x_wconf 89' lang='lat' dir='ltr'>Vet.</span> <span class='ocrx_word' id='word_1_124' title='bbox 1413 1229 1533 1260; x_wconf 81' lang='lat' dir='ltr'>comb.</span> <span class='ocrx_word' id='word_1_125' title='bbox 1557 1229 1697 1260; x_wconf 69' lang='lat' dir='ltr'>veneti.</span> 
     </span>
     <span class='ocr_line' id='line_1_23' title="bbox 241 1270 1697 1312; baseline 0 -10"><span class='ocrx_word' id='word_1_126' title='bbox 241 1274 336 1303; x_wconf 77' lang='lat'><strong>1483.</strong></span> <span class='ocrx_word' id='word_1_127' title='bbox 350 1275 444 1304; x_wconf 83' lang='grc'><strong>1486.</strong></span> <span class='ocrx_word' id='word_1_128' title='bbox 461 1275 556 1303; x_wconf 86' lang='grc'><strong>1490.</strong></span> <span class='ocrx_word' id='word_1_129' title='bbox 576 1272 718 1303; x_wconf 81' lang='lat' dir='ltr'>Ascens.</span> <span class='ocrx_word' id='word_1_130' title='bbox 737 1274 832 1303; x_wconf 83' lang='lat'><strong>1519.</strong></span> <span class='ocrx_word' id='word_1_131' title='bbox 852 1277 887 1303; x_wconf 90' lang='lat' dir='ltr'>et</span> <span class='ocrx_word' id='word_1_132' title='bbox 904 1273 1044 1303; x_wconf 88' lang='lat' dir='ltr'>Locher.</span> <span class='ocrx_word' id='word_1_133' title='bbox 1060 1281 1186 1303; x_wconf 82' lang='lat' dir='ltr'>numero</span> <span class='ocrx_word' id='word_1_134' title='bbox 1200 1270 1335 1302; x_wconf 69' lang='lat' dir='ltr'>beatam.</span> <span class='ocrx_word' id='word_1_135' title='bbox 1338 1274 1424 1303; x_wconf 85' lang='lat'>—19</span> <span class='ocrx_word' id='word_1_136' title='bbox 1446 1271 1569 1303; x_wconf 83' lang='lat' dir='ltr'>Baver.</span> <span class='ocrx_word' id='word_1_137' title='bbox 1585 1272 1697 1312; x_wconf 81' lang='lat' dir='ltr'>Epist.</span> 
     </span>
     <span class='ocr_line' id='line_1_24' title="bbox 241 1313 1696 1354; baseline 0 -10"><span class='ocrx_word' id='word_1_138' title='bbox 241 1314 392 1346; x_wconf 89' lang='lat' dir='ltr'>Subitar.</span> <span class='ocrx_word' id='word_1_139' title='bbox 407 1315 449 1346; x_wconf 89' lang='lat' dir='ltr'>de</span> <span class='ocrx_word' id='word_1_140' title='bbox 466 1315 638 1346; x_wconf 81' lang='lat' dir='ltr'>nonnullis</span> <span class='ocrx_word' id='word_1_141' title='bbox 655 1315 741 1346; x_wconf 86' lang='lat' dir='ltr'>Hor.</span> <span class='ocrx_word' id='word_1_142' title='bbox 759 1316 822 1345; x_wconf 83' lang='lat' dir='ltr'>loc.</span> <span class='ocrx_word' id='word_1_143' title='bbox 838 1317 926 1354; x_wconf 85' lang='lat' dir='ltr'>conj.</span> <span class='ocrx_word' id='word_1_144' title='bbox 952 1314 1129 1354; x_wconf 83' lang='lat' dir='ltr'>populique,</span> <span class='ocrx_word' id='word_1_145' title='bbox 1145 1314 1227 1354; x_wconf 88' lang='lat' dir='ltr'>quia</span> <span class='ocrx_word' id='word_1_146' title='bbox 1244 1314 1390 1354; x_wconf 88' lang='lat' dir='ltr'>populus</span> <span class='ocrx_word' id='word_1_147' title='bbox 1414 1323 1539 1354; x_wconf 82' lang='lat' dir='ltr'>expers</span> <span class='ocrx_word' id='word_1_148' title='bbox 1555 1313 1599 1344; x_wconf 87' lang='lat' dir='ltr'>sit</span> <span class='ocrx_word' id='word_1_149' title='bbox 1617 1313 1696 1344; x_wconf 80' lang='lat' dir='ltr'>talis</span> 
     </span>
     <span class='ocr_line' id='line_1_25' title="bbox 240 1356 1697 1397; baseline 0 -11"><span class='ocrx_word' id='word_1_150' title='bbox 240 1356 420 1392; x_wconf 64' lang='lat' dir='ltr'>doctrinm,</span> <span class='ocrx_word' id='word_1_151' title='bbox 448 1366 510 1388; x_wconf 81' lang='lat' dir='ltr'>nec</span> <span class='ocrx_word' id='word_1_152' title='bbox 529 1358 739 1388; x_wconf 87' lang='lat' dir='ltr'>dedoceatnr</span> <span class='ocrx_word' id='word_1_153' title='bbox 754 1366 773 1386; x_wconf 93' lang='lat' dir='ltr'>a</span> <span class='ocrx_word' id='word_1_154' title='bbox 788 1357 967 1396; x_wconf 80' lang='lat' dir='ltr'>Sapientia</span> <span class='ocrx_word' id='word_1_155' title='bbox 987 1356 1217 1397; x_wconf 80' lang='lat' dir='ltr'>sicjudicare.</span> <span class='ocrx_word' id='word_1_156' title='bbox 1264 1356 1366 1387; x_wconf 88' lang='lat' dir='ltr'>Hanc</span> <span class='ocrx_word' id='word_1_157' title='bbox 1383 1356 1473 1396; x_wconf 88' lang='lat' dir='ltr'>conj.</span> <span class='ocrx_word' id='word_1_158' title='bbox 1490 1365 1557 1386; x_wconf 91' lang='lat' dir='ltr'>non</span> <span class='ocrx_word' id='word_1_159' title='bbox 1574 1356 1697 1396; x_wconf 86' lang='lat' dir='ltr'>impro-</span> 
     </span>
     <span class='ocr_line' id='line_1_26' title="bbox 240 1397 1698 1439; baseline -0.001 -11"><span class='ocrx_word' id='word_1_160' title='bbox 240 1398 298 1428; x_wconf 91' lang='lat' dir='ltr'>bat</span> <span class='ocrx_word' id='word_1_161' title='bbox 313 1397 404 1430; x_wconf 87' lang='lat' dir='ltr'>Jani.</span> <span class='ocrx_word' id='word_1_162' title='bbox 407 1400 491 1429; x_wconf 80' lang='lat'>—22</span> <span class='ocrx_word' id='word_1_163' title='bbox 514 1399 715 1436; x_wconf 67' lang='lat' dir='ltr'>Deferentem</span> <span class='ocrx_word' id='word_1_164' title='bbox 738 1398 794 1429; x_wconf 80' lang='lat' dir='ltr'>uni</span> <span class='ocrx_word' id='word_1_165' title='bbox 818 1399 904 1439; x_wconf 85' lang='lat' dir='ltr'>conj.</span> <span class='ocrx_word' id='word_1_166' title='bbox 920 1399 1052 1429; x_wconf 87' lang='lat' dir='ltr'>Birrins</span> <span class='ocrx_word' id='word_1_167' title='bbox 1076 1408 1130 1438; x_wconf 88' lang='lat' dir='ltr'>ap.</span> <span class='ocrx_word' id='word_1_168' title='bbox 1146 1398 1291 1429; x_wconf 82' lang='lat' dir='ltr'>Gesner.</span> <span class='ocrx_word' id='word_1_169' title='bbox 1314 1398 1471 1436; x_wconf 71' lang='lat' dir='ltr'>Deserens</span> <span class='ocrx_word' id='word_1_170' title='bbox 1482 1407 1600 1437; x_wconf 80' lang='lat' dir='ltr'>una‚p.</span> <span class='ocrx_word' id='word_1_171' title='bbox 1613 1398 1635 1427; x_wconf 86' lang='lat' dir='ltr'>l.</span> <span class='ocrx_word' id='word_1_172' title='bbox 1659 1397 1698 1428; x_wconf 78' lang='lat' dir='ltr'>Si</span> 
     </span>
     <span class='ocr_line' id='line_1_27' title="bbox 240 1439 1698 1481; baseline -0.001 -10"><span class='ocrx_word' id='word_1_173' title='bbox 240 1439 322 1480; x_wconf 79' lang='lat' dir='ltr'>quis,</span> <span class='ocrx_word' id='word_1_174' title='bbox 344 1441 416 1471; x_wconf 86' lang='lat' dir='ltr'>sive</span> <span class='ocrx_word' id='word_1_175' title='bbox 434 1441 512 1471; x_wconf 81' lang='lat' dir='ltr'>Cum</span> <span class='ocrx_word' id='word_1_176' title='bbox 528 1441 597 1480; x_wconf 83' lang='lat' dir='ltr'>quis</span> <span class='ocrx_word' id='word_1_177' title='bbox 613 1441 704 1480; x_wconf 88' lang='lat' dir='ltr'>conj.</span> <span class='ocrx_word' id='word_1_178' title='bbox 721 1440 953 1480; x_wconf 80' lang='lat' dir='ltr'>Cuning.-—24</span> <span class='ocrx_word' id='word_1_179' title='bbox 977 1440 1105 1481; x_wconf 80' lang='lat' dir='ltr'>Sprevit</span> <span class='ocrx_word' id='word_1_180' title='bbox 1121 1449 1249 1471; x_wconf 76' lang='lat' dir='ltr'>acervos</span> <span class='ocrx_word' id='word_1_181' title='bbox 1263 1439 1352 1480; x_wconf 82' lang='lat' dir='ltr'>conj.</span> <span class='ocrx_word' id='word_1_182' title='bbox 1369 1439 1530 1471; x_wconf 87' lang='lat' dir='ltr'>Crusius·</span> <span class='ocrx_word' id='word_1_183' title='bbox 1522 1462 1531 1478; x_wconf 95' lang='lat'>,</span> <span class='ocrx_word' id='word_1_184' title='bbox 1566 1439 1698 1479; x_wconf 77' lang='lat' dir='ltr'>Spernit</span> 
     </span>
    </p>
   </div>
   <div class='ocr_carea' id='block_1_14' title="bbox 240 1482 977 1524">
    <p class='ocr_par' dir='ltr' id='par_1_16' title="bbox 240 1482 977 1524">
     <span class='ocr_line' id='line_1_28' title="bbox 240 1482 977 1524; baseline 0.001 -11"><span class='ocrx_word' id='word_1_185' title='bbox 240 1491 366 1514; x_wconf 78' lang='lat' dir='ltr'>acervos</span> <span class='ocrx_word' id='word_1_186' title='bbox 382 1482 474 1523; x_wconf 89' lang='lat' dir='ltr'>conj.</span> <span class='ocrx_word' id='word_1_187' title='bbox 491 1483 595 1514; x_wconf 86' lang='lat' dir='ltr'>With.</span> <span class='ocrx_word' id='word_1_188' title='bbox 612 1484 746 1524; x_wconf 84' lang='lat' dir='ltr'>recepit</span> <span class='ocrx_word' id='word_1_189' title='bbox 762 1483 854 1514; x_wconf 83' lang='lat' dir='ltr'>solus</span> <span class='ocrx_word' id='word_1_190' title='bbox 872 1482 977 1515; x_wconf 84' lang='lat' dir='ltr'>Kidd.</span> 
     </span>
    </p>
   </div>
   <div class='ocr_carea' id='block_1_15' title="bbox 893 1568 1041 1602">
    <p class='ocr_par' dir='ltr' id='par_1_17' title="bbox 893 1568 1041 1602">
     <span class='ocr_line' id='line_1_29' title="bbox 893 1568 1041 1602; baseline 0 -1"><span class='ocrx_word' id='word_1_191' title='bbox 893 1568 1041 1602; x_wconf 81' lang='lat' dir='ltr'>NOTAE</span> 
     </span>
    </p>
   </div>
   <div class='ocr_carea' id='block_1_16' title="bbox 240 1632 945 2023">
    <p class='ocr_par' dir='ltr' id='par_1_18' title="bbox 240 1632 945 2023">
     <span class='ocr_line' id='line_1_30' title="bbox 240 1632 943 1675; baseline 0.001 -12"><span class='ocrx_word' id='word_1_192' title='bbox 240 1637 349 1674; x_wconf 87' lang='lat' dir='ltr'>parte.</span> <span class='ocrx_word' id='word_1_193' title='bbox 394 1632 542 1664; x_wconf 69' lang='lat' dir='ltr'>Parthiae</span> <span class='ocrx_word' id='word_1_194' title='bbox 571 1642 689 1674; x_wconf 85' lang='lat' dir='ltr'>regno,</span> <span class='ocrx_word' id='word_1_195' title='bbox 717 1633 807 1675; x_wconf 88' lang='lat' dir='ltr'>qnod</span> <span class='ocrx_word' id='word_1_196' title='bbox 832 1633 943 1665; x_wconf 90' lang='lat' dir='ltr'>tenuit</span> 
     </span>
     <span class='ocr_line' id='line_1_31' title="bbox 241 1682 943 1724; baseline 0.003 -12"><span class='ocrx_word' id='word_1_197' title='bbox 241 1682 345 1712; x_wconf 86' lang='lat' dir='ltr'>etiam</span> <span class='ocrx_word' id='word_1_198' title='bbox 375 1683 486 1724; x_wconf 85' lang='lat' dir='ltr'>Cyrus</span> <span class='ocrx_word' id='word_1_199' title='bbox 510 1683 650 1715; x_wconf 88' lang='lat' dir='ltr'>subacto</span> <span class='ocrx_word' id='word_1_200' title='bbox 682 1687 756 1714; x_wconf 87' lang='lat' dir='ltr'>toto</span> <span class='ocrx_word' id='word_1_201' title='bbox 786 1683 943 1715; x_wconf 84' lang='lat' dir='ltr'>Oriente.</span> 
     </span>
     <span class='ocr_line' id='line_1_32' title="bbox 241 1730 943 1774; baseline 0.003 -12"><span class='ocrx_word' id='word_1_202' title='bbox 241 1730 404 1763; x_wconf 82' lang='lat' dir='ltr'>Phraatis</span> <span class='ocrx_word' id='word_1_203' title='bbox 431 1732 605 1763; x_wconf 81' lang='lat' dir='ltr'>historiam</span> <span class='ocrx_word' id='word_1_204' title='bbox 632 1736 749 1764; x_wconf 83' lang='lat' dir='ltr'>narrat</span> <span class='ocrx_word' id='word_1_205' title='bbox 774 1733 943 1774; x_wconf 84' lang='lat' dir='ltr'>integram</span> 
     </span>
     <span class='ocr_line' id='line_1_33' title="bbox 240 1781 943 1814; baseline 0.001 -1"><span class='ocrx_word' id='word_1_206' title='bbox 240 1781 398 1813; x_wconf 84' lang='lat' dir='ltr'>Justinus</span> <span class='ocrx_word' id='word_1_207' title='bbox 411 1782 470 1814; x_wconf 86' lang='lat' dir='ltr'>lib.</span> <span class='ocrx_word' id='word_1_208' title='bbox 486 1790 573 1814; x_wconf 77' lang='lat' dir='ltr'>xui.</span> <span class='ocrx_word' id='word_1_209' title='bbox 587 1782 649 1814; x_wconf 88' lang='lat' dir='ltr'>sub</span> <span class='ocrx_word' id='word_1_210' title='bbox 661 1781 782 1814; x_wconf 84' lang='lat' dir='ltr'>finem:</span> <span class='ocrx_word' id='word_1_211' title='bbox 797 1783 806 1799; x_wconf 95' lang='lat'>‘</span> <span class='ocrx_word' id='word_1_212' title='bbox 821 1783 943 1814; x_wconf 85' lang='lat' dir='ltr'>Fatum</span> 
     </span>
     <span class='ocr_line' id='line_1_34' title="bbox 240 1832 944 1875; baseline 0.004 -13"><span class='ocrx_word' id='word_1_213' title='bbox 240 1832 393 1863; x_wconf 71' lang='lat' dir='ltr'>Parthiae</span> <span class='ocrx_word' id='word_1_214' title='bbox 416 1832 512 1869; x_wconf 84' lang='lat' dir='ltr'>fecit,</span> <span class='ocrx_word' id='word_1_215' title='bbox 538 1833 570 1864; x_wconf 92' lang='lat' dir='ltr'>in</span> <span class='ocrx_word' id='word_1_216' title='bbox 588 1843 656 1874; x_wconf 87' lang='lat' dir='ltr'>qua</span> <span class='ocrx_word' id='word_1_217' title='bbox 672 1833 746 1874; x_wconf 88' lang='lat' dir='ltr'>jam</span> <span class='ocrx_word' id='word_1_218' title='bbox 771 1834 867 1875; x_wconf 87' lang='lat' dir='ltr'>quasi</span> <span class='ocrx_word' id='word_1_219' title='bbox 891 1843 944 1865; x_wconf 90' lang='lat' dir='ltr'>so·</span> 
     </span>
     <span class='ocr_line' id='line_1_35' title="bbox 241 1882 945 1923; baseline 0.003 -11"><span class='ocrx_word' id='word_1_220' title='bbox 241 1882 342 1912; x_wconf 78' lang='lat' dir='ltr'>tenne</span> <span class='ocrx_word' id='word_1_221' title='bbox 357 1887 409 1913; x_wconf 87' lang='lat' dir='ltr'>est</span> <span class='ocrx_word' id='word_1_222' title='bbox 425 1892 522 1923; x_wconf 85' lang='lat' dir='ltr'>reges</span> <span class='ocrx_word' id='word_1_223' title='bbox 544 1883 735 1923; x_wconf 87' lang='lat' dir='ltr'>parricidas</span> <span class='ocrx_word' id='word_1_224' title='bbox 757 1882 889 1921; x_wconf 89' lang='lat' dir='ltr'>haberi,</span> <span class='ocrx_word' id='word_1_225' title='bbox 906 1888 945 1915; x_wconf 88' lang='lat' dir='ltr'>ut</span> 
     </span>
     <span class='ocr_line' id='line_1_36' title="bbox 241 1931 945 1974; baseline 0.004 -13"><span class='ocrx_word' id='word_1_226' title='bbox 241 1931 521 1962; x_wconf 76' lang='lat' dir='ltr'>sceleratissimus</span> <span class='ocrx_word' id='word_1_227' title='bbox 530 1932 692 1972; x_wconf 86' lang='lat' dir='ltr'>omnium,</span> <span class='ocrx_word' id='word_1_228' title='bbox 706 1937 741 1963; x_wconf 91' lang='lat' dir='ltr'>et</span> <span class='ocrx_word' id='word_1_229' title='bbox 754 1932 827 1974; x_wconf 86' lang='lat' dir='ltr'>ipse</span> <span class='ocrx_word' id='word_1_230' title='bbox 840 1933 945 1964; x_wconf 82' lang='lat' dir='ltr'>Phra-</span> 
     </span>
     <span class='ocr_line' id='line_1_37' title="bbox 243 1981 944 2023; baseline 0.007 -15"><span class='ocrx_word' id='word_1_231' title='bbox 243 1985 317 2009; x_wconf 86' lang='lat' dir='ltr'>ates</span> <span class='ocrx_word' id='word_1_232' title='bbox 335 1981 480 2019; x_wconf 87' lang='lat' dir='ltr'>nomine,</span> <span class='ocrx_word' id='word_1_233' title='bbox 493 1989 551 2011; x_wconf 89' lang='lat' dir='ltr'>rex</span> <span class='ocrx_word' id='word_1_234' title='bbox 567 1986 789 2013; x_wconf 82' lang='lat' dir='ltr'>statueretur.</span> <span class='ocrx_word' id='word_1_235' title='bbox 821 1983 944 2023; x_wconf 89' lang='lat' dir='ltr'>Itaque</span> 
     </span>
    </p>
   </div>
   <div class='ocr_carea' id='block_1_17' title="bbox 242 2028 950 2070">
    <p class='ocr_par' dir='ltr' id='par_1_19' title="bbox 242 2028 950 2070">
     <span class='ocr_line' id='line_1_38' title="bbox 242 2028 950 2070; baseline 0.006 -12"><span class='ocrx_word' id='word_1_236' title='bbox 242 2028 357 2058; x_wconf 86' lang='lat' dir='ltr'>statim</span> <span class='ocrx_word' id='word_1_237' title='bbox 375 2029 469 2069; x_wconf 84' lang='lat' dir='ltr'>quasi</span> <span class='ocrx_word' id='word_1_238' title='bbox 493 2030 598 2060; x_wconf 84' lang='lat' dir='ltr'>nollet</span> <span class='ocrx_word' id='word_1_239' title='bbox 620 2031 718 2068; x_wconf 90' lang='lat' dir='ltr'>mori,</span> <span class='ocrx_word' id='word_1_240' title='bbox 736 2035 866 2070; x_wconf 89' lang='lat' dir='ltr'>patrem</span> <span class='ocrx_word' id='word_1_241' title='bbox 892 2033 950 2062; x_wconf 87' lang='lat' dir='ltr'>in·-</span> 
     </span>
    </p>
   </div>
   <div class='ocr_carea' id='block_1_18' title="bbox 242 2077 945 2815">
    <p class='ocr_par' dir='ltr' id='par_1_20' title="bbox 242 2077 945 2815">
     <span class='ocr_line' id='line_1_39' title="bbox 242 2077 942 2121; baseline 0.006 -13"><span class='ocrx_word' id='word_1_242' title='bbox 242 2077 402 2116; x_wconf 86' lang='lat' dir='ltr'>terfecit;</span> <span class='ocrx_word' id='word_1_243' title='bbox 426 2077 549 2109; x_wconf 73' lang='lat' dir='ltr'>fraires</span> <span class='ocrx_word' id='word_1_244' title='bbox 567 2090 700 2121; x_wconf 84' lang='lat' dir='ltr'>quoque</span> <span class='ocrx_word' id='word_1_245' title='bbox 716 2081 857 2121; x_wconf 83' lang='lat' dir='ltr'>triginta</span> <span class='ocrx_word' id='word_1_246' title='bbox 873 2086 942 2112; x_wconf 89' lang='lat' dir='ltr'>tru-</span> 
     </span>
     <span class='ocr_line' id='line_1_40' title="bbox 242 2127 943 2171; baseline 0.003 -13"><span class='ocrx_word' id='word_1_247' title='bbox 242 2127 353 2159; x_wconf 81' lang='lat' dir='ltr'>cidat.</span> <span class='ocrx_word' id='word_1_248' title='bbox 395 2129 462 2159; x_wconf 83' lang='lat' dir='ltr'>Sed</span> <span class='ocrx_word' id='word_1_249' title='bbox 483 2138 546 2159; x_wconf 87' lang='lat' dir='ltr'>uec</span> <span class='ocrx_word' id='word_1_250' title='bbox 569 2129 602 2159; x_wconf 91' lang='lat' dir='ltr'>in</span> <span class='ocrx_word' id='word_1_251' title='bbox 618 2130 695 2159; x_wconf 81' lang='lat' dir='ltr'>filiis</span> <span class='ocrx_word' id='word_1_252' title='bbox 712 2135 849 2160; x_wconf 82' lang='lat' dir='ltr'>cessant</span> <span class='ocrx_word' id='word_1_253' title='bbox 867 2140 943 2171; x_wconf 87' lang='lat' dir='ltr'>par-</span> 
     </span>
     <span class='ocr_line' id='line_1_41' title="bbox 244 2176 945 2219; baseline 0.003 -11"><span class='ocrx_word' id='word_1_254' title='bbox 244 2176 379 2209; x_wconf 85' lang='lat' dir='ltr'>ricidia.</span> <span class='ocrx_word' id='word_1_255' title='bbox 427 2178 512 2209; x_wconf 83' lang='lat' dir='ltr'>Nam</span> <span class='ocrx_word' id='word_1_256' title='bbox 527 2188 604 2209; x_wconf 89' lang='lat' dir='ltr'>cum</span> <span class='ocrx_word' id='word_1_257' title='bbox 617 2176 760 2210; x_wconf 85' lang='lat' dir='ltr'>infestos</span> <span class='ocrx_word' id='word_1_258' title='bbox 774 2179 838 2209; x_wconf 89' lang='lat' dir='ltr'>sibi</span> <span class='ocrx_word' id='word_1_259' title='bbox 855 2180 945 2219; x_wconf 83' lang='lat' dir='ltr'>opti-</span> 
     </span>
     <span class='ocr_line' id='line_1_42' title="bbox 242 2229 944 2269; baseline 0.003 -11"><span class='ocrx_word' id='word_1_260' title='bbox 242 2233 351 2259; x_wconf 81' lang='lat' dir='ltr'>mates</span> <span class='ocrx_word' id='word_1_261' title='bbox 376 2234 519 2269; x_wconf 77' lang='lat' dir='ltr'>propter</span> <span class='ocrx_word' id='word_1_262' title='bbox 538 2229 673 2260; x_wconf 89' lang='lat' dir='ltr'>assidua</span> <span class='ocrx_word' id='word_1_263' title='bbox 699 2230 830 2260; x_wconf 84' lang='lat' dir='ltr'>scelera</span> <span class='ocrx_word' id='word_1_264' title='bbox 853 2229 944 2260; x_wconf 84' lang='lat' dir='ltr'>vide-</span> 
     </span>
     <span class='ocr_line' id='line_1_43' title="bbox 243 2279 943 2321; baseline 0.004 -13"><span class='ocrx_word' id='word_1_265' title='bbox 243 2283 310 2317; x_wconf 84' lang='lat' dir='ltr'>ret,</span> <span class='ocrx_word' id='word_1_266' title='bbox 322 2288 364 2309; x_wconf 90' lang='lat' dir='ltr'>ne</span> <span class='ocrx_word' id='word_1_267' title='bbox 382 2283 474 2309; x_wconf 83' lang='lat' dir='ltr'>esset</span> <span class='ocrx_word' id='word_1_268' title='bbox 484 2279 539 2320; x_wconf 86' lang='lat' dir='ltr'>qui</span> <span class='ocrx_word' id='word_1_269' title='bbox 554 2279 719 2310; x_wconf 88' lang='lat' dir='ltr'>nominari</span> <span class='ocrx_word' id='word_1_270' title='bbox 738 2289 796 2310; x_wconf 86' lang='lat' dir='ltr'>rex</span> <span class='ocrx_word' id='word_1_271' title='bbox 815 2285 943 2321; x_wconf 88' lang='lat' dir='ltr'>posset,</span> 
     </span>
     <span class='ocr_line' id='line_1_44' title="bbox 244 2328 942 2370; baseline 0.001 -10"><span class='ocrx_word' id='word_1_272' title='bbox 244 2329 398 2360; x_wconf 86' lang='lat' dir='ltr'>adultum</span> <span class='ocrx_word' id='word_1_273' title='bbox 410 2328 515 2360; x_wconf 83' lang='lat' dir='ltr'>filium</span> <span class='ocrx_word' id='word_1_274' title='bbox 533 2329 801 2370; x_wconf 86' lang='lat' dir='ltr'>interficijubet.</span> <span class='ocrx_word' id='word_1_275' title='bbox 810 2352 819 2362; x_wconf 86' lang='lat'><strong>.</strong></span> <span class='ocrx_word' id='word_1_276' title='bbox 829 2353 837 2361; x_wconf 92' lang='lat'><strong>.</strong></span> <span class='ocrx_word' id='word_1_277' title='bbox 849 2352 857 2361; x_wconf 95' lang='lat'><strong>.</strong></span> <span class='ocrx_word' id='word_1_278' title='bbox 866 2340 942 2361; x_wconf 89' lang='lat' dir='ltr'>cum</span> 
     </span>
     <span class='ocr_line' id='line_1_45' title="bbox 243 2378 944 2420; baseline 0 -11"><span class='ocrx_word' id='word_1_279' title='bbox 243 2379 352 2410; x_wconf 87' lang='lat' dir='ltr'>multa</span> <span class='ocrx_word' id='word_1_280' title='bbox 378 2378 564 2410; x_wconf 82' lang='lat' dir='ltr'>crudeliter</span> <span class='ocrx_word' id='word_1_281' title='bbox 586 2380 794 2420; x_wconf 76' lang='lat' dir='ltr'>consuleret,</span> <span class='ocrx_word' id='word_1_282' title='bbox 818 2379 851 2410; x_wconf 92' lang='lat' dir='ltr'>in</span> <span class='ocrx_word' id='word_1_283' title='bbox 875 2380 944 2410; x_wconf 86' lang='lat' dir='ltr'>exi-</span> 
     </span>
     <span class='ocr_line' id='line_1_46' title="bbox 243 2428 943 2470; baseline 0.001 -11"><span class='ocrx_word' id='word_1_284' title='bbox 243 2428 325 2459; x_wconf 91' lang='lat' dir='ltr'>lium</span> <span class='ocrx_word' id='word_1_285' title='bbox 350 2438 369 2459; x_wconf 81' lang='lat' dir='ltr'>a</span> <span class='ocrx_word' id='word_1_286' title='bbox 395 2428 520 2469; x_wconf 90' lang='lat' dir='ltr'>populo</span> <span class='ocrx_word' id='word_1_287' title='bbox 543 2438 603 2459; x_wconf 83' lang='lat' dir='ltr'>suo</span> <span class='ocrx_word' id='word_1_288' title='bbox 625 2429 775 2469; x_wconf 90' lang='lat' dir='ltr'>pellitur.</span> <span class='ocrx_word' id='word_1_289' title='bbox 821 2429 943 2470; x_wconf 84' lang='lat' dir='ltr'>ltaque</span> 
     </span>
     <span class='ocr_line' id='line_1_47' title="bbox 243 2478 943 2519; baseline -0.001 -9"><span class='ocrx_word' id='word_1_290' title='bbox 243 2489 319 2510; x_wconf 89' lang='lat' dir='ltr'>cum</span> <span class='ocrx_word' id='word_1_291' title='bbox 345 2488 466 2518; x_wconf 75' lang='lat' dir='ltr'>magno</span> <span class='ocrx_word' id='word_1_292' title='bbox 489 2483 644 2519; x_wconf 82' lang='lat' dir='ltr'>tempore</span> <span class='ocrx_word' id='word_1_293' title='bbox 670 2478 833 2510; x_wconf 84' lang='lat' dir='ltr'>finitimas</span> <span class='ocrx_word' id='word_1_294' title='bbox 861 2479 943 2510; x_wconf 89' lang='lat' dir='ltr'>eivi-</span> 
     </span>
     <span class='ocr_line' id='line_1_48' title="bbox 243 2528 942 2569; baseline 0 -9"><span class='ocrx_word' id='word_1_295' title='bbox 243 2534 343 2569; x_wconf 82' lang='lat' dir='ltr'>tates,</span> <span class='ocrx_word' id='word_1_296' title='bbox 368 2529 410 2560; x_wconf 86' lang='lat' dir='ltr'>ad</span> <span class='ocrx_word' id='word_1_297' title='bbox 435 2533 642 2569; x_wconf 84' lang='lat' dir='ltr'>postremum</span> <span class='ocrx_word' id='word_1_298' title='bbox 664 2528 810 2567; x_wconf 85' lang='lat' dir='ltr'>Scythas</span> <span class='ocrx_word' id='word_1_299' title='bbox 833 2529 942 2569; x_wconf 87' lang='lat' dir='ltr'>preci-</span> 
     </span>
     <span class='ocr_line' id='line_1_49' title="bbox 245 2578 942 2619; baseline 0.003 -11"><span class='ocrx_word' id='word_1_300' title='bbox 245 2579 306 2609; x_wconf 80' lang='lat' dir='ltr'>bus</span> <span class='ocrx_word' id='word_1_301' title='bbox 343 2578 531 2619; x_wconf 79' lang='lat' dir='ltr'>fatigasset,</span> <span class='ocrx_word' id='word_1_302' title='bbox 563 2578 763 2619; x_wconf 84' lang='lat' dir='ltr'>Scytharum</span> <span class='ocrx_word' id='word_1_303' title='bbox 795 2579 942 2610; x_wconf 84' lang='lat' dir='ltr'>maximo</span> 
     </span>
     <span class='ocr_line' id='line_1_50' title="bbox 245 2628 941 2668; baseline 0.004 -10"><span class='ocrx_word' id='word_1_304' title='bbox 245 2628 372 2658; x_wconf 84' lang='lat' dir='ltr'>auxilio</span> <span class='ocrx_word' id='word_1_305' title='bbox 402 2630 433 2659; x_wconf 89' lang='lat' dir='ltr'>in</span> <span class='ocrx_word' id='word_1_306' title='bbox 466 2638 606 2667; x_wconf 85' lang='lat' dir='ltr'>regnum</span> <span class='ocrx_word' id='word_1_307' title='bbox 637 2628 851 2668; x_wconf 84' lang='lat' dir='ltr'>restituitur,&#39;</span> <span class='ocrx_word' id='word_1_308' title='bbox 876 2632 941 2661; x_wconf 74' lang='grc' dir='ltr'><strong>διο.</strong></span> 
     </span>
     <span class='ocr_line' id='line_1_51' title="bbox 245 2677 943 2716; baseline 0.006 -10"><span class='ocrx_word' id='word_1_309' title='bbox 245 2677 429 2708; x_wconf 65' lang='lat' dir='ltr'>Phraaten}</span> <span class='ocrx_word' id='word_1_310' title='bbox 447 2678 488 2708; x_wconf 90' lang='lat' dir='ltr'>ab</span> <span class='ocrx_word' id='word_1_311' title='bbox 506 2678 658 2716; x_wconf 79' lang='lat' dir='ltr'>Augusto</span> <span class='ocrx_word' id='word_1_312' title='bbox 675 2678 870 2711; x_wconf 85' lang='lat' dir='ltr'>restitutum</span> <span class='ocrx_word' id='word_1_313' title='bbox 887 2680 943 2710; x_wconf 90' lang='lat' dir='ltr'>alii</span> 
     </span>
     <span class='ocr_line' id='line_1_52' title="bbox 246 2725 942 2771; baseline 0.006 -14"><span class='ocrx_word' id='word_1_314' title='bbox 246 2725 414 2758; x_wconf 82' lang='lat' dir='ltr'>referunt.</span> <span class='ocrx_word' id='word_1_315' title='bbox 450 2727 539 2758; x_wconf 86' lang='lat' dir='ltr'>Vide</span> <span class='ocrx_word' id='word_1_316' title='bbox 555 2728 660 2759; x_wconf 88' lang='lat' dir='ltr'>Dion.</span> <span class='ocrx_word' id='word_1_317' title='bbox 676 2729 734 2761; x_wconf 87' lang='lat' dir='ltr'>lib.</span> <span class='ocrx_word' id='word_1_318' title='bbox 752 2738 798 2760; x_wconf 73' lang='grc' dir='ltr'><strong>ιι.</strong></span> <span class='ocrx_word' id='word_1_319' title='bbox 816 2735 852 2761; x_wconf 88' lang='lat' dir='ltr'>et</span> <span class='ocrx_word' id='word_1_320' title='bbox 871 2740 942 2771; x_wconf 85' lang='lat' dir='ltr'>seq.</span> 
     </span>
     <span class='ocr_line' id='line_1_53' title="bbox 244 2776 538 2815; baseline 0.003 -8"><span class='ocrx_word' id='word_1_321' title='bbox 244 2776 460 2815; x_wconf 82' lang='lat' dir='ltr'>Strabonem,</span> <span class='ocrx_word' id='word_1_322' title='bbox 476 2779 538 2809; x_wconf 71' lang='grc' dir='ltr'><strong>διο.</strong></span> 
     </span>
    </p>
   </div>
   <div class='ocr_carea' id='block_1_19' title="bbox 994 1630 1701 2815">
    <p class='ocr_par' dir='ltr' id='par_1_21' title="bbox 997 1630 1701 2025">
     <span class='ocr_line' id='line_1_54' title="bbox 1041 1630 1698 1673; baseline -0.005 -9"><span class='ocrx_word' id='word_1_323' title='bbox 1041 1636 1083 1664; x_wconf 91' lang='grc'><strong>18</strong></span> <span class='ocrx_word' id='word_1_324' title='bbox 1107 1633 1247 1664; x_wconf 82' lang='lat' dir='ltr'>Numero</span> <span class='ocrx_word' id='word_1_325' title='bbox 1273 1630 1445 1672; x_wconf 78' lang='lat' dir='ltr'>beatorum]</span> <span class='ocrx_word' id='word_1_326' title='bbox 1481 1631 1611 1663; x_wconf 83' lang='lat' dir='ltr'>Versus</span> <span class='ocrx_word' id='word_1_327' title='bbox 1637 1630 1698 1673; x_wconf 86' lang='lat' dir='ltr'>hy-</span> 
     </span>
     <span class='ocr_line' id='line_1_55' title="bbox 998 1682 1700 1723; baseline 0 -9"><span class='ocrx_word' id='word_1_328' title='bbox 998 1687 1185 1723; x_wconf 60' lang='lat' dir='ltr'>permittet,</span> <span class='ocrx_word' id='word_1_329' title='bbox 1201 1683 1295 1723; x_wconf 85' lang='lat' dir='ltr'>cujus</span> <span class='ocrx_word' id='word_1_330' title='bbox 1312 1682 1433 1713; x_wconf 82' lang='lat' dir='ltr'>ultima</span> <span class='ocrx_word' id='word_1_331' title='bbox 1447 1682 1578 1723; x_wconf 79' lang='lat' dir='ltr'>syllaba</span> <span class='ocrx_word' id='word_1_332' title='bbox 1593 1682 1635 1713; x_wconf 84' lang='lat' dir='ltr'>ad</span> <span class='ocrx_word' id='word_1_333' title='bbox 1648 1691 1700 1714; x_wconf 79' lang='lat' dir='ltr'>se·</span> 
     </span>
     <span class='ocr_line' id='line_1_56' title="bbox 997 1732 1700 1775; baseline -0.004 -10"><span class='ocrx_word' id='word_1_334' title='bbox 997 1738 1159 1775; x_wconf 85' lang='lat' dir='ltr'>quentem</span> <span class='ocrx_word' id='word_1_335' title='bbox 1176 1742 1310 1765; x_wconf 87' lang='lat' dir='ltr'>versum</span> <span class='ocrx_word' id='word_1_336' title='bbox 1324 1732 1475 1773; x_wconf 86' lang='lat' dir='ltr'>pertinet</span> <span class='ocrx_word' id='word_1_337' title='bbox 1497 1732 1619 1763; x_wconf 73' lang='lat' dir='ltr'>Eximit</span> <span class='ocrx_word' id='word_1_338' title='bbox 1632 1732 1700 1763; x_wconf 82' lang='lat' dir='ltr'>oir-</span> 
     </span>
     <span class='ocr_line' id='line_1_57' title="bbox 997 1782 1700 1824; baseline -0.006 -8"><span class='ocrx_word' id='word_1_339' title='bbox 997 1788 1059 1817; x_wconf 83' lang='lat' dir='ltr'>tus.</span> <span class='ocrx_word' id='word_1_340' title='bbox 1097 1785 1241 1815; x_wconf 88' lang='lat' dir='ltr'>Beatum</span> <span class='ocrx_word' id='word_1_341' title='bbox 1259 1783 1355 1824; x_wconf 88' lang='lat' dir='ltr'>plebs</span> <span class='ocrx_word' id='word_1_342' title='bbox 1373 1782 1531 1822; x_wconf 83' lang='lat' dir='ltr'>imperita</span> <span class='ocrx_word' id='word_1_343' title='bbox 1546 1785 1645 1813; x_wconf 79' lang='lat' dir='ltr'>vocet</span> <span class='ocrx_word' id='word_1_344' title='bbox 1661 1786 1700 1813; x_wconf 86' lang='lat' dir='ltr'>et</span> 
     </span>
     <span class='ocr_line' id='line_1_58' title="bbox 998 1830 1701 1874; baseline -0.01 -7"><span class='ocrx_word' id='word_1_345' title='bbox 998 1834 1092 1867; x_wconf 84' lang='lat' dir='ltr'>dicat</span> <span class='ocrx_word' id='word_1_346' title='bbox 1107 1835 1304 1869; x_wconf 86' lang='lat' dir='ltr'>Phraatem,</span> <span class='ocrx_word' id='word_1_347' title='bbox 1321 1832 1397 1874; x_wconf 83' lang='lat' dir='ltr'>quia</span> <span class='ocrx_word' id='word_1_348' title='bbox 1419 1841 1523 1872; x_wconf 84' lang='lat' dir='ltr'>regno</span> <span class='ocrx_word' id='word_1_349' title='bbox 1547 1830 1701 1872; x_wconf 88' lang='lat' dir='ltr'>potitur;</span> 
     </span>
     <span class='ocr_line' id='line_1_59' title="bbox 1000 1881 1701 1920; baseline -0.007 -3"><span class='ocrx_word' id='word_1_350' title='bbox 1000 1890 1036 1917; x_wconf 82' lang='lat' dir='ltr'>at</span> <span class='ocrx_word' id='word_1_351' title='bbox 1047 1886 1148 1917; x_wconf 82' lang='lat' dir='ltr'>rirtus</span> <span class='ocrx_word' id='word_1_352' title='bbox 1159 1883 1249 1915; x_wconf 88' lang='lat' dir='ltr'>aliud</span> <span class='ocrx_word' id='word_1_353' title='bbox 1263 1883 1399 1915; x_wconf 88' lang='lat' dir='ltr'>omnino</span> <span class='ocrx_word' id='word_1_354' title='bbox 1411 1881 1701 1920; x_wconf 51' lang='lat' dir='ltr'>decen-nimaina</span> 
     </span>
     <span class='ocr_line' id='line_1_60' title="bbox 999 1931 1700 1974; baseline -0.007 -7"><span class='ocrx_word' id='word_1_355' title='bbox 999 1936 1088 1967; x_wconf 89' lang='lat' dir='ltr'>enim</span> <span class='ocrx_word' id='word_1_356' title='bbox 1105 1940 1140 1967; x_wconf 89' lang='lat' dir='ltr'>et</span> <span class='ocrx_word' id='word_1_357' title='bbox 1163 1934 1328 1974; x_wconf 84' lang='lat' dir='ltr'>expungit</span> <span class='ocrx_word' id='word_1_358' title='bbox 1353 1943 1370 1964; x_wconf 85' lang='lat' dir='ltr'>e</span> <span class='ocrx_word' id='word_1_359' title='bbox 1391 1942 1519 1964; x_wconf 82' lang='lat' dir='ltr'>numero</span> <span class='ocrx_word' id='word_1_360' title='bbox 1541 1931 1700 1963; x_wconf 71' lang='lat' dir='ltr'>beator-m</span> 
     </span>
     <span class='ocr_line' id='line_1_61' title="bbox 1000 1982 1671 2025; baseline -0.006 -9"><span class='ocrx_word' id='word_1_361' title='bbox 1000 1986 1186 2016; x_wconf 82' lang='lat' dir='ltr'>sceleratos</span> <span class='ocrx_word' id='word_1_362' title='bbox 1202 1992 1366 2025; x_wconf 86' lang='lat' dir='ltr'>quosque,</span> <span class='ocrx_word' id='word_1_363' title='bbox 1383 1983 1463 2014; x_wconf 90' lang='lat' dir='ltr'>licet</span> <span class='ocrx_word' id='word_1_364' title='bbox 1477 1982 1671 2023; x_wconf 80' lang='lat' dir='ltr'>opulentos.</span> 
     </span>
    </p>

    <p class='ocr_par' dir='ltr' id='par_1_22' title="bbox 994 2031 1701 2771">
     <span class='ocr_line' id='line_1_62' title="bbox 1042 2031 1701 2074; baseline -0.006 -9"><span class='ocrx_word' id='word_1_365' title='bbox 1042 2038 1083 2065; x_wconf 89' lang='grc'><strong>19</strong></span> <span class='ocrx_word' id='word_1_366' title='bbox 1093 2035 1305 2074; x_wconf 68' lang='lat' dir='ltr'>populumque</span> <span class='ocrx_word' id='word_1_367' title='bbox 1312 2032 1409 2071; x_wconf 76' lang='lat' dir='ltr'>falsis</span> <span class='ocrx_word' id='word_1_368' title='bbox 1421 2032 1561 2064; x_wconf 75' lang='lat' dir='ltr'>Dedocet</span> <span class='ocrx_word' id='word_1_369' title='bbox 1572 2031 1622 2062; x_wconf 71' lang='lat' dir='ltr'>uti</span> <span class='ocrx_word' id='word_1_370' title='bbox 1639 2031 1701 2063; x_wconf 82' lang='lat' dir='ltr'>Vo-</span> 
     </span>
     <span class='ocr_line' id='line_1_63' title="bbox 995 2082 1699 2123; baseline -0.004 -8"><span class='ocrx_word' id='word_1_371' title='bbox 995 2083 1097 2123; x_wconf 75' lang='lat' dir='ltr'>cibus]</span> <span class='ocrx_word' id='word_1_372' title='bbox 1123 2083 1274 2113; x_wconf 85' lang='lat' dir='ltr'>Laborat</span> <span class='ocrx_word' id='word_1_373' title='bbox 1289 2087 1325 2113; x_wconf 92' lang='lat' dir='ltr'>et</span> <span class='ocrx_word' id='word_1_374' title='bbox 1341 2082 1479 2122; x_wconf 83' lang='lat' dir='ltr'>satagit,</span> <span class='ocrx_word' id='word_1_375' title='bbox 1496 2086 1534 2113; x_wconf 89' lang='lat' dir='ltr'>ut</span> <span class='ocrx_word' id='word_1_376' title='bbox 1549 2090 1699 2112; x_wconf 85' lang='lat' dir='ltr'>errorem</span> 
     </span>
     <span class='ocr_line' id='line_1_64' title="bbox 997 2130 1700 2172; baseline -0.006 -9"><span class='ocrx_word' id='word_1_377' title='bbox 997 2133 1083 2163; x_wconf 84' lang='lat' dir='ltr'>hunc</span> <span class='ocrx_word' id='word_1_378' title='bbox 1107 2131 1217 2172; x_wconf 82' lang='lat' dir='ltr'>plebis</span> <span class='ocrx_word' id='word_1_379' title='bbox 1235 2131 1401 2169; x_wconf 83' lang='lat' dir='ltr'>excutiat,</span> <span class='ocrx_word' id='word_1_380' title='bbox 1416 2140 1483 2171; x_wconf 91' lang='lat' dir='ltr'>quo</span> <span class='ocrx_word' id='word_1_381' title='bbox 1497 2130 1594 2160; x_wconf 86' lang='lat' dir='ltr'>dives</span> <span class='ocrx_word' id='word_1_382' title='bbox 1610 2130 1700 2170; x_wconf 84' lang='lat' dir='ltr'>quis-</span> 
     </span>
     <span class='ocr_line' id='line_1_65' title="bbox 997 2179 1699 2224; baseline -0.007 -10"><span class='ocrx_word' id='word_1_383' title='bbox 997 2193 1062 2224; x_wconf 87' lang='lat' dir='ltr'>que</span> <span class='ocrx_word' id='word_1_384' title='bbox 1078 2183 1120 2213; x_wconf 88' lang='lat' dir='ltr'>ab</span> <span class='ocrx_word' id='word_1_385' title='bbox 1136 2191 1178 2213; x_wconf 88' lang='lat' dir='ltr'>ea</span> <span class='ocrx_word' id='word_1_386' title='bbox 1194 2181 1412 2212; x_wconf 85' lang='lat' dir='ltr'>existimatur</span> <span class='ocrx_word' id='word_1_387' title='bbox 1427 2189 1467 2210; x_wconf 87' lang='lat' dir='ltr'>ac</span> <span class='ocrx_word' id='word_1_388' title='bbox 1488 2179 1699 2219; x_wconf 74' lang='lat' dir='ltr'>praedicatur</span> 
     </span>
     <span class='ocr_line' id='line_1_66' title="bbox 999 2228 1701 2268; baseline -0.007 -5"><span class='ocrx_word' id='word_1_389' title='bbox 999 2232 1139 2263; x_wconf 83' lang='lat' dir='ltr'>beatus:</span> <span class='ocrx_word' id='word_1_390' title='bbox 1158 2231 1309 2262; x_wconf 88' lang='lat' dir='ltr'>Stoicum</span> <span class='ocrx_word' id='word_1_391' title='bbox 1325 2239 1405 2261; x_wconf 83' lang='lat' dir='ltr'>vero</span> <span class='ocrx_word' id='word_1_392' title='bbox 1421 2228 1544 2268; x_wconf 83' lang='lat' dir='ltr'>dogma</span> <span class='ocrx_word' id='word_1_393' title='bbox 1558 2233 1701 2267; x_wconf 80' lang='lat' dir='ltr'>asserat,</span> 
     </span>
     <span class='ocr_line' id='line_1_67' title="bbox 997 2278 1699 2320; baseline -0.007 -8"><span class='ocrx_word' id='word_1_394' title='bbox 997 2281 1008 2298; x_wconf 89' lang='lat'>‘</span> <span class='ocrx_word' id='word_1_395' title='bbox 1024 2282 1130 2312; x_wconf 86' lang='lat' dir='ltr'>solum</span> <span class='ocrx_word' id='word_1_396' title='bbox 1155 2281 1345 2320; x_wconf 81' lang='lat' dir='ltr'>sapientem</span> <span class='ocrx_word' id='word_1_397' title='bbox 1371 2278 1507 2309; x_wconf 76' lang='lat' dir='ltr'>beatam</span> <span class='ocrx_word' id='word_1_398' title='bbox 1533 2286 1623 2317; x_wconf 84' lang='lat' dir='ltr'>esse,</span> <span class='ocrx_word' id='word_1_399' title='bbox 1647 2287 1699 2308; x_wconf 90' lang='lat' dir='ltr'>re-</span> 
     </span>
     <span class='ocr_line' id='line_1_68' title="bbox 998 2324 1696 2371; baseline -0.009 -10"><span class='ocrx_word' id='word_1_400' title='bbox 998 2330 1098 2371; x_wconf 83' lang='lat' dir='ltr'>gem‚&#39;</span> <span class='ocrx_word' id='word_1_401' title='bbox 1111 2332 1178 2361; x_wconf 87' lang='lat' dir='ltr'>&amp;c.</span> <span class='ocrx_word' id='word_1_402' title='bbox 1204 2328 1285 2369; x_wconf 87' lang='lat' dir='ltr'>lpsa</span> <span class='ocrx_word' id='word_1_403' title='bbox 1301 2327 1389 2358; x_wconf 89' lang='lat' dir='ltr'>enim</span> <span class='ocrx_word' id='word_1_404' title='bbox 1407 2326 1513 2357; x_wconf 81' lang='lat' dir='ltr'>virtus</span> <span class='ocrx_word' id='word_1_405' title='bbox 1526 2324 1696 2366; x_wconf 82' lang='lat' dir='ltr'>propriam</span> 
     </span>
     <span class='ocr_line' id='line_1_69' title="bbox 997 2375 1696 2417; baseline -0.004 -7"><span class='ocrx_word' id='word_1_406' title='bbox 997 2379 1061 2410; x_wconf 84' lang='lat' dir='ltr'>sibi</span> <span class='ocrx_word' id='word_1_407' title='bbox 1090 2380 1219 2409; x_wconf 83' lang='lat' dir='ltr'>laurum</span> <span class='ocrx_word' id='word_1_408' title='bbox 1243 2383 1278 2408; x_wconf 88' lang='lat' dir='ltr'>et</span> <span class='ocrx_word' id='word_1_409' title='bbox 1305 2376 1460 2417; x_wconf 81' lang='lat' dir='ltr'>gloriam,</span> <span class='ocrx_word' id='word_1_410' title='bbox 1483 2375 1696 2416; x_wconf 87' lang='lat' dir='ltr'>proindeque</span> 
     </span>
     <span class='ocr_line' id='line_1_70' title="bbox 997 2427 1695 2469; baseline -0.009 -9"><span class='ocrx_word' id='word_1_411' title='bbox 997 2433 1107 2461; x_wconf 84' lang='lat' dir='ltr'>tutum</span> <span class='ocrx_word' id='word_1_412' title='bbox 1137 2427 1294 2459; x_wconf 84' lang='lat' dir='ltr'>diadema</span> <span class='ocrx_word' id='word_1_413' title='bbox 1329 2434 1554 2466; x_wconf 83' lang='lat' dir='ltr'>regnumque,</span> <span class='ocrx_word' id='word_1_414' title='bbox 1585 2434 1695 2469; x_wconf 69' lang='lat' dir='ltr'>veram</span> 
     </span>
     <span class='ocr_line' id='line_1_71' title="bbox 998 2472 1697 2519; baseline -0.007 -10"><span class='ocrx_word' id='word_1_415' title='bbox 998 2478 1144 2519; x_wconf 90' lang='lat' dir='ltr'>denique</span> <span class='ocrx_word' id='word_1_416' title='bbox 1160 2476 1362 2508; x_wconf 80' lang='lat' dir='ltr'>felicitatem</span> <span class='ocrx_word' id='word_1_417' title='bbox 1378 2475 1409 2505; x_wconf 88' lang='lat' dir='ltr'>ei</span> <span class='ocrx_word' id='word_1_418' title='bbox 1425 2472 1540 2506; x_wconf 85' lang='lat' dir='ltr'>defert</span> <span class='ocrx_word' id='word_1_419' title='bbox 1555 2474 1625 2514; x_wconf 81' lang='lat' dir='ltr'>uni,</span> <span class='ocrx_word' id='word_1_420' title='bbox 1638 2475 1697 2515; x_wconf 86' lang='lat' dir='ltr'>qui</span> 
     </span>
     <span class='ocr_line' id='line_1_72' title="bbox 996 2524 1699 2569; baseline -0.007 -10"><span class='ocrx_word' id='word_1_421' title='bbox 996 2538 1079 2569; x_wconf 87' lang='lat' dir='ltr'>opes</span> <span class='ocrx_word' id='word_1_422' title='bbox 1105 2526 1306 2560; x_wconf 88' lang='lat' dir='ltr'>contemnit,</span> <span class='ocrx_word' id='word_1_423' title='bbox 1333 2524 1524 2565; x_wconf 81' lang='lat' dir='ltr'>oblatisque</span> <span class='ocrx_word' id='word_1_424' title='bbox 1551 2524 1621 2555; x_wconf 88' lang='lat' dir='ltr'>auri</span> <span class='ocrx_word' id='word_1_425' title='bbox 1647 2534 1699 2555; x_wconf 87' lang='lat' dir='ltr'>ar·</span> 
     </span>
     <span class='ocr_line' id='line_1_73' title="bbox 996 2575 1699 2620; baseline -0.009 -10"><span class='ocrx_word' id='word_1_426' title='bbox 996 2579 1157 2620; x_wconf 83' lang='lat' dir='ltr'>gentique</span> <span class='ocrx_word' id='word_1_427' title='bbox 1183 2577 1317 2608; x_wconf 78' lang='lat' dir='ltr'>acervis</span> <span class='ocrx_word' id='word_1_428' title='bbox 1342 2575 1426 2606; x_wconf 81' lang='lat' dir='ltr'>adeo</span> <span class='ocrx_word' id='word_1_429' title='bbox 1443 2583 1510 2605; x_wconf 89' lang='lat' dir='ltr'>non</span> <span class='ocrx_word' id='word_1_430' title='bbox 1526 2578 1699 2612; x_wconf 86' lang='lat' dir='ltr'>movetur,</span> 
     </span>
     <span class='ocr_line' id='line_1_74' title="bbox 995 2623 1698 2660; baseline -0.01 0"><span class='ocrx_word' id='word_1_431' title='bbox 995 2633 1031 2660; x_wconf 89' lang='lat' dir='ltr'>ut</span> <span class='ocrx_word' id='word_1_432' title='bbox 1051 2638 1114 2659; x_wconf 87' lang='lat' dir='ltr'>nec</span> <span class='ocrx_word' id='word_1_433' title='bbox 1133 2627 1249 2659; x_wconf 89' lang='lat' dir='ltr'>oculos</span> <span class='ocrx_word' id='word_1_434' title='bbox 1270 2628 1458 2656; x_wconf 83' lang='lat' dir='ltr'>convertat.</span> <span class='ocrx_word' id='word_1_435' title='bbox 1502 2623 1558 2654; x_wconf 90' lang='lat' dir='ltr'>Sic</span> <span class='ocrx_word' id='word_1_436' title='bbox 1575 2623 1698 2654; x_wconf 85' lang='lat' dir='ltr'>Curius</span> 
     </span>
     <span class='ocr_line' id='line_1_75' title="bbox 994 2674 1694 2717; baseline -0.009 -6"><span class='ocrx_word' id='word_1_437' title='bbox 994 2680 1181 2711; x_wconf 87' lang='lat' dir='ltr'>Samnitum</span> <span class='ocrx_word' id='word_1_438' title='bbox 1213 2682 1248 2708; x_wconf 89' lang='lat' dir='ltr'>et</span> <span class='ocrx_word' id='word_1_439' title='bbox 1278 2677 1403 2717; x_wconf 83' lang='lat' dir='ltr'>Pyrrhi</span> <span class='ocrx_word' id='word_1_440' title='bbox 1433 2675 1565 2715; x_wconf 86' lang='lat' dir='ltr'>sprevit</span> <span class='ocrx_word' id='word_1_441' title='bbox 1594 2674 1694 2706; x_wconf 88' lang='lat' dir='ltr'>dona.</span> 
     </span>
     <span class='ocr_line' id='line_1_76' title="bbox 996 2728 1396 2771; baseline -0.013 -10"><span class='ocrx_word' id='word_1_442' title='bbox 996 2731 1050 2761; x_wconf 85' lang='lat' dir='ltr'>De</span> <span class='ocrx_word' id='word_1_443' title='bbox 1067 2739 1133 2771; x_wconf 86' lang='lat' dir='ltr'>qno</span> <span class='ocrx_word' id='word_1_444' title='bbox 1151 2737 1172 2759; x_wconf 86' lang='lat' dir='ltr'>t.</span> <span class='ocrx_word' id='word_1_445' title='bbox 1190 2728 1259 2759; x_wconf 81' lang='lat' dir='ltr'>od.</span> <span class='ocrx_word' id='word_1_446' title='bbox 1274 2729 1327 2757; x_wconf 81' lang='lat'>12.</span> <span class='ocrx_word' id='word_1_447' title='bbox 1343 2728 1396 2757; x_wconf 85' lang='grc'>41.</span> 
     </span>
    </p>

    <p class='ocr_par' dir='ltr' id='par_1_23' title="bbox 1038 2773 1696 2815">
     <span class='ocr_line' id='line_1_77' title="bbox 1038 2773 1696 2815; baseline -0.009 -5"><span class='ocrx_word' id='word_1_448' title='bbox 1038 2782 1079 2810; x_wconf 77' lang='grc'>23</span> <span class='ocrx_word' id='word_1_449' title='bbox 1107 2779 1204 2810; x_wconf 73' lang='lat' dir='ltr'>Oculo</span> <span class='ocrx_word' id='word_1_450' title='bbox 1230 2775 1395 2815; x_wconf 83' lang='lat' dir='ltr'>irretorto]</span> <span class='ocrx_word' id='word_1_451' title='bbox 1430 2775 1547 2806; x_wconf 81' lang='lat' dir='ltr'>Rectis</span> <span class='ocrx_word' id='word_1_452' title='bbox 1577 2773 1696 2813; x_wconf 68' lang='lat' dir='ltr'>oculiS,</span> 
     </span>
    </p>
   </div>
  </div>
 </body>
</html>
