1916 3190
265 219 350 260 424

748 233 791 270 Q.
823 231 1031 262 nonA‘ru
1065 226 1238 264 rns'ccr
1289 235 1301 243 ··

493 323 581 365 Sed
602 326 862 366 rusticorum
883 326 1082 366 mascula
1103 325 1291 366 militum

493 390 665 440 Proles,
686 391 881 432 Sabellis
902 392 1039 433 docta
1057 392 1277 445 ligonibus

549 456 742 497 Versare
764 457 930 509 glebas,
952 461 994 498 et
1014 470 1181 498 severae

607 521 771 563 Matris
793 521 850 562 ad
870 523 1092 563 arbitrium
1112 523 1275 564 recisos

492 588 677 629 Portare
696 587 860 640 fustes3
889 589 958 629 sol
978 589 1054 630 ubi
1076 589 1287 630 montium

491 654 691 695 Mutaret
710 655 903 704 umbras,
923 659 964 696 et
978 654 1088 709 juga
1104 656 1295 696 demeret

549 721 708 761 Bobus
729 719 943 774 fatigatis,
964 721 1152 762 amicum

605 787 802 839 Tempus
824 800 957 842 agens
980 788 1169 829 abeunte
1193 800 1333 828 curru.

493 852 724 893 Damnosa
744 853 851 905 quid
871 866 959 894 non
980 853 1202 894 imminuit
1221 852 1317 893 dies
1331 852 1350 891 ‘l

1662 855 1721 895 45

265 967 380 991 saevum
393 960 616 1000 Hannibalem,
638 962 693 992 sed
713 960 833 991 strenui
844 959 914 1000 filii
935 959 1072 992 militum
1092 961 1274 1000 agrestium,
1295 960 1412 992 assueti
1433 954 1549 992 terrarii
1562 961 1660 992 colere
1674 958 1720 990 ba·-

261 1001 347 1040 palio
362 1001 488 1042 Sabino,
503 1007 534 1034 et
545 1004 586 1034 ad
599 1005 733 1034 auster-et
743 1001 839 1032 matr'
827 1011 855 1032 ts
868 1002 1058 1033 voluntatem
1071 1006 1234 1042 amputata
1246 1003 1364 1041 referre
1378 1002 1478 1042 ligna,
1488 1012 1557 1033 cum
1570 1002 1720 1033 montium

265 1043 362 1074 vertit
383 1045 518 1085 umbras,
534 1048 565 1076 et
580 1054 664 1084 Juga
681 1043 780 1081 sessis
804 1043 896 1074 bobus
911 1043 1051 1075 detrahit
1065 1044 1132 1083 Sol,
1146 1044 1253 1075 horam
1277 1045 1431 1076 adducens
1443 1044 1626 1083 jucundam,
1637 1051 1720 1074 rece-

267 1084 359 1117 dente
371 1096 476 1119 curru.
523 1086 610 1123 Quid
635 1089 752 1126 tempus
774 1086 854 1117 edax
877 1095 938 1116 non
961 1086 1156 1127 corrumpit?
1176 1087 1294 1118 AEvum
1310 1089 1437 1127 patrum
1451 1090 1637 1122 nostrorum,
1653 1084 1722 1115 wis

852 1179 872 1191 O
873 1179 993 1200 ΝΝΝΝ

995 1179 1095 1192 eeeee

267 1245 309 1274 38
332 1243 451 1284 Pubes,
473 1254 536 1284 pro
560 1246 683 1285 Proles,
708 1245 854 1286 Franeq.
856 1247 953 1277 -39,
976 1247 1019 1276 40
1041 1245 1141 1276 Dess.
1157 1247 1190 1276 2.
1215 1248 1247 1277 et
1267 1245 1367 1276 severi
1381 1244 1504 1276 Patris
1506 1245 1588 1275 —43
1615 1242 1721 1274 Bubus

267 1285 366 1319 Harl.
384 1288 414 1317 1.
427 1268 458 1319 2⁹.
470 1291 502 1318 3.
514 1290 545 1319 4.
557 1291 589 1320 5.
602 1290 635 1320 6.
652 1287 711 1319 alii
726 1287 825 1320 codd.
841 1297 896 1328 ap·
911 1287 1005 1328 Jani‚
1018 1292 1054 1320 et
1070 1287 1226 1329 quaedam
1243 1287 1321 1319 edd.
1324 1289 1407 1318 —45
1424 1286 1434 1303 ‘
1445 1286 1575 1318 Annaea
1585 1283 1721 1317 emend.

919 1379 1065 1411 NOTAE

306 1439 348 1467 37
372 1437 437 1469 Sed
460 1439 646 1471 rusticorum
671 1442 808 1473 nmscula
830 1442 966 1473 militum

265 1486 393 1526 Proles]
416 1486 484 1518 Sed
509 1487 570 1519 filii
594 1490 740 1521 virorum
765 1492 894 1522 rustico
915 1491 964 1522 la-

265 1536 350 1568 bore
377 1540 414 1568 et
441 1538 561 1569 militia
588 1539 816 1579 robustorum,
840 1545 876 1571 et
900 1540 967 1581 ipsi

265 1586 396 1627 pariter
419 1587 550 1626 agresti
567 1588 634 1619 vita
649 1588 814 1627 indurati,
838 1589 968 1621 dintur-

264 1644 378 1676 noque
393 1636 490 1675 operi
515 1636 643 1668 assueti
655 1649 664 1676 ;
690 1637 903 1679 proindeque
919 1638 968 1669 vi-

265 1684 320 1715 rili
336 1684 448 1716 animo
459 1685 564 1726 juxta
580 1690 616 1717 et
630 1685 713 1718 forti
729 1696 886 1728 corpore,
900 1696 968 1719 non

264 1734 384 1766 molles
397 1739 434 1766 et
449 1735 682 1777 voluptatibus
697 1735 813 1768 fracti.

319 1787 361 1816 38
384 1784 518 1817 Sabellis
542 1787 634 1818 docta
656 1786 812 1827 ligonibus
840 1787 970 1820 me

262 1834 385 1875 glebas]
407 1834 484 1868 Jam
500 1836 694 1867 notavimus
717 1836 797 1868 alibi
823 1837 971 1877 optimos

265 1883 381 1916 Italiae
397 1883 579 1916 bellatores
603 1885 816 1917 existimatos
837 1886 971 1926 pridem

265 1933 399 1974 Apulos
413 1938 449 1966 et
465 1935 647 1975 Samnites,
664 1936 722 1976 qui
739 1939 776 1967 et
793 1935 936 1975 Sabelli,
950 1946 971 1968 a

265 1983 402 2014 Sabinis
426 1984 508 2025 orti,
536 1994 581 2016 ex
604 1985 788 2022 Strabone,
803 1985 863 2018 lib.
880 1995 916 2018 v.
932 1991 970 2018 et

267 2031 360 2063 Plin.
378 2041 435 2064 ιιι.
453 2036 505 2064 12.

310 2083 353 2112 39
375 2081 422 2112 Et
441 2091 558 2113 κυεῖ-ιε
582 2083 702 2115 Matris
725 2085 767 2115 ad
791 2080 970 2125 arbitrium,

266 2129 337 2171 ξω]
359 2130 428 2163 Qui
451 2136 488 2162 et
507 2133 624 2163 matris
641 2133 783 2173 imperio
800 2138 837 2166 et
851 2144 970 2166 severa

244 2188 247 2192 ’
267 2179 449 2221 disciplina
464 2178 551 2212 facti
574 2181 616 2211 ad
641 2182 801 2213 virtutem
825 2183 971 2214 laborio-

267 2240 363 2271 sam.;
386 2240 463 2263 nam
478 2230 627 2272 jubebat
647 2231 705 2262 illa
720 2236 799 2272 post
815 2231 970 2264 diurnum

269 2290 355 2321 opus
377 2280 470 2321 ligna
494 2281 599 2312 etiam
624 2280 771 2320 caedere,
794 2284 896 2321 atque
926 2281 969 2311 ad

269 2339 367 2361 usum
382 2329 607 2361 domesticum
621 2334 810 2370 reportare.

311 2381 353 2410 41
370 2378 426 2410 Sol
441 2378 493 2409 ubi
508 2379 659 2410 montium
673 2379 819 2410 Mutat-et
830 2378 970 2419 umbras]

269 2428 429 2469 Vesperi,
445 2437 522 2460 cum
535 2437 680 2469 vergens
690 2428 750 2460 Sol
759 2427 802 2459 ad
813 2437 970 2460 occasum

271 2482 376 2519 auget
393 2478 540 2518 umbras,
552 2482 611 2510 aut
623 2478 796 2509 convertit
807 2477 851 2509 ad
863 2478 972 2510 orien-

269 2532 356 2568 tem,
378 2538 455 2570 quae
471 2536 569 2559 mane
584 2527 627 2559 ad
641 2526 872 2559 Occidentem
894 2526 969 2559 fue-

270 2581 359 2609 rant.
402 2577 505 2609 Prior
526 2576 771 2618 interpretatio
793 2577 903 2617 magis
918 2587 970 2608 ar-

270 2626 374 2658 ridet.
416 2626 539 2667 virgil.
563 2626 684 2667 Eclog.
710 2635 735 2658 1.
757 2628 811 2658 84.
835 2626 970 2668 ‘Majo-

270 2686 392 2718 resque
415 2678 545 2710 cadunt
561 2677 638 2710 altis
654 2677 698 2710 de
713 2677 883 2710 montibus
899 2688 970 2710 um-

266 2725 362 2759 brae.’
399 2727 517 2768 Eclog.
533 2736 575 2761 11.
590 2730 644 2760 67.
661 2728 671 2746 ‘
683 2728 728 2761 Et
742 2728 801 2763 Sol
816 2737 971 2762 crescen-

1019 1445 1072 1472 tes
1087 1440 1258 1472 decedens
1274 1435 1427 1480 duplicat
1442 1438 1599 1470 umbras:

1061 1490 1135 1530 Sol]
1156 1490 1229 1522 Cic.
1245 1489 1288 1520 de
1301 1489 1384 1520 Nat.
1396 1489 1503 1519 Deor.
1516 1496 1551 1518 n.
1562 1489 1616 1518 68.
1639 1486 1649 1504 ‘
1661 1486 1720 1518 Sol

1020 1539 1145 1579 dictus,
1172 1539 1226 1570 vel
1251 1539 1333 1580 quia
1348 1538 1436 1568 solus
1451 1546 1495 1568 ex
1509 1536 1662 1567 omnibus
1677 1535 1721 1566 si·

1021 1589 1162 1620 deribus
1176 1593 1231 1620 est
1248 1592 1384 1619 tantus:
1410 1586 1463 1618 vel
1478 1586 1558 1627 quis
1574 1595 1651 1617 cum
1667 1590 1722 1618 est

1022 1641 1175 1677 exortus,
1187 1636 1379 1668 obscuratis
1391 1635 1544 1667 omnibus
1556 1635 1647 1666 solus
1660 1643 1721 1675 ap-

1048 1688 1144 1718 aret?

1023 1697 1045 1728 p
1065 1738 1108 1768 42
1132 1734 1267 1775 EtJuga
1281 1735 1418 1766 demeret
1431 1733 1539 1765 Bubus
1550 1732 1720 1774 fatigatis]

1025 1787 1103 1820 Quo
1124 1790 1280 1826 tempore
1301 1784 1451 1816 demitur
1467 1784 1588 1824 jugum
1613 1782 1723 1814 bobus

1023 1835 1152 1868 arando
1166 1834 1338 1875 fatigatis,
1365 1832 1534 1874 solutique
1550 1831 1594 1863 ab
1609 1836 1724 1863 aratro

1024 1886 1160 1918 domum
1175 1884 1397 1916 reducuntur.
1432 1882 1555 1923 Virgil.
1570 1891 1649 1913 mox
1664 1881 1724 1913 cit.

1023 1936 1035 1954 ⁶
1047 1935 1188 1976 Aspice,
1214 1937 1329 1965 aratra
1355 1933 1443 1974 Jugo
1471 1931 1626 1964 referunt
1653 1941 1724 1963 sus-

1023 1995 1129 2026 pensa
1142 1983 1298 2026 juvenci,
1317 1983 1363 2015 Et
1378 1983 1436 2015 Sol
1450 1987 1649 2014 crescentes
1664 1982 1724 2014 de-

961 2048 965 2051 *
1022 2036 1149 2068 cedens
1165 2034 1319 2075 duplicat
1334 2032 1493 2065 umbras!

1066 2088 1108 2116 43
1141 2084 1287 2115 Amicum
1315 2083 1445 2123 Tempus
1469 2091 1567 2122 ageas
1593 2081 1723 2113 abeam

1023 2134 1130 2174 curru]
1163 2132 1348 2164 Adducens
1371 2137 1506 2172 tempus
1530 2131 1671 2172 optimae
1686 2134 1724 2161 et

1019 2182 1184 2224 jucundae
1213 2186 1291 2223 post
1312 2181 1463 2213 laborem
1489 2181 1594 2222 quieti
1616 2179 1724 2212 desti·-

1025 2238 1158 2271 natum,
1180 2233 1189 2249 ‘
1203 2241 1279 2263 cum
1296 2240 1333 2262 se
1349 2231 1554 2262 convolvens
1575 2230 1636 2261 Sol
1654 2229 1722 2260 els-

1024 2280 1117 2312 bitur
1132 2287 1235 2321 atque
1252 2279 1346 2318 abit:
1367 2283 1406 2310 ut
1419 2280 1467 2310 ait
1479 2279 1553 2311 Cic.
1569 2278 1612 2310 de
1627 2277 1723 2308 Divi-

1023 2332 1095 2360 nat.
1116 2337 1142 2360 1.
1170 2337 1203 2358 n.
1229 2330 1283 2358 46.
1317 2327 1439 2366 virgil.
1462 2325 1596 2357 AEneid.
1621 2334 1669 2356 ιι.
1687 2328 1720 2356 9.

1024 2378 1034 2397 ⁴
1047 2378 1093 2409 Et
1111 2377 1184 2417 jam
1211 2385 1278 2407 nox
1303 2375 1442 2406 humida
1462 2375 1546 2405 coelo
1563 2374 1723 2415 Pracipi-

1026 2432 1091 2467 tat,
1106 2427 1318 2467 suadentque
1333 2424 1493 2456 cadentia
1507 2423 1619 2455 sidera
1634 2433 1721 2455 som-

1023 2477 1107 2510 nos.'
1149 2476 1279 2516 Geor-g.
1293 2482 1348 2506 ιιι.
1363 2476 1439 2505 358.
1463 2473 1473 2490 ‘
1487 2473 1564 2505 Nec
1578 2483 1654 2505 cum
1671 2474 1721 2504 in-

1023 2531 1141 2559 vectus
1153 2525 1247 2567 equis
1257 2522 1347 2566 (Sol)
1361 2523 1466 2554 altum
1479 2522 1569 2562 petit
1580 2522 1722 2561 aeffiera,

1022 2587 1087 2609 nec
1114 2585 1190 2608 cum
1212 2573 1436 2614 ,Praecipitem
1463 2571 1596 2604 Oceani
1619 2571 1720 2604 rubro

1022 2627 1106 2659 lavit
1119 2633 1255 2667 aequore
1269 2622 1431 2656 currum!

1064 2681 1105 2709 45
1129 2677 1289 2709 Damam
1303 2674 1378 2715 quid
1393 2682 1453 2704 »um
1465 2671 1624 2704 intumuit
1637 2671 1721 2713 dies]

1024 2726 1116 2762 Quid
1128 2735 1195 2759 non
1209 2724 1358 2759 absumit
1373 2727 1521 2765 tempus,
1536 2721 1639 2755 rebus
1653 2731 1723 2754 om-
