1916 3190
314 249 398 292 418
787 260 831 298 Q.
865 258 1075 289 nourrii
1109 259 1283 291 nacci

540 353 642 395 Non
664 354 920 407 auspicatos
940 352 1142 394 contudit
1159 352 1354 406 impetus
1706 353 1761 394 10

594 419 802 469 Nostros,
820 424 867 460 et
884 419 1106 473 adjecisse
1125 419 1324 472 praedam

651 486 906 540 Torquibus
927 485 1099 539 exiguis
1119 485 1306 526 renidet.

540 552 675 593 Paene
698 556 959 606 occupatam
983 551 1272 593 seditionibus

310 681 402 712 semel
415 685 505 721 atque
518 681 630 713 iterum
646 682 800 714 Monaeses
820 687 852 715 et
869 683 984 714 Pacom‘
998 684 1154 715 exercitus
1168 684 1282 724 repulit
1303 687 1423 715 nostros
1444 686 1572 715 conatus
1585 683 1760 724 inauspica-

312 727 378 755 tos.-
400 725 577 764 gaudetque
598 728 703 755 nostra
725 725 823 765 spolia
845 726 1001 757 addidisse
1026 726 1185 766 torquibus
1207 727 1272 757 suis
1287 725 1466 758 minoribus.
1512 726 1682 757 Civitatem
1696 725 1760 757 dis-

917 829 1156 843 ‘O‘OO‘mOOO

312 889 422 922 Codd.
438 900 492 930 ap.
508 892 608 923 eund.
626 893 779 932 Pactuori,
800 898 837 924 et
853 893 1064 926 Pecori.—lo
1087 895 1302 935 Inuuspicatos
1325 893 1423 925 Harl.
1436 896 1470 926 2.
1497 893 1632 935 quidam
1648 893 1758 926 ''eodd.

311 931 480 971 Lambini,
495 933 605 973 Lipss.
621 936 652 965 1.
668 937 700 966 2.
716 939 753 965 et
769 934 866 966 Gott.
881 939 919 967 et
934 935 983 966 sic
1001 936 1106 967 etiam
1122 936 1260 968 Canter.
1277 934 1367 967 Nov.
1384 935 1482 967 Lect-
1497 944 1531 968 ν.
1543 937 1596 968 2⁰.
1611 935 1761 968 Masson.

312 974 387 1006 Vit.
404 974 489 1006 Hor.
514 984 550 1014 p.
576 977 649 1007 194.
673 981 710 1006 et
733 975 873 1009 Vascos.
917 977 993 1007 Non
1019 978 1193 1018 auspicato·
1215 977 1365 1009 Harl.1.
1380 979 1459 1009 sat.
1473 979 1552 1009 mo.
1574 977 1675 1010 Gott.
1699 986 1762 1018 pro

312 1025 346 1046 v.
362 1017 386 1046 1.
400 1017 507 1047 ceteri
523 1016 622 1048 codd.
637 1017 753 1048 Zarot.
769 1018 912 1049 Venett.
924 1017 1068 1050 Mediol.
1084 1017 1190 1050 Aldd.
1204 1021 1355 1052 δια-11
1381 1018 1511 1050 Nostris
1534 1019 1702 1051 Priscian.
1727 1024 1760 1058 p.

313 1060 389 1089 891.
412 1067 606 1099 quanquam
635 1059 682 1089 ibi
701 1060 834 1090 variant
849 1059 950 1091 codd.
993 1059 1062 1091 Sed
1086 1060 1268 1092 admodum
1294 1060 1409 1103 placet
1432 1060 1603 1099 Bentleio‚
1623 1061 1763 1100 Nostris,

311 1100 345 1131 h.
361 1109 391 1131 e.
411 1099 584 1136 Romanis,
599 1101 741 1132 contudit
756 1101 902 1142 impetus,
914 1102 1005 1143 quod
1023 1103 1132 1134 minus
1150 1103 1288 1144 vulgare
1305 1103 1349 1134 nit
1363 1112 1373 1142 ;
1395 1106 1431 1134 et
1447 1101 1564 1134 laudat
1577 1111 1620 1134 ιι.
1638 1101 1711 1134 Sat.
1726 1105 1761 1134 ’1.

314 1144 367 1172 15.
413 1141 458 1172 At
476 1142 595 1172 meiius
612 1143 715 1174 etiam
742 1143 790 1174 ini
815 1143 953 1175 videtur
976 1144 1178 1177 Nostrorum.
1225 1145 1392 1186 Denique,
1413 1145 1556 1185 impetus,
1577 1144 1711 1175 Nostros
1730 1147 1763 1176 et

312 1182 377 1224 (sc.
395 1182 551 1225 torques)
566 1184 794 1226 adjecisse,85c.
817 1185 1035 1226 distinguunt
1050 1185 1215 1219 Scheffer.
1241 1187 1285 1218 de
1310 1186 1476 1228 Torquib.
1502 1195 1536 1227 p.
1555 1189 1610 1219 56.
1636 1192 1672 1217 et
1694 1185 1762 1218 Cu-

971 1284 1112 1316 NOTAE

313 1363 415 1395 quem
443 1358 558 1386 tamen
580 1356 681 1397 paulo
710 1360 791 1397 post
821 1356 1015 1396 Ventidius,

315 1403 456 1435 Antonii
477 1405 623 1444 legatus,
639 1406 901 1447 universamque
916 1407 1013 1438 simul

313 1453 520 1485 Parthorum
551 1463 688 1485 manum
720 1455 862 1492 delevit,
895 1463 932 1486 ut
966 1456 1015 1487 ait

312 1501 441 1534 Justiu.
458 1502 515 1534 lib.
532 1512 624 1535 xnn.
668 1504 758 1536 Vide
775 1508 810 1536 et
826 1504 928 1536 Dion.
954 1505 1014 1537 lib.

314 1558 448 1582 xnvm.
474 1556 511 1583 et
535 1560 638 1584 xmx.
682 1552 759 1584 Liv.
783 1552 843 1585 lib.
866 1561 1012 1585 cxxvii.

313 1595 406 1632 Flor.
423 1609 476 1632 xv.
491 1603 525 1632 9.
541 1605 578 1632 et
593 1603 646 1633 10.
661 1603 728 1634 &c-

359 1653 399 1682 10
417 1651 491 1683 Non
505 1651 693 1693 auspicatos]
711 1651 782 1683 Cic.
797 1651 842 1684 de
859 1652 976 1685 Divin.
987 1661 1014 1685 1.

314 1709 348 1732 n.
365 1702 419 1732 28.
443 1701 455 1718 ‘
470 1701 564 1733 Nihil
591 1700 666 1733 fere
687 1701 857 1742 quondam
879 1702 1014 1744 maj0ris

315 1749 377 1790 rei,
401 1750 466 1781 nisi
485 1751 679 1792 auspicato,
699 1760 743 1782 ne
765 1751 928 1792 privatim
942 1751 1015 1793 qui-

315 1798 393 1829 dem
423 1799 628 1840 gerebatur:
665 1800 756 1842 quod
786 1801 890 1834 etiam
925 1810 1016 1833 nunc

315 1849 511 1890 nuptiarum
541 1850 697 1891 auspices
725 1849 926 1890 declarant,’
949 1849 1026 1883 διο.

315 1899 384 1932 Ubi
397 1900 512 1931 muitis
521 1901 684 1942 exemplis
698 1901 923 1942 auspiciorum
936 1910 1016 1934 con·

317 1952 460 1979 temtum
473 1954 531 1981 aut
542 1950 660 1981 vitium
677 1951 1016 1991 magnarunnpopulo

316 1995 468 2027 Romano
492 1998 721 2030 calamitatum
751 1998 859 2031 fuisse
879 2009 1016 2031 causam

316 2046 480 2076 ostendit.
542 2049 551 2064 ‘
579 2047 671 2081 Quid
704 2052 824 2080 vetera
834 2048 859 2079 ?’
893 2049 1016 2090 inquit.

315 2091 328 2108 ⁴
343 2092 392 2123 M.
407 2094 532 2125 Crasso
553 2095 633 2135 quid
658 2096 836 2134 acciderit,
852 2097 1018 2138 videmus,

316 2140 464 2173 dirarum
481 2142 739 2176 obnuntiatione
752 2145 936 2187 neglecta,’
947 2147 1015 2178 διο.

317 2191 374 2222 De
389 2191 516 2232 Arusp.
533 2191 640 2232 Resp.
655 2192 716 2224 cit.
738 2194 747 2210 ‘
765 2194 914 2232 Majores
939 2203 1014 2225 nos·

317 2240 361 2270 tri
375 2234 496 2270 'rerum
521 2240 607 2272 bene
628 2240 850 2282 gerendarum
868 2242 1013 2272 auctori-

319 2293 407 2321 tates
424 2291 583 2331 augnrio.
599 2312 608 2320 .
621 2289 803 2321 ,contineri
826 2289 1014 2329 putarunt.’

318 2339 408 2370 vide
423 2340 500 2371 Vai.
517 2339 612 2372 Max.
629 2348 654 2370 1.
667 2341 702 2370 4.
724 2344 758 2370 et
781 2347 855 2381 seq.
883 2347 960 2378 cap.
983 2340 1015 2370 6.

317 2389 327 2406 ‘
341 2389 482 2421 Crassus
497 2389 588 2429 inter
600 2379 815 2430 gravissimas
829 2387 937 2420 nostri
951 2386 1016 2418 Im-

319 2439 406 2479 perii
428 2439 584 2479 jacturas
607 2437 847 2481 numerandus,
865 2436 1017 2477 plurimis

319 2493 356 2520 et
381 2488 644 2521 evidentissimis
669 2491 749 2519 ante
769 2487 899 2517 ruinam
921 2494 1016 2516 mon·

319 2543 466 2570 atrorum
493 2538 648 2578 pulsatus
674 2535 796 2568 ictibus
808 2557 817 2568 .
830 2558 840 2567 .
853 2557 862 2568 .
873 2535 932 2567 Sic
954 2535 1015 2566 Dii

318 2587 428 2628 spreti
457 2587 723 2618 excandescunt.
779 2585 836 2629 Sic
869 2585 1016 2616 hnmana

319 2637 460 2678 consilia
486 2637 711 2677 castigantur,
733 2634 789 2666 ubi
811 2643 847 2666 se
869 2633 1015 2666 caelesti-

320 2685 384 2716 bus
406 2685 618 2726 praeferunt-³
662 2685 715 2717 De
731 2684 854 2716 Crasso
878 2683 954 2715 vide
978 2687 1017 2714 et

320 2735 472 2779 Appian.
487 2738 592 2769 Dion.
609 2736 669 2770 lib..
686 2744 744 2768 xi..
775 2735 877 2771 Oros.
892 2734 951 2766 lib.
965 2742 1016 2767 vt.

1069 1358 1158 1390 Flor.
1175 1367 1232 1390 nt.
1248 1361 1300 1390 11.
1325 1362 1362 1390 et
1385 1367 1462 1400 quai
1485 1356 1647 1389 annotari
1664 1367 1765 1400 supe·

1069 1407 1150 1438 riori
1167 1407 1258 1447 Ode,
1274 1417 1324 1438 vs.
1339 1411 1371 1440 6.

1112 1458 1150 1485 11
1177 1456 1222 1486 Et
1250 1449 1397 1495 adiecisse
1422 1455 1562 1496 proedam
1593 1455 1774 1496 Tor-quibua,

1068 1503 1194 1544 exiguis
1205 1504 1341 1545 renidet]
1362 1505 1392 1536 E
1412 1504 1529 1545 spoliis
1550 1504 1687 1547 nostris,
1705 1503 1777 1536 ‹ie-⁴

1068 1557 1248 1595 tractoque
1271 1553 1368 1586 nobis
1391 1562 1474 1586 auro
1497 1560 1623 1585 auxere
1645 1553 1762 1585 Parthi

1068 1611 1146 1634 suos
1162 1606 1314 1644 torques,
1329 1603 1544 1645 majoresque
1563 1601 1679 1635 fecere
1694 1612 1766 1645 eos,

1067 1651 1215 1693 quiante
1227 1656 1326 1684 erant
1339 1652 1464 1693 exigui.
1496 1653 1649 1695 'roi-ques
1665 1653 1764 1685 nimi-

1069 1711 1142 1734 rum
1158 1701 1238 1734 colli
1252 1705 1351 1734 erant
1361 1705 1562 1735 ornamenta
1574 1711 1635 1734 seu
1646 1710 1767 1743 aurea,

1069 1761 1129 1783 seu
1145 1755 1320 1792 argentea.
1345 1751 1386 1783 iis
1405 1750 1510 1782 etiam
1530 1750 1564 1783 in
1586 1751 1766 1791 premium

1069 1801 1143 1833 dari
1159 1801 1260 1834 solita
1276 1801 1332 1844 qui
1348 1805 1522 1833 strenuam
1534 1799 1570 1831 in
1582 1799 1671 1832 heito
1683 1809 1765 1842 ope-

1069 1861 1140 1882 ram
1154 1855 1333 1884 navarant.
1375 1849 1442 1882 His
1461 1848 1648 1887 insignibus
1667 1858 1765 1893 ornae

1069 1900 1154 1933 bant
1167 1910 1204 1932 se
1218 1899 1351 1942 pridem
1365 1899 1497 1940 Parthi,
1508 1898 1612 1940 Gaui,
1622 1897 1767 1940 aliiqne;

1069 1951 1249 1983 etiamnum
1267 1959 1348 1981 vero
1362 1948 1537 1982 Germani.

1113 2002 1154 2031 12
1177 1997 1328 2039 Renfflet]
1359 1997 1507 2031 Quidam
1532 1996 1766 2038 interpretari·
1792 2029 1794 2031 ,

1070 2053 1139 2089 tur,
1171 2047 1351 2089 splendet:
1397 2046 1518 2079 melina
1547 2046 1618 2087 aiii,
1646 2046 1767 2088 gestit,

1068 2098 1223 2129 iaetitiatn
1241 2107 1312 2139 prae
1333 2105 1371 2128 se
1385 2095 1467 2128 fert.

1112 2149 1152 2178 13
1166 2147 1263 2178 Paene
1277 2149 1455 2188 occupatum
1469 2143 1684 2187 seditionibus,
1695 2142 1768 2186 &te-J

1069 2195 1176 2226 Bellis
1202 2195 1359 2226 civilibus
1383 2193 1583 2224 distractam
1610 2201 1650 2224 ac
1673 2192 1764 2224 laee-

1069 2253 1139 2275 ram
1166 2243 1285 2274 urbem
1309 2247 1347 2274 et
1367 2241 1625 2282 Rempnblicatn
1641 2239 1764 2272 Rotna-

1068 2301 1145 2323 nam
1168 2301 1276 2332 prope
1291 2290 1422 2322 detevtt
1440 2291 1612 2322 exereitus
1627 2298 1647 2321 e
1662 2288 1764 2321 Dacis

1067 2343 1169 2380 atque
1203 2339 1418 2378 AEthiopibus
1457 2337 1631 2370 conflatus.
1689 2337 1764 2368 Illis

1067 2396 1192 2428 nempe
1205 2386 1411 2418 constabant
1426 2391 1606 2418 terrestres
1621 2385 1765 2417 Antonii

1067 2437 1191 2479 copiae,
1206 2435 1374 2478 AEgyptiis
1390 2444 1472 2467 vero
1488 2435 1681 2476 Cleopatra».
1705 2445 1763 2466 na-

1068 2487 1160 2519 vales
1186 2490 1223 2519 et
1245 2484 1435 2516 maritima.
1479 2484 1576 2520 Daci,
1597 2494 1658 2526 seu
1678 2484 1762 2526 Scy-

1068 2535 1135 2567 thae
1156 2534 1300 2575 sagittas
1323 2533 1468 2565 mittere.
1484 2533 1599 2573 periti,
1621 2542 1697 2565 cnm
1717 2534 1763 2574 ad

1068 2586 1239 2619 Caesarem
1251 2584 1360 2616 missis
1372 2583 1493 2625 legatis
1502 2592 1567 2616 non
1582 2584 1763 2626 impetras-

1068 2639 1145 2667 sent
1163 2644 1240 2677 quae
1264 2633 1440 2676 petebant,
1453 2633 1497 2665 ad
1513 2633 1698 2668 Antonium
1723 2643 1761 2673 se

1066 2687 1322 2723 converterunt.
1353 2684 1419 2716 Dio
1435 2683 1492 2715 lib.
1504 2691 1550 2724 u.
1579 2683 1668 2723 Daci
1682 2692 1763 2725 pro-

1069 2734 1142 2775 prie
1167 2738 1246 2765 sunt
1268 2732 1370 2765 hodie
1393 2733 1517 2766 accolae
1533 2731 1682 2779 Danubii
1697 2730 1762 2766 flu-
