1916 3190
263 263 347 306 120
737 278 779 314 Q.
812 276 1023 307 uom'rlr
1058 276 1231 308 rnAcci

436 369 673 411 Romulum
696 376 800 423 post
819 371 903 412 bos
924 372 1063 425 prius,
1086 385 1144 413 an
1171 372 1369 426 quietum

434 435 630 489 Pompili
650 449 825 489 regnum
845 450 1095 488 memorem,
1115 451 1174 479 an
1194 439 1405 492 superbos

434 501 650 556 Tarquini
669 503 828 554 fasces,
848 504 1022 556 dubito,
1043 518 1098 546 an
1118 505 1301 547 Catonis

779 570 945 612 Nobile
965 571 1113 612 letum.

434 635 670 689 Regulum,
691 641 736 678 et
754 637 966 687 Scauros,
988 638 1239 691 animaeque
1259 650 1428 691 magnae

260 758 339 781 sere.
388 750 465 782 Post
485 752 563 783 istos
577 761 664 792 quem
688 753 880 791 potissimum
894 754 1027 792 referam
1049 753 1194 794 ambig0‚·
1219 754 1435 790 Romulumne,
1456 763 1497 785 au
1511 732 1714 793 tranquillam

263 791 379 823 Numae
402 793 582 833 Imperium,
609 804 651 826 an
677 796 846 836 Tarquinii
866 805 997 835 regnum
1023 799 1142 836 potens,
1165 805 1207 827 an
1229 800 1357 827 mortem
1383 796 1513 827 Catonis
1531 795 1713 834 gloriosam.

265 833 356 866 Certe
371 835 527 875 Regulum
550 840 582 868 et
610 837 760 879 Scauros,
778 841 810 869 et
830 839 963 870 Paulum
983 848 1145 878 generosa
1169 838 1434 885 vitet-liberalem,
1447 838 1562 870 victore
1581 837 1714 869 Cartha-

869 930 1106 943 ‘OMOOMO‘

262 981 309 1012 D.
323 985 359 1012 et
378 981 420 1012 N.
442 981 561 1012 Heius.
576 982 692 1014 Bentl.
718 983 767 1014 Di
781 983 826 1015 sie
840 985 960 1015 soluere
975 984 1227 1016 Laurentianus
1241 985 1338 1016 Torr.
1353 984 1480 1016 Sanad.
1494 986 1574 1025 quod
1592 985 1640 1016 Di
1661 993 1714 1016 vo·

261 1024 356 1058 luere,
372 1023 455 1053 item
465 1033 535 1054 cum
546 1024 591 1054 sic
606 1025 738 1062 voluere,
754 1025 827 1056 alii:
850 1027 930 1066 quod
939 1026 969 1056 si
980 1027 1102 1058 voluere
1115 1027 1241 1059 Venet.
1257 1029 1353 1059 1477.
1370 1029 1466 1058 1478.
1478 1029 1575 1058 1479.
1587 1035 1656 1067 qtae
1669 1026 1716 1057 sic

261 1065 382 1095 voluere
397 1065 514 1096 Bentl.
530 1068 561 1096 8.
583 1067 662 1105 quod
672 1067 718 1097 sic
733 1067 782 1097 Di
795 1067 919 1098 voluere
932 1068 1075 1099 Locher.
1089 1069 1135 1099 sic
1153 1068 1175 1099 Ι
1194 1068 1275 1109 (pro
1297 1069 1338 1109 ii)
1361 1070 1486 1100 voluere
1499 1068 1587 1100 Cim.
1608 1068 1655 1099 eie
1680 1067 1715 1100 hi

261 1107 383 1138 voluere
398 1107 452 1137 vel
466 1107 494 1137 si
509 1107 555 1138 sic
569 1109 694 1140 voluere
707 1108 798 1150 conj.
814 1109 921 1140 With.
936 1110 1000 1141 vim
1013 1110 1042 1141 si
1058 1111 1141 1142 velut
1155 1111 1204 1141 ira
1215 1114 1323 1151 ponat,
1338 1111 1404 1142 alia
1417 1110 1508 1151 conj.
1522 1109 1628 1142 With.
1642 1119 1716 1141 nan

260 1148 306 1179 nic
319 1149 442 1180 voluere
457 1149 570 1181 Pulm.
588 1152 620 1182 3.
645 1155 798 1182 vetustus
822 1152 942 1182 Lamb.
959 1152 1098 1183 Gembl.
1121 1153 1221 1185 Fran.
1236 1153 1378 1184 Mitscb.
1393 1152 1484 1194 quod
1508 1150 1652 1194 prefert
1673 1150 1719 1183 Iu

262 1191 329 1221 Bos
346 1191 461 1222 Anim.
477 1191 511 1222 in
533 1192 617 1223 Hor.
632 1202 665 1232 p.
680 1195 733 1224 3ο.
753 1193 764 1210 ⁴
780 1194 826 1225 Et
852 1203 936 1226 sane
960 1204 1037 1226 cum
1067 1194 1213 1226 Horatio
1237 1195 1272 1226 in
1300 1194 1426 1228 talibus
1453 1193 1716 1235 parenthesibus

259 1232 419 1264 usitatius
435 1236 488 1264 est
501 1243 584 1274 nam,
599 1239 637 1265 ut
654 1243 710 1265 ιιι.
727 1235 796 1266 od.
814 1237 865 1266 11.
883 1239 914 1267 l.
929 1241 965 1267 et
980 1239 1033 1268 30.
1059 1241 1128 1268 tum
1147 1238 1253 1278 lyrico
1270 1237 1418 1268 sermoni
1433 1242 1470 1268 et
1485 1236 1518 1267 vi
1532 1236 1631 1277 liujus
1647 1236 1715 1267 loci

263 1276 378 1314 aptius
395 1275 550 1307 videtur:
573 1277 749 1308 dant—32
777 1278 868 1309 Unda
889 1279 1024 1310 recurrit
1045 1279 1278 1320 Franeq.—84
1305 1279 1453 1320 Pompilii
1477 1278 1574 1310 Harl.
1589 1281 1619 1309 l.
1634 1280 1667 1310 2.
1681 1281 1714 1311 ὃ,

261 1319 346 1348 -35
368 1318 576 1356 Juniisasces
589 1328 633 1349 ex
649 1319 851 1360 conjectura
866 1320 1090 1362 Cuninghami
1108 1322 1242 1361 recepit
1257 1322 1380 1352 Sanad.
1429 1321 1593 1361 Tarquinii
1614 1320 1714 1351 Harl.

262 1361 292 1388 l.
308 1362 340 1389 5.
386 1359 482 1391 Idem
506 1361 630 1392 Sanad.
659 1370 719 1400 pro
744 1362 850 1393 dubito
875 1372 916 1393 an
942 1363 1077 1394 emend.
1103 1364 1193 1403 prius
1219 1373 1270 1394 an.
1317 1363 1494 1394 Bentleius
1519 1362 1612 1402 conj.
1635 1371 1716 1393 anne

265 1400 371 1441 Curti,
397 1411 460 1443 pro
482 1411 525 1433 an
545 1403 688 1443 Catonis,
713 1408 762 1444 et,
787 1403 876 1445 qnod
898 1405 955 1436 ille
972 1414 1074 1436 aursus
1090 1415 1158 1436 non
1174 1409 1240 1444 est,
1264 1405 1398 1446 recepit
1417 1404 1568 1436 Schmid.
1588 1405 1622 1436 in
1646 1402 1714 1436 Ed.

917 1468 948 1500 N
953 1468 1055 1500 OTAE

262 1525 475 1568 naufragium
493 1527 700 1561 minitantia.
742 1531 878 1571 Legunt
894 1531 962 1570 alii,

262 1577 323 1610 Dii
336 1577 471 1618 voluere,
484 1588 607 1620 nempe
625 1579 751 1611 Castor
765 1585 801 1611 et
816 1580 959 1612 Pollux:

261 1627 383 1668 quibus
407 1638 485 1659 cum
509 1629 651 1669 placuit,
674 1629 764 1660 redit
784 1630 962 1671 serenitas,

262 1682 298 1708 et
315 1678 418 1709 maris
433 1679 578 1719 agitatio
595 1679 698 1719 plane
713 1685 837 1712 cessat.

304 1730 346 1765 33
370 1728 538 1761 Romulum
560 1732 633 1770 post
657 1729 726 1769 hos]
755 1730 843 1762 Post
866 1731 962 1763 Deos

262 1786 302 1807 ac
324 1777 515 1819 Semideos,
534 1779 649 1811 Romae
667 1779 877 1821 Romanique
893 1780 962 1812 Im-

261 1827 345 1866 perii
371 1828 583 1860 conditorem
610 1829 763 1870 inprimis
787 1829 962 1862 celebrare

262 1880 316 1907 est
331 1886 479 1917 aequum.

308 1925 458 1961 Quietum
478 1926 614 1966 Pompili
637 1928 784 1968 regnum]
816 1929 963 1961 Numam

261 1974 386 2006 deiude
405 1975 522 2006 laudat
536 1976 721 2007 secundum
733 1978 962 2010 Romanorum

262 2024 409 2064 Regem,
422 2023 479 2065 qui
495 2024 723 2065 mitigandum
738 2025 887 2058 ferocem
905 2019 965 2067 po-

262 2073 379 2115 pulum
407 2082 577 2104 armorum
604 2073 834 2106 desuetudine
858 2080 964 2114 ratus,

261 2121 341 2157 Jaui
356 2121 517 2162 templum
531 2122 665 2161 clausit,
677 2132 868 2165 novamque
882 2124 964 2154 civi-

262 2175 383 2212 tatem,
402 2171 433 2203 vi
448 2175 484 2202 et
494 2171 596 2203 armis
609 2171 795 2213 conditam,
814 2172 908 2214 jure,
923 2182 963 2204 ae

261 2219 406 2262 legibus,
424 2220 636 2262 moribusque
659 2221 701 2252 de
725 2221 859 2262 integro
882 2231 962 2253 con-

263 2271 346 2305 dere
373 2281 565 2313 aggressus,
586 2271 700 2312 quieta
726 2271 811 2304 fecit
837 2273 961 2314 omnia,

263 2324 300 2353 et.
314 2321 573 2362 Rempublicam
587 2321 748 2362 religione
753 2321 962 2364 justitiaque

263 2370 422 2403 firmavit.
448 2371 522 2402 Liv.
537 2379 561 2401 ι.
575 2373 627 2402 18.
642 2374 679 2402 et
693 2380 764 2413 seq.
780 2371 871 2404 Flor.
884 2373 947 2404 διο.

307 2423 350 2452 34
372 2420 527 2462 Superbos
552 2418 704 2462 Tarquini
719 2420 843 2462 fasces]
880 2420 961 2454 Am-

263 2470 420 2502 bitiosam
431 2469 694 2501 dominationem
705 2470 883 2514 Tarquinii
894 2481 962 2504 non

264 2519 427 2560 Superbi,
458 2519 502 2561 (is
534 2519 624 2552 enim
660 2519 820 2562 indignus
855 2520 962 2562 Hym-

264 2577 310 2599 no
336 2567 532 2610 celebrari,)
558 2568 619 2601 sed
644 2568 767 2610 Prisci,
789 2569 847 2611 qui
873 2569 963 2602 bello

263 2622 421 2649 strenuus
441 2618 627 2659 Imperium
642 2618 833 2652 Romanum
850 2619 963 2652 devic-

265 2666 311 2698 tis
326 2665 476 2698 finitimis
501 2668 634 2708 populis
647 2669 764 2709 auxit;
789 2669 898 2710 circo,
912 2670 963 2701 lu-

266 2715 332 2755 dis,
344 2713 501 2755 fascibus,
515 2717 658 2759 aliisque
670 2718 855 2759 insignibus
867 2719 965 2753 deco-

266 2766 368 2799 ravit.
391 2765 482 2798 Flor.
496 2775 522 2798 1.
538 2770 569 2801 5.
592 2767 667 2802 Liv.
682 2777 707 2802 1.
722 2771 776 2803 35.
795 2769 806 2788 ‘
822 2769 962 2814 Tarqui-

1017 1531 1109 1563 nium
1131 1531 1300 1571 Priscum,
1331 1531 1439 1562 virum
1468 1534 1587 1562 cetera
1616 1539 1715 1570 egre-

1019 1582 1124 1623 gium,
1138 1586 1271 1619 secuta,
1290 1591 1391 1623 quam
1403 1581 1436 1612 in
1449 1579 1600 1622 petendo
1609 1579 1716 1611 habu-

1016 1636 1106 1672 erat,
1134 1632 1237 1666 etiam
1260 1636 1458 1672 regnantem
1473 1629 1614 1662 ambitio
1636 1628 1715 1661 est.’

1016 1682 1166 1715 Quidam
1182 1691 1249 1713 non
1272 1681 1421 1713 absurde
1437 1680 1635 1720 intelligunt
1653 1678 1716 1711 Ju-

1016 1731 1110 1764 uium
1129 1732 1290 1772 Brutum,
1311 1730 1369 1772 qui
1392 1729 1505 1763 fasces
1523 1728 1717 1770 Tarquiniis

1017 1781 1123 1821 pulsis
1144 1784 1281 1821 ereptos
1300 1779 1480 1821 splendide
1502 1778 1652 1819 gestavit
1676 1787 1716 1810 ac

1016 1830 1139 1862 tenuit.
1171 1829 1270 1871 Virg.
1284 1829 1418 1861 AEneid.
1433 1837 1483 1860 vt.
1499 1830 1573 1860 817.
1584 1827 1664 1860 ‘Vis
1679 1831 1718 1860 et

1014 1879 1216 1922 Tarquinios
1231 1880 1356 1919 Reges,
1367 1878 1578 1918 animamque
1596 1886 1715 1919 super·

1018 1930 1092 1962 bam
1110 1930 1240 1962 Ultoris
1257 1929 1372 1970 Bruti,
1396 1927 1575 1970 fascesque
1598 1927 1716 1960 videre

1016 1983 1174 2019 receptos
1188 1978 1217 2009 ?'

1060 2030 1101 2058 35
1134 2027 1265 2058 Catonis
1292 2026 1407 2058 Nobile
1435 2025 1546 2065 letum]
1588 2026 1644 2058 De
1674 2035 1717 2058 eo

1018 2075 1135 2106 Caesar
1151 2075 1277 2106 dixisse
1289 2074 1417 2106 fertur:
1435 2075 1444 2092 ‘
1456 2074 1602 2106 Invideo
1615 2075 1718 2107 morti

1018 2127 1101 2163 tuae,
1117 2124 1227 2163 Cato3
1249 2133 1325 2155 nam
1338 2127 1374 2154 et
1390 2127 1427 2154 tu
1439 2122 1553 2163 gloriae
1569 2132 1654 2154 meae
1671 2123 1719 2155 in·

1017 2172 1158 2204 vidisti-³
1196 2172 1364 2205 Nimirum
1381 2172 1438 2203 ille
1451 2171 1493 2202 ad
1509 2171 1644 2204 Uticam
1657 2171 1717 2203 ob-

1016 2231 1143 2262 sessus,
1158 2222 1382 2262 Pompeianas
1406 2226 1523 2262 partes
1545 2220 1717 2262 aspiciens

1017 2271 1279 2312 victas‚propria
1288 2280 1387 2302 manu
1401 2280 1436 2302 se
1450 2270 1609 2312 peremit,
1623 2275 1717 2311 post-

1016 2331 1116 2363 quam
1134 2321 1183 2352 bis
1198 2319 1338 2361 legisset
1357 2320 1512 2353 Platonis
1533 2319 1656 2361 librum
1671 2318 1716 2353 de

1017 2370 1139 2411 anima,
1163 2370 1338 2411 inquiunt:
1363 2379 1416 2409 ac,
1438 2371 1448 2387 ‘
1464 2379 1506 2400 ne
1521 2370 1716 2410 Tyrannum

1016 2420 1172 2456 videret:
1187 2425 1225 2451 ut
1241 2422 1290 2451 ait
1305 2419 1429 2451 Cicero
1445 2417 1547 2451 Offic.
1564 2428 1589 2450 1.
1623 2417 1715 2449 Vide

1016 2470 1168 2511 Appian.
1180 2470 1356 2501 Plutarch.
1371 2469 1475 2500 Dion·
1486 2471 1551 2500 διο.
1577 2467 1613 2502 S.
1628 2467 1718 2509 Aug,

1016 2521 1059 2551 de
1085 2519 1159 2551 Civ.
1182 2527 1261 2550 xix.
1285 2520 1317 2549 3.
1342 2521 1487 2549 mortem
1511 2516 1650 2548 Catonis
1665 2516 1715 2548 iu-

1015 2568 1149 2609 dignam
1166 2567 1266 2599 laude
1281 2567 1416 2603 asserit,
1428 2571 1466 2597 ut
1481 2565 1538 2607 qui
1549 2566 1716 2598 Caesaria-

1015 2628 1067 2651 nae
1083 2618 1124 2649 de
1139 2616 1306 2658 Pompeio
1325 2615 1479 2647 victoriae
1501 2614 1718 2656 impatientia

1016 2668 1182 2701 violentas
1197 2666 1262 2698 sibi
1279 2675 1394 2697 manus
1410 2663 1577 2696 intulerit.

1057 2721 1099 2750 37
1123 2715 1296 2758 Regulum]
1322 2715 1436 2756 Hujus
1451 2714 1591 2756 egregia
1605 2713 1714 2747 virtus

1016 2772 1137 2811 postea
1151 2766 1224 2803 fuse
1235 2765 1405 2808 laudatur,
1417 2773 1475 2803 ιιι.
1489 2763 1558 2801 od.
1568 2767 1603 2803 6,.
1625 2763 1719 2803 Vide
