1916 3190
228 231 286 271 94
706 243 749 280 Q.
781 242 994 273 noRA‘rn
1029 243 1203 274 rcAccl

345 335 554 390 Undique
573 335 826 390 decerptam
842 336 977 377 fronti
997 350 1257 391 praeponere
1277 339 1463 381 olivam:
1496 359 1502 367 =

402 403 624 444 Plurimus
645 403 687 443 in
706 402 735 443 J
739 403 898 443 unonis
918 403 1129 444 honorem

343 468 515 524 Aptum
537 470 655 511 dicet
676 471 805 523 equis
826 470 987 522 Argos,
1007 470 1214 525 ditesque
1235 470 1463 526 Mycenas.

402 536 479 578 Me
497 550 577 579 nec
597 541 685 579 tam
707 538 884 591 patiens
905 537 1216 587 Lacedaemon,
1625 539 1681 581 10

231 656 318 687 tineo
343 657 502 688 civitatem
528 656 683 688 Minerva·
707 659 813 693 castoe,
841 666 879 687 uc
897 656 1047 696 proeferre
1072 639 1184 687 olivaria
1201 656 1293 695 soliis
1313 658 1513 698 undequaque
1534 657 1682 689 collectis.

232 697 380 739 Plerique
393 699 427 730 in
440 699 584 730 honorem
597 698 732 730 Junonis
753 699 964 729 commendant
983 701 1088 737 Argos
1101 699 1188 739 equis
1201 700 1376 731 nutriendis
1389 701 1541 739 idoneum,
1555 710 1592 731 ac
1607 700 1682 740 My-

231 749 322 771 cenas
335 741 460 773 divites.
506 741 562 772 Me
575 751 630 772 nec
642 740 760 781 Sparta
772 741 906 772 illustris
920 741 957 772 ob
969 740 1166 782 potientium,
1176 751 1232 772 nec
1245 751 1323 781 ager
1336 742 1475 773 Larissa·
1480 742 1604 780 fertilis
1617 745 1682 773 tum

837 835 1075 848 ”omne-9

231 889 421 920 Sanad.—⁷
450 890 593 930 Undique
621 891 772 931 decerptoe
788 891 903 928 frondi
934 901 977 923 ex
1006 891 1207 932 conjectura
1241 892 1375 922 Erasini
1401 890 1520 923 Lamb.
1546 891 1682 923 Mal-cil.

233 931 356 963 Heius.
377 932 497 972 steph.
512 933 641 964 Dacer.
667 933 802 964 Talbot.
831 934 956 973 Delpb.
973 934 1073 972 Pine,
1089 938 1126 964 et
1141 935 1184 964 al.
1234 933 1377 974 Undique
1397 934 1684 973 decerptumfronti

232 973 487 1013 Harl-septem,
503 974 626 1005 Bland.
643 979 802 1014 quatuor,
815 975 920 1006 Mart.
935 976 1030 1006 Carr.
1050 976 1131 1008 Exc.
1155 976 1236 1006 Sax.
1264 985 1380 1006 omnes
1406 977 1520 1007 Bentl.
1544 980 1581 1007 et
1601 976 1686 1006 Tor-

232 1020 320 1046 rent.
335 1015 453 1047 Zarot.
473 1017 564 1047 Flor.
591 1022 627 1047 et
651 1016 791 1047 Venett.
813 1026 889 1048 cnm
917 1017 997 1047 edel.
1021 1017 1138 1048 Bentl.
1162 1017 1286 1048 Sanad.
1312 1017 1416 1049 Baxt.
1439 1017 1519 1050 Jan.
1543 1017 1684 1057 Bipout.

232 1057 367 1088 Wakef.
383 1058 529 1089 Wetzel.
552 1062 587 1088 et
611 1058 729 1089 Comb.
774 1058 864 1089 Vide
891 1059 1021 1098 Syllog.
1051 1059 1159 1098 Epist.
1184 1065 1263 1090 tom.
1279 1068 1319 1090 11.
1344 1068 1378 1099 p.
1390 1062 1466 1090 554.
1515 1058 1685 1090 Schrader

232 1099 375 1131 Emend.
394 1109 429 1139 p.
446 1102 500 1131 76.
517 1099 606 1138 conj.
634 1100 782 1132 Carmine
805 1105 951 1140 perpetuo
968 1100 1134 1136 celebrare,
1161 1100 1297 1141 Indeque
1311 1102 1498 1141 decemtani,
1518 1102 1571 1141 dfe.
1594 1101 1685 1142 qnod

234 1142 366 1182 recepit
394 1142 499 1174 Kidd.
544 1142 596 1173 cf.
623 1143 723 1174 Lucr.
751 1151 776 1173 ι.
802 1145 878 1174 927.
921 1143 1003 1174 Vid.
1030 1143 1204 1175 Drakenb.
1230 1142 1272 1174 ad
1298 1144 1524 1175 Liv.xxxrx.
1540 1145 1594 1174 3³.
1618 1144 1685 1184 ξε.

233 1184 366 1216 Atthide
379 1186 553 1225 decerptam
567 1185 657 1227 conj.
673 1185 847 1216 With—9
869 1185 989 1217 Codex
1015 1185 1265 1217 Laurentianus
1281 1186 1454 1217 Torrentii
1467 1187 1573 1226 ducet,
1593 1185 1684 1228 qnod

891 1270 1032 1302 NOTAE

233 1342 293 1364 nas
308 1339 345 1365 et
361 1333 483 1364 olivam
495 1333 631 1365 Palladi
645 1343 770 1374 sacras,
782 1335 933 1376 nihilque

233 1387 359 1414 norunt
383 1383 534 1414 scribere
557 1388 684 1424 praeter
715 1385 869 1425 Neptuni
893 1395 933 1416 ac

234 1433 404 1464 Minervae
421 1437 594 1464 certamen
611 1433 655 1465 de
675 1434 810 1465 nomine
824 1435 931 1465 Athe-

232 1481 286 1513 nis
317 1482 535 1523 imponendo,
571 1482 736 1525 hujusque
768 1484 802 1515 in
837 1484 932 1516 illum

232 1528 411 1564 victoriam
422 1544 431 1572 3
444 1542 532 1571 cum,
544 1533 709 1573 Neptuno
721 1543 844 1574 equum
855 1543 933 1574 pro-

233 1581 383 1623 ferente,
396 1583 514 1614 Pallas
537 1584 661 1619 oleam,
676 1593 751 1624 quae
768 1587 934 1623 praestan-

233 1634 301 1665 tior
316 1633 388 1664 visa
402 1638 438 1665 et
448 1633 603 1674 judicata
621 1638 687 1673 est,
702 1633 933 1674 produxisset.

276 1683 422 1715 Palladis
450 1683 571 1723 urbem]
621 1682 767 1714 Athenae
796 1683 933 1724 quidem

233 1733 341 1764 omnis
357 1732 523 1764 doctrinae
540 1737 723 1773 parentes;
744 1732 860 1763 Pallas
876 1742 933 1764 au-

234 1787 303 1813 tem
334 1792 393 1814 seu
422 1783 581 1814 Minerva
605 1782 758 1814 scientiis
785 1790 934 1822 praeesse

234 1833 467 1874 cognoscitur:
492 1842 560 1864 non
576 1842 658 1874 ergo
673 1833 793 1864 mirum
809 1832 836 1863 si
852 1833 934 1864 urbs

234 1884 301 1914 ista
331 1884 420 1914 illius
452 1884 558 1914 veluti
593 1884 731 1924 propria
761 1890 934 1914 censetur.

235 1931 336 1963 Quod
361 1932 388 1962 si
411 1931 556 1962 fabulari
574 1931 688 1970 juvat,
704 1930 782 1962 vide
797 1930 936 1971 Apollo·

236 1979 311 2011 dor.
324 1980 384 2010 lib.
401 1988 457 2011 ιιι.
473 1980 603 2019 Hygia.
619 1981 684 2010 ὅτε.
830 1990 834 1993 ·

278 2032 299 2060 6
323 2029 470 2060 Carmine
483 2027 647 2068 perpetuo]
676 2027 851 2067 Cyclicum
864 2037 936 2058 car-

236 2088 315 2113 men
341 2081 443 2112 docte
465 2079 628 2111 Heinsius
650 2078 822 2118 intelligit,
846 2077 936 2118 quod

237 2136 408 2172 perpetua
429 2130 519 2161 serie
545 2129 794 2168 complectatur
819 2127 934 2158 laudes

237 2180 462 2219 Athenarum,
491 2181 556 2210 &c.
609 2179 666 2209 De
693 2187 736 2209 eo
764 2178 872 2208 dicam
898 2177 932 2208 in

239 2224 350 2272 Epist.
369 2230 411 2261 ad
428 2229 546 2262 Pison.
569 2239 618 2261 vs.
635 2231 708 2260 136.
728 2227 786 2259 ubi
802 2232 811 2246 ⁸
828 2227 932 2268 scrip-

238 2285 292 2312 tor
304 2279 475 2320 cyclicus!

280 2333 300 2361 ’1
321 2329 465 2369 Undique
475 2330 649 2369 decerptam
653 2327 760 2366 fronti
770 2326 935 2367 [decerptae

231 2379 356 2420 frondi,
379 2379 448 2420 Esou]
477 2379 527 2411 Ut
549 2387 621 2419 prae
646 2376 769 2409 ceteris
795 2376 934 2408 urbibus

240 2430 408 2469 Athenas,
423 2429 472 2461 sic
488 2435 526 2460 et
545 2428 666 2460 olivam
690 2437 761 2469 prae
781 2427 936 2459 omnibus

240 2481 418 2513 arboribus
446 2478 590 2520 efferre.
637 2478 777 2510 Scilicet
805 2488 846 2510 ea
872 2481 936 2518 eat,

241 2540 341 2571 quam
356 2530 444 2561 Tull.
460 2530 503 2561 de
517 2530 600 2570 Leg.
613 2537 638 2560 ι.
657 2528 732 2560 init.
747 2528 875 2568 laudat,
889 2528 939 2559 ita

240 2580 411 2612 scribens:
450 2583 459 2598 ‘
476 2580 611 2612 Nullius
636 2583 748 2612 autem
778 2578 937 2619 agricolae

242 2630 336 2661 cultu
354 2630 457 2670 stirps
470 2630 723 2673 tamdiuturna,
735 2637 836 2670 quam
850 2627 938 2660 Poe-

243 2684 288 2711 tae
308 2688 407 2710 versu
431 2673 588 2710 seminari
603 2678 745 2721 potest!
783 2679 836 2710 Ex
852 2682 936 2710 vett.

244 2728 343 2760 codd.
372 2729 521 2760 nonnulli
549 2730 604 2761 bic
637 2731 768 2771 legunt,
795 2729 937 2769 Undique

241 2780 415 2819 decerptam
420 2778 526 2816 fronti
539 2788 715 2820 praeponere
727 2779 840 2822 olivam
849 2789 863 2816 ;
885 2778 934 2810 in-

986 1335 1215 1377 telliguntque
1232 1335 1371 1367 tonsiles
1394 1343 1549 1374 coronas,
1570 1334 1605 1365 id
1632 1338 1687 1366 est

986 1385 1115 1416 circum
1139 1386 1231 1416 circa
1249 1385 1425 1424 detonsas,
1441 1389 1480 1415 ut
1503 1385 1572 1415 sint
1592 1382 1685 1416 foliis

985 1433 1199 1466 brevioribus
1219 1438 1322 1475 atque
1344 1432 1592 1471 ornatioribus;
1617 1442 1685 1474 quo

986 1484 1122 1515 videtur
1140 1484 1312 1524 pertinere
1334 1482 1424 1524 quod
1447 1482 1496 1513 ait
1518 1482 1645 1513 Noster
1660 1491 1687 1513 ι.

986 1534 1098 1574 Epist.
1114 1536 1166 1566 19.
1182 1534 1191 1550 ‘
1209 1533 1258 1565 At
1274 1542 1317 1563 ne
1333 1542 1387 1563 me
1402 1531 1493 1563 foliis
1516 1531 1594 1563 ideo
1611 1533 1686 1563 bre-

986 1583 1136 1614 vioribus
1151 1582 1277 1614 ornes.'
1320 1582 1391 1614 Alii
1409 1581 1606 1622 explicant:
1633 1581 1686 1612 Ex

987 1635 1077 1665 omni
1093 1635 1166 1665 loco
1182 1640 1218 1665 et
1233 1634 1376 1665 materia
1398 1632 1577 1672 colligere,
1596 1631 1686 1673 quod

987 1683 1021 1714 in
1048 1683 1198 1715 Palladis
1224 1683 1502 1723 Athenarumqne
1523 1685 1558 1712 et
1574 1681 1688 1718 olivae,

988 1742 1063 1774 qua!
1079 1733 1122 1764 ad
1136 1732 1314 1764 Palladem
1331 1731 1506 1772 praecipuo
1512 1731 1594 1771 jure
1610 1739 1686 1771 per-

988 1783 1112 1823 tinent,
1123 1783 1241 1814 laudes
1253 1785 1485 1814 convertatur.
1530 1780 1688 1821 Denique

978 1833 1087 1871 fronti
1111 1842 1292 1874 praeponere
1318 1832 1432 1863 olivam
1455 1830 1688 1871 interpretan-

990 1889 1046 1915 tur
1062 1893 1106 1915 ex
1121 1884 1210 1915 oliva
1225 1883 1291 1914 sibi
1306 1890 1463 1913 coronam
1483 1885 1617 1920 texere,
1631 1889 1688 1911 ea-

989 1943 1056 1974 que
1071 1933 1219 1965 frontem
1242 1926 1422 1964 exornare.
1466 1930 1596 1962 Verum
1614 1930 1690 1972 pri·

988 1991 1044 2012 ma
1068 1983 1171 2012 lectio
1195 1986 1300 2022 atque
1322 1978 1563 2020 interpretatio
1581 1978 1690 2020 magis

989 2030 1132 2069 arridet,
1147 2039 1287 2069 eamque
1309 2029 1405 2069 sequi
1428 2027 1598 2059 doctiores
1613 2027 1689 2068 jain

990 2087 1183 2109 assuevere.

1029 2130 1050 2158 8
1069 2126 1230 2157 Plurimus
1245 2126 1280 2156 in
1293 2125 1430 2156 Junonis
1444 2125 1602 2166 honorem,
1616 2125 1687 2165 ξω]

987 2177 1150 2217 Plerique
1161 2181 1275 2207 amant
1287 2175 1462 2206 celebrare
1472 2175 1581 2216 Argos
1590 2176 1688 2218 equis

986 2227 1176 2259 nutriendis
1187 2233 1317 2267 aptum,
1326 2226 1369 2257 ob
1381 2225 1461 2257 laeta
1472 2235 1601 2266 pascua
1610 2226 1689 2257 urbi

988 2277 1228 2317 circumjecta:
1245 2277 1300 2308 vel
1313 2277 1477 2317 Mycenas
1492 2285 1573 2307 auro
1588 2280 1623 2307 et
1637 2276 1688 2307 di-

989 2326 1078 2357 vitiis
1107 2326 1270 2367 insignes,
1297 2325 1562 2366 Agamemnonis
1592 2326 1689 2366 regni

988 2375 1104 2407 sedem
1117 2375 1292 2416 inclytam.
1313 2375 1401 2406 Vide
1412 2375 1526 2406 Str-ab.
1538 2376 1596 2407 lib.
1606 2384 1687 2408 vm.

989 2426 1171 2466 Sophocles
1183 2426 1217 2456 in
1232 2426 1381 2464 Electra,
1392 2424 1609 2466 πολυχρύσους
1621 2429 1686 2456 Μυ-

992 2474 1085 2513 κήνας
1098 2481 1207 2507 vocat.
1231 2475 1269 2506 In
1280 2475 1415 2507 ,lunonis
1426 2475 1584 2515 honorem]
1598 2476 1687 2508 Quia

991 2526 1024 2557 in
1042 2531 1184 2567 utraque
1205 2526 1288 2557 urbe
1310 2526 1376 2557 ista
1397 2526 1489 2558 Juno
1512 2526 1686 2567 praecipue

992 2575 1180 2608 colebatur.

1035 2628 1074 2657 10
1097 2625 1153 2656 Me
1174 2635 1228 2656 nec
1243 2629 1307 2656 tam
1325 2625 1450 2665 patiens
1473 2624 1684 2666 Lacedoenwn,

989 2675 1058 2717 ἐγὼ]
1080 2676 1138 2707 Me
1165 2675 1344 2707 Horatium
1371 2684 1434 2707 nec
1460 2674 1686 2707 Lacedaemon

989 2737 1051 2759 nec
1068 2727 1199 2759 Larissa
1214 2737 1311 2769 aeque
1326 2732 1441 2760 movet
1457 2733 1493 2759 et
1514 2726 1631 2764 afficit,
1646 2731 1701 2760 ut-

988 2777 1104 2810 domus
1118 2776 1294 2817 Albuneae‚
1310 2779 1375 2810 &c.
