1916 3190
269 225 355 267 406

746 238 790 276 Q.
823 237 1035 269 HoRA'ru
1070 239 1246 271 FLAcm

497 332 726 386 Regnare:
758 345 955 387 praesens
978 333 1126 375 Divus
1145 333 1380 376 habebitur

554 398 800 452 Augustus,
821 399 1013 459 adjectis
1033 401 1261 442 Britannis

613 467 824 520 Imperio,
844 469 1143 522 gravibusque
1165 468 1328 510 Persis.
1390 525 1395 527 Π

270 592 442 625 censebitur
457 603 580 635 numen,
599 594 717 625 additis
741 595 875 635 Imperio
895 596 1035 627 Romano
1052 596 1220 627 Britannis
1242 599 1273 628 et
1299 596 1407 628 Persis
1421 596 1620 628 terribilibus.
1664 595 1727 627 Er-

926 692 1066 723 NOTAE

311 763 464 794 Mettum
482 769 534 795 est
549 763 638 795 idem
651 763 743 805 quod
759 774 785 796 1.
802 764 870 796 Od.
887 767 920 796 9.

313 816 329 844 l
357 814 440 844 Coelo
455 817 624 854 tonantem,
646 814 716 855 qm]
740 815 887 847 Quando
914 824 971 855 po-

271 863 410 894 tentiam
425 873 518 894 suam
540 863 680 904 Jupiter
694 863 848 895 ostendit
863 862 971 902 fulgo-

268 912 360 944 ribus
390 923 430 945 ac
460 913 634 954 tonitruis,
663 919 735 945 tum
765 913 971 945 credidimus

269 963 395 994 eumin
417 964 503 995 coelo
522 973 688 1004 regnare:
713 963 762 995 sic
778 963 972 1004 Augustum

267 1012 452 1052 degentem
470 1013 504 1043 in
529 1013 614 1044 vivis
638 1023 678 1044 ac
702 1013 799 1044 nobis
823 1022 972 1053 praesen-

269 1067 338 1093 tem
357 1073 455 1094 nemo
469 1062 639 1094 dubitabit
656 1064 747 1094 inter
768 1063 906 1094 numina
919 1072 973 1094 re-

269 1123 410 1145 censere
427 1120 460 1144 el
485 1114 612 1153 colere,
627 1114 685 1156 qui
711 1113 864 1145 facinora
881 1114 972 1155 plus-

267 1173 367 1204 quam
390 1163 546 1194 humanae
571 1163 705 1195 virtutis
728 1163 896 1203 ediderit;
919 1173 971 1196 re-

268 1222 393 1254 parans
416 1214 558 1255 gloriam
581 1214 725 1246 nominis
749 1215 892 1247 Romani
911 1224 973 1256 per

269 1265 430 1296 Crassum
443 1265 585 1307 ejusque
608 1265 733 1296 milites
756 1265 972 1297 obscuratam

270 1318 306 1344 et
322 1313 515 1346 infractam.
554 1315 662 1346 Pon-o
687 1324 769 1356 quas
794 1319 915 1355 gentes
938 1319 974 1345 et

270 1367 354 1402 quot
371 1362 548 1403 Augustus
573 1364 763 1404 subegerit,
781 1364 859 1396 vide
882 1364 973 1404 apud

268 1413 410 1444 Sueton.
438 1413 528 1444 Flor.
555 1413 612 1445 lib.
641 1414 703 1445 ult.
728 1414 825 1445 Sext.
856 1413 973 1444 Aurel-

271 1463 402 1494 Victor.
419 1462 522 1495 Oros.
540 1463 598 1495 lib.
618 1472 666 1495 v1.
680 1465 744 1495 ὅτε.

317 1512 486 1544 Tonantem
492 1513 681 1544 credidimus
690 1514 803 1545 Jovem
810 1512 975 1554 Regnare]

271 1562 346 1594 Cic.
360 1562 402 1593 de
418 1563 501 1594 Nat.
518 1563 628 1594 Deor.
644 1571 685 1596 11.
722 1564 732 1580 ‘
752 1563 874 1594 Nonne
899 1572 976 1603 per-

271 1611 426 1652 spicuum
454 1618 508 1643 est
541 1621 585 1643 ex
617 1613 726 1653 prima
751 1612 975 1644 admiratione

269 1661 457 1702 hominum,
489 1662 580 1703 quod
612 1661 762 1693 tonitrua
791 1662 976 1703 jactusque

271 1710 449 1744 fulminum
466 1712 716 1752 extimuissent,
731 1712 917 1744 credidisse
934 1722 976 1744 ea

272 1760 410 1793 efficere
425 1772 538 1793 rerum
557 1762 707 1794 omnium
722 1767 975 1803 praepotentem

271 1812 436 1844 Jovem?'
465 1812 607 1844 Sueton.
637 1812 764 1844 Octav.
794 1815 850 1844 99.
887 1812 976 1844 ‘To-

273 1863 369 1894 nanti
390 1861 471 1895 Jovi
493 1863 603 1894 aedem
621 1864 834 1895 consecravit
851 1863 975 1894 libera-

271 1918 327 1943 tus
353 1913 521 1953 periculo,
543 1923 618 1945 cum
643 1913 865 1954 expeditione
888 1914 977 1945 Cau-

274 1963 407 1994 tabrica
419 1973 482 2004 per
498 1969 700 1995 nocturnum
729 1964 796 1995 iter
817 1964 974 1995 lecticam

272 2012 348 2052 ejus
363 2012 476 2054 fulgor
487 2014 758 2054 perstrinxisset,
771 2022 975 2055 servumque

272 2062 518 2103 praelucentem
552 2062 809 2094 exanimasset!
846 2063 974 2096 Lucan.

272 2122 329 2144 ιιι.
346 2115 420 2145 319.
441 2113 451 2131 ‘
469 2122 531 2154 per
545 2112 687 2144 fulmina
707 2118 838 2145 tantum
860 2115 975 2147 Sciret

273 2163 384 2194 adbuc
413 2163 520 2194 solum
557 2162 643 2193 coelo
677 2172 823 2203 regnare
856 2171 974 2196 tonan-

274 2212 370 2245 tem!

317 2255 341 2295 ε’
362 2263 508 2295 Pro-em
533 2263 636 2295 Divus
654 2262 830 2303 habebitur]
861 2263 939 2294 Non
956 2274 975 2295 a

278 2313 441 2346 Romanis
470 2317 600 2345 tantum
629 2312 689 2345 sed
716 2317 752 2344 et
778 2313 820 2345 ab
846 2314 976 2345 exteris

275 2363 483 2396 nationibus.
527 2363 617 2396 Nam
641 2372 684 2395 ex
705 2363 848 2395 Sueton.
866 2364 876 2381 ‘
895 2364 975 2395 Ple-

274 2425 392 2458 raeque
417 2415 669 2457 provinciarum
691 2414 819 2455 templa
839 2419 876 2446 et
899 2424 975 2446 aras

276 2468 542 2506 constituerunt,
553 2464 644 2508 quod
656 2465 730 2496 aliis
745 2473 814 2496 non
823 2464 888 2496 nisi
899 2469 976 2505 post

274 2523 419 2551 mortem
436 2515 654 2558 contigerat!
685 2514 727 2547 Id
743 2513 874 2547 factum
887 2515 974 2548 Per-

276 2570 365 2611 gami
380 2570 412 2600 in
430 2568 522 2604 Asia,
535 2565 748 2600 Nicomediae
760 2565 794 2597 iu
808 2565 975 2608 Bithynia

278 2618 387 2650 refert
408 2619 479 2649 Dio
501 2617 561 2649 lib.
581 2625 628 2649 ιι.
665 2615 787 2657 Virgil.
810 2617 931 2658 Eclog.
946 2625 972 2650 1.

277 2675 287 2688 ‘
305 2669 336 2700 Ο
360 2669 538 2708 Meliboee,
562 2668 655 2699 Deus
681 2667 780 2699 nobis
807 2667 882 2700 haec
906 2668 976 2699 otia

276 2718 374 2751 fecit.
423 2719 581 2760 Namque
593 2718 661 2750 erit
671 2717 728 2750 ille
745 2717 825 2749 mibi
840 2727 977 2760 semper

275 2770 375 2803 Deus
389 2779 397 2800 :
421 2769 508 2802 illius
523 2778 614 2802 aram
631 2770 727 2810 Saepe.
740 2773 837 2802 tener
849 2769 975 2802 nostris

1026 764 1069 796 ab
1085 764 1229 796 ovilibus
1246 765 1375 796 imbuet
1392 764 1525 806 agnus!

1068 817 1087 846 3
1111 814 1252 853 Adiectis
1278 815 1452 846 Britannis
1476 815 1627 857 Imperio]
1662 815 1727 848 Ille

1026 869 1141 895 tamen
1178 865 1250 905 ipse
1287 866 1297 883 ‘
1321 865 1480 896 Intactas
1515 865 1728 904 Britannus,’

1026 915 1140 954 Epod.
1162 924 1229 947 vn.
1257 920 1291 946 et
1315 916 1325 933 ‘
1342 920 1419 956 post
1447 915 1575 947 Divum
1599 915 1727 949 Julium

1024 965 1109 995 nulli
1139 965 1315 1001 tentatus,'
1335 974 1399 996 nec
1424 965 1488 997 nisi
1511 965 1554 998 ab
1574 966 1728 1007 Impera-

1025 1018 1102 1045 tore
1139 1014 1282 1045 Claudio
1320 1015 1548 1055 triumphatus
1590 1015 1728 1046 dicitur.

1023 1063 1164 1095 Sueton.
1195 1063 1316 1095 Claud.
1347 1065 1402 1095 1⁷.
1438 1063 1551 1095 Tacit.
1581 1064 1618 1095 in
1647 1064 1730 1096 Vita

1026 1113 1211 1154 Agricolae,
1238 1115 1304 1145 ὅτε.
1358 1114 1451 1154 Ergo
1481 1113 1578 1155 quasi
1605 1112 1731 1146 fatum

1028 1163 1182 1195 victoriae
1207 1163 1409 1204 praesagium
1432 1163 1564 1204 scripta
1581 1167 1635 1195 est
1658 1163 1731 1196 haec

1028 1214 1105 1245 Ode
1130 1214 1359 1255 proficiscenti
1382 1213 1424 1245 ad
1449 1213 1575 1246 bellum
1591 1213 1730 1245 Britan-

1027 1265 1140 1296 nicum
1158 1264 1327 1305 Augusto,
1341 1265 1431 1296 unde
1454 1268 1570 1296 tamen
1591 1272 1731 1295 revoca·

1027 1318 1081 1345 tus
1103 1318 1157 1346 est
1185 1313 1333 1347 motibus
1355 1323 1396 1345 ac
1421 1312 1623 1346 tumultibus
1645 1313 1733 1345 Dal-

1027 1365 1162 1397 maticis
1177 1370 1212 1396 et
1231 1364 1452 1404 Pannonicis,
1470 1373 1514 1395 ex
1535 1362 1658 1404 Dione,
1671 1362 1732 1395 lib.

1029 1423 1131 1445 xmx.
1146 1415 1199 1445 vel
1216 1423 1274 1445 eos
1291 1413 1389 1455 quasi
1408 1413 1518 1445 victos
1542 1411 1650 1444 Poe’ta
1672 1420 1730 1447 ca-.

1028 1464 1092 1500 nit,
1120 1464 1178 1505 qui
1201 1463 1244 1494 ad
1270 1463 1464 1503 Augustum
1494 1462 1626 1503 aliquot
1651 1465 1732 1502 post

1029 1513 1125 1544 annis
1148 1523 1241 1544 arma
1264 1522 1396 1544 rursum
1419 1521 1460 1543 eo
1483 1516 1664 1552 parantem
1679 1510 1731 1543 in-

1028 1562 1131 1602 ferre,
1151 1563 1293 1604 jamque
1319 1562 1473 1594 ‘iturum
1501 1561 1672 1593 Caesarem
1694 1561 1730 1593 in

1029 1613 1165 1644 ultimos
1181 1612 1286 1644 Orbis
1301 1611 1512 1650 Britannos,’
1533 1611 1666 1652 legatos
1686 1611 1748 1649 des

1029 1671 1113 1703 pace
1129 1662 1315 1692 miserunt:
1335 1670 1402 1702 qua
1416 1661 1615 1702 impetrata,
1627 1661 1731 1702 Capi-

1028 1713 1112 1744 tolio
1137 1711 1227 1743 dona
1248 1711 1452 1747 intulerunt,
1475 1719 1640 1752 suamque
1662 1711 1732 1743 Ro-

1027 1761 1136 1793 manis
1147 1761 1290 1792 insulam
1302 1770 1410 1802 prope
1421 1759 1638 1792 addixerunt.
1649 1759 1732 1793 Tea-

1029 1812 1075 1843 tis
1090 1811 1216 1843 Strabo
1238 1810 1297 1842 lib.
1311 1819 1361 1842 lv.
1383 1808 1509 1842 Οἰκείαν
1521 1807 1639 1850 σχεδὸν
1652 1821 1730 1852 ηρ-

1029 1861 1204 1893 εσκεύασαν
1211 1862 1279 1893 τοῖς
1293 1859 1450 1900 Ῥωμαίοις
1457 1859 1538 1899 ὅλην
1550 1860 1611 1899 τὴν
1623 1860 1733 1902 νῆσον,

1027 1923 1059 1943 κ.
1070 1923 1101 1943 τ.
1113 1916 1147 1944 λ.
1193 1911 1285 1951 Alii;
1309 1911 1398 1953 quod
1417 1921 1479 1952 per
1494 1911 1644 1944 Drusum
1659 1911 1732 1944 Διι-

1029 1960 1122 2002 gusti
1148 1960 1340 2002 privignum
1368 1961 1438 1993 sint
1464 1962 1634 2003 superati,
1655 1961 1732 2003 ejus

1029 2020 1153 2052 nempe
1177 2010 1335 2043 felicibus
1358 2011 1529 2053 auspiciis·
1567 2011 1662 2054 ,Vide
1676 2020 1730 2044 xv.

1030 2061 1100 2093 Od.
1118 2064 1171 2092 14.
1186 2061 1228 2092 ad
1243 2061 1357 2093 finem.
1553 2064 1555 2067 '

1069 2114 1091 2143 4
1117 2111 1334 2152 Gravibusqne
1348 2110 1475 2152 Persia]
1497 2112 1632 2145 Grave·
1647 2112 1731 2144 Per-

1029 2171 1083 2193 sas
1111 2161 1248 2204 quidam
1276 2162 1488 2205 intelligunt,
1514 2164 1593 2204 quia
1620 2161 1730 2204 gravis

1028 2218 1212 2244 armaturae
1225 2223 1233 2243 ε
1250 2213 1372 2244 melius
1382 2213 1452 2253 alii,
1465 2212 1510 2244 ob
1521 2213 1636 2245 Crmi
1651 2221 1732 2254 gra-

1026 2262 1197 2293 vissimam
1213 2267 1309 2293 certe
1324 2263 1480 2301 cladem;
1502 2263 1546 2294 de
1558 2272 1625 2305 qua
1638 2270 1729 2295 mox.

1028 2311 1074 2342 Hi
1101 2320 1216 2351 porro,
1231 2311 1290 2352 qui
1312 2320 1375 2351 pro
1397 2311 1537 2343 Parthis
1555 2315 1730 2352 ponuntur

1028 2361 1156 2402 absque
1171 2360 1290 2400 dubio,
1303 2361 1465 2393 dicuntur
1475 2361 1623 2402 subacti,
1636 2361 1728 2404 quod

1026 2411 1036 2429 ‘
1050 2409 1248 2442 Armeniam
1259 2409 1447 2443 vindicanti
1457 2409 1616 2452 Augusto
1626 2409 1729 2444 facile

1027 2464 1227 2493 cesserunt:
1253 2459 1390 2492 obsides
1405 2461 1628 2493 obtulerunt.’
1664 2462 1728 2495 Jus

1028 2511 1169 2544 creandi
1189 2511 1294 2553 Regis
1309 2512 1565 2553 permiserunt:
1589 2512 1730 2544 ademta

1029 2561 1175 2603 denique
1196 2561 1247 2593 M.
1262 2560 1384 2593 Crasso
1406 2568 1444 2594 et
1466 2560 1617 2594 Antonio
1634 2562 1732 2604 signa

1028 2610 1189 2644 militaria
1205 2611 1420 2645 remiserunt.
1445 2611 1588 2645 Sueton.
1603 2611 1730 2646 Octav.

1029 2672 1106 2704 cap.
1120 2665 1174 2694 21.
1190 2663 1337 2704 Eutrop.
1353 2664 1445 2695 Flor.
1459 2662 1576 2696 Aurel.
1592 2664 1727 2697 Victor.

1027 2717 1095 2748 &cc
1130 2714 1220 2745 Vide
1237 2713 1340 2746 etiam
1355 2723 1432 2755 quae
1451 2715 1612 2748 annotavi
1634 2715 1682 2748 ad
1699 2724 1727 2748 ι.

1030 2766 1100 2800 Od.
1112 2767 1163 2798 19.
1181 2767 1234 2797 12.
1269 2763 1370 2797 Adde
1385 2765 1597 2808 Xiphilimm
1612 2766 1646 2799 in
1658 2765 1730 2800 Au·
