1916 3190
221 222 306 264 330

698 237 743 274 Q.
777 236 989 266 HORATM
1027 237 1199 268 FLAcoi

509 330 829 384 Praescriptum
852 334 897 371 et
917 330 1080 371 intonsi
1101 330 1284 373 Catonis

565 398 810 451 Auspiciis,
830 401 1112 451 veterumque
1132 411 1295 440 norma.

451 468 661 509 Privatus
680 467 770 508 illis
791 480 952 508 census
974 473 1070 509 erat
1090 468 1248 518 brevis,

451 535 690 577 Commune
708 549 940 589 magnum:
970 535 1090 576 nulla
1111 536 1394 590 decempedis

509 602 680 645 Metata
700 604 888 658 privatis
911 617 1105 657 opacam

573 670 775 711 Porticus
795 671 1050 724 excipiebat
1070 669 1262 722 Arcton;

221 792 350 825 Romuli
364 798 396 827 et
409 796 538 829 Catonis
547 797 667 833 criniti,
683 799 732 829 vel
741 799 913 840 priscorum
923 798 1080 830 instituta.
1113 799 1177 830 Res
1182 799 1360 838 familiaris
1371 801 1479 832 aderat
1490 799 1535 831 eis
1549 799 1677 838 exigua,

217 835 342 874 publica
359 842 464 870 autem
478 840 576 872 dives.

831 936 949 949 eeeeee

623 841 755 872 Nemini
766 842 891 882 privato
906 842 1045 882 porticus
1060 852 1166 873 men-§a
1178 844 1281 874 decem
1294 845 1407 883 pedum
1425 845 1543 883 pertica
1553 841 1681 880 conige-

952 936 1071 950 eeeeee

217 995 309 1034 ignes
323 998 415 1040 conj.
433 998 525 1031 docti
548 999 727 1041 cujusdam
744 1001 807 1033 viri
824 1012 880 1043 ap.
897 1001 1112 1034 δοκὼ-12
1137 1000 1230 1043 Lips.
1247 1004 1280 1034 2.
1306 1011 1326 1033 a
1346 1010 1390 1033 m.
1414 1010 1468 1043 pr.
1483 1005 1679 1042 teter-amque

876 1097 910 1128 N
916 1096 1023 1128 0¹1*AE

260 1172 300 1201 11
329 1168 466 1210 Intonsi]
498 1169 667 1202 Nimirum
695 1172 839 1203 Romani
870 1173 924 1204 usi

218 1221 428 1260 tonsoribus,
461 1231 549 1253 anno
586 1223 629 1254 ab
657 1223 753 1255 Urbe
783 1224 924 1256 condita

215 1273 292 1303 454.
315 1276 420 1303 antea
435 1281 516 1304 vero
540 1273 665 1305 intonsi
685 1273 803 1306 fuere:
829 1276 921 1317 quod

217 1330 262 1352 ex
277 1322 435 1354 Varrone
453 1324 575 1355 asserit
592 1324 683 1357 Piin.
701 1334 768 1356 vu.
782 1327 836 1356 59.
863 1326 922 1357 Vi·

217 1370 263 1402 de
287 1371 380 1403 Geli.
406 1381 465 1404 ιιι.
493 1375 525 1404 4.
571 1373 672 1406 Quod
701 1375 730 1405 si
757 1374 922 1406 Catonem

215 1420 413 1462 intelligere
452 1422 653 1454 Uticensem
698 1423 825 1463 placet,
865 1424 922 1455 bic

216 1473 322 1504 etiam
348 1473 517 1514 intonsus,
542 1474 622 1514 qnia
647 1483 690 1505 ex
714 1483 781 1515 quo
805 1474 922 1506 civilia

215 1523 310 1554 bella
325 1533 499 1564 exarsere,
513 1524 650 1556 tonderi
675 1534 845 1566 nunquam
863 1535 920 1557 vo-

213 1573 301 1606 luit:
325 1575 452 1606 Lucan.
468 1584 509 1606 11.
525 1577 601 1606 372.
626 1575 636 1591 ‘
654 1574 716 1606 uie
732 1583 797 1606 nec
813 1575 921 1607 horri-

216 1623 327 1655 feram
354 1629 473 1656 sancto
498 1624 640 1656 dimovit
666 1624 710 1655 ab
733 1634 792 1655 ore
809 1625 922 1657 Caesa-

215 1674 314 1715 viem,
329 1674 482 1717 duroque
503 1674 641 1706 admisit
666 1675 788 1716 gaudia
803 1675 922 1716 vnltu3

215 1725 265 1756 -Ut
281 1725 428 1766 primum
446 1726 518 1757 tolli
533 1725 654 1757 feralia
669 1726 804 1757 viderat
815 1735 922 1768 arma,

216 1774 378 1807 Intonsos
399 1775 543 1817 rigidam
562 1776 596 1807 in
611 1774 761 1807 frontem
780 1776 922 1808 descen·

216 1824 300 1856 dere
316 1830 419 1857 canos
443 1826 570 1857 Passus
586 1830 673 1866 erat,
691 1826 937 1872 miseramque

216 1875 314 1915 genis
329 1876 523 1907 increscere
540 1876 709 1908 barbam!

261 1928 301 1956 13
327 1926 480 1958 Privatus
499 1926 566 1958 iuis
585 1937 694 1958 census
716 1930 785 1958 emt
805 1927 922 1969 brevis]

216 1975 361 2015 Exiguae
378 1980 461 2008 tunc
476 1981 575 2007 erant
588 1978 797 2017 privatorum
815 1988 920 2018 opes:

216 2033 282 2056 nec
305 2024 400 2055 dives
425 2035 499 2056 esse
516 2027 692 2067 quisquam
716 2029 920 2068 satagebat:

216 2078 253 2106 at
278 2074 427 2106 universi
457 2075 673 2116 Reipublicae
703 2076 821 2118 decus,
852 2079 922 2118 gio·

217 2124 314 2161 riam,
341 2125 530 2165 potentiam
559 2135 685 2164 augere
716 2131 751 2157 et
777 2127 922 2167 amplifi-

216 2183 297 2206 care
321 2173 521 2206 studebant.
566 2175 656 2206 Vide
682 2181 922 2215 paupertatem

217 2224 392 2258 laudatam
417 2225 509 2266 apud
531 2224 646 2256 Valer.
666 2226 807 2258 Maxim.
822 2236 875 2259 ιν.
889 2231 921 2259 4.

218 2275 279 2306 ubi
305 2275 399 2307 inter
425 2276 584 2316 exempla
612 2286 679 2307 non
708 2286 818 2317 punica
845 2277 921 2309 haec

218 2324 344 2357 affert:
368 2326 498 2357 Valerii
515 2326 719 2367 Popiic01ae‚
735 2327 746 2344 ⁴
761 2327 816 2358 cni
833 2337 921 2359 mor-

220 2380 281 2407 tuo
298 2377 408 2408 iectus
424 2375 582 2408 funebris
605 2381 640 2407 et
664 2376 920 2416 rogusdefnit3

219 2426 378 2468 exequioe
391 2436 473 2458 vero
489 2426 635 2468 pecunia
650 2426 790 2467 publica
803 2427 920 2459 dut-tm

219 2477 325 2510 sunt!
350 2476 516 2519 Agrippae
530 2477 700 2517 Menenii,
713 2478 724 2495 ⁴
737 2478 795 2519 qui
812 2478 922 2518 publi·

219 2539 270 2561 cae
288 2530 408 2560 salutis
425 2529 557 2560 arbiter
575 2529 624 2560 ita
646 2529 802 2570 pecuniae
823 2529 922 2570 inops

219 2579 384 2621 decessit,
399 2584 438 2612 ut
452 2581 640 2621 sepulturae
654 2579 782 2612 honoro
797 2580 925 2612 caruis·

221 2635 289 2670 set,
309 2630 373 2661 nisi
397 2641 418 2661 a
440 2631 569 2672 populo
594 2630 727 2663 collatis
753 2631 786 2662 in
807 2631 925 2672 capita

219 2680 436 2712 sextantibus
451 2680 632 2713 funeratus
645 2680 757 2713 esset-⁹
781 2682 826 2713 Et
842 2691 924 2723 pau·

220 2730 255 2761 lo
273 2734 349 2770 post
364 2729 453 2761 idem
471 2731 518 2762 sic
534 2731 673 2763 scribit:
696 2731 828 2764 ‘Immo
844 2739 925 2764 vero

222 2788 306 2821 qnos
336 2780 490 2821 pericula
523 2781 736 2822 Reipublicae
770 2782 926 2824 Impera-

978 1178 1070 1204 tores
1093 1173 1308 1213 asserebant,
1326 1173 1494 1214 angustiae
1518 1172 1567 1204 rei
1584 1171 1681 1203 sami-

977 1223 1070 1254 liaris
1098 1222 1196 1264 (qnid
1226 1232 1323 1254 cesso
1351 1223 1527 1264 proprium
1558 1233 1679 1254 nomen

977 1273 1116 1304 veritati
1141 1273 1286 1304 reddere
1297 1273 1326 1311 ?)
1346 1272 1513 1305 bubulcos
1533 1273 1606 1304 fieri
1625 1282 1680 1303 co·

977 1323 1126 1364 gebant.'
1159 1324 1205 1355 Et
1229 1328 1369 1364 posteat
1392 1323 1403 1342 ‘
1419 1323 1510 1357 Quid
1528 1323 1615 1355 AEiia
1629 1322 1681 1354 fa·

977 1373 1083 1409 milia,
1100 1383 1200 1415 quam
1223 1373 1395 1414 iocupies!
1421 1373 1602 1405 Sexdecim
1624 1382 1682 1403 eo·

977 1423 1054 1455 dem
1086 1430 1240 1464 tempore
1271 1423 1350 1455 AElii
1376 1422 1531 1462 fuerunt,
1558 1423 1680 1464 quibus

976 1483 1044 1504 una
1058 1473 1264 1504 domuncula
1287 1476 1362 1504 erat
1381 1472 1500 1503 eodem
1522 1472 1588 1503 loci
1611 1481 1679 1513 quo

974 1533 1066 1555 nunc
1093 1528 1170 1555 sunt
1194 1523 1350 1555 Mariana
1376 1523 1608 1554 munimenta:
1643 1526 1680 1553 et

976 1583 1062 1605 unus
1086 1574 1120 1605 in
1147 1583 1229 1615 agro
1249 1573 1395 1605 Veiente
1420 1571 1546 1604 fundus
1569 1571 1680 1602 minus

975 1625 1099 1655 multos
1115 1625 1266 1655 cultores
1281 1622 1493 1663 desiderans,
1505 1631 1604 1664 quam
1621 1622 1680 1654 do·

976 1674 1085 1705 minos
1100 1671 1275 1713 habebat:
1289 1676 1356 1704 &1:-
1457 1709 1465 1713 ,

1021 1727 1061 1756 14
1091 1724 1259 1755 Commune
1293 1721 1455 1762 magnum]
1498 1720 1543 1754 ’τὸ
1577 1723 1679 1754 κοινὸν

978 1775 1069 1816 apud
1087 1775 1159 1807 Cic.
1192 1774 1320 1806 Sensus
1335 1778 1411 1805 est:
1437 1773 1557 1814 Magni
1581 1781 1681 1815 puta-

976 1826 1078 1858 batur
1101 1824 1239 1866 publica
1264 1834 1331 1866 res,
1352 1824 1455 1863 satus,
1471 1824 1681 1855 auctoritas:

976 1876 1154 1908 commodo
1171 1874 1303 1916 privato
1319 1873 1533 1915 Reipubiicae
1548 1875 1682 1906 utilitas

977 1926 1265 1967 anteponebatur.
1289 1926 1361 1957 Cic.
1377 1933 1438 1965 pro
1454 1925 1596 1956 Flacco:
1612 1924 1623 1942 ‘
1638 1925 1679 1956 In

975 1980 1117 2022 privatis
1134 1978 1236 2010 rebus
1257 1977 1396 2009 minimo
1413 1975 1565 2008 contenti
1582 1980 1682 2007 erant

950 2050 954 2052 -
975 2030 1122 2070 majores
1135 2028 1263 2060 nostri:
1281 2028 1313 2059 in
1328 2027 1478 2068 Imperio
1491 2031 1527 2058 et
1542 2026 1680 2067 publica

976 2078 1147 2119 dignitate
1169 2077 1282 2108 omnia
1297 2077 1340 2108 ad
1356 2077 1498 2117 glorium
1514 2081 1551 2108 et
1566 2076 1681 2117 splen-

976 2130 1093 2161 dorem
1110 2126 1339 2159 revocabant!

1022 2180 1123 2211 Nulla
1149 2177 1340 2218 decempedis
1375 2176 1503 2207 Metata
1531 2175 1680 2215 privatis.

975 2229 1046 2270 esa]
1063 2229 1280 2260 Privatorum
1295 2226 1422 2258 nemini
1437 2224 1591 2266 porticus
1605 2230 1681 2256 erut

976 2280 1130 2320 pluribus
1143 2284 1269 2311 metata
1281 2276 1515 2318 decempedis,
1523 2276 1679 2317 adeoque

974 2329 1075 2360 valde
1090 2330 1204 2369 ionga,
1219 2338 1263 2359 ex
1286 2331 1375 2365 arte,
1397 2331 1434 2358 et
1455 2335 1578 2366 magno
1602 2335 1677 2366 pro·

974 2378 1056 2411 inde
1072 2383 1186 2410 sumtu
1201 2381 1389 2408 exstructa.

1018 2431 1058 2459 15
1086 2429 1222 2468 Opacam
1236 2425 1412 2466 excipiebat
1426 2424 1562 2466 Arcton]
1590 2424 1678 2457 Qnae

975 2479 1140 2520 porticus,
1155 2474 1399 2518 septemtrioni
1426 2474 1582 2512 obversa,
1598 2480 1681 2515 apta

976 2534 1065 2561 esset
1077 2528 1121 2561 ad
1133 2526 1340 2569 captandum
1354 2529 1477 2557 aestate
1487 2524 1595 2565 frigus
1609 2525 1680 2566 pln-

976 2582 1154 2620 rimum,et
1166 2578 1209 2611 ad
1222 2586 1388 2609 amoenam
1400 2575 1680 2614 ambuiationem‚

977 2632 1137 2665 fervente
1161 2630 1266 2662 etiam
1288 2628 1357 2660 die.
1404 2627 1524 2659 Arctos
1545 2626 1680 2659 Graecis

977 2683 1079 2720 Ursa,
1108 2680 1244 2713 Latinis
1274 2679 1366 2711 sidus
1399 2677 1562 2717 Boi-eale,
1599 2677 1680 2717 polo

977 2732 1123 2766 Arctico
1139 2740 1260 2763 nomen
1277 2729 1380 2762 fecit:
1405 2727 1578 2769 regionem
1594 2726 1679 2766 Sep·

977 2782 1229 2816 temti-innatam
1245 2780 1418 2821 designat,
1437 2777 1528 2810 unde
1542 2776 1677 2818 frigide
