1916 3190
284 186 368 229 166
758 202 804 241 Q.
834 202 1049 235 floRA'ru
1083 203 1255 235 FnAcci

842 371 972 413 ODE
1022 372 1197 414 XXII.

711 479 779 509 AD
812 478 1061 509 ARISTIUM
1098 478 1252 510 1³¹0ch
1262 480 1312 510 M.

281 555 393 588 Poe‘ta
417 565 453 587 se
477 555 629 588 Stoicum
649 556 844 597 profitetur,
862 557 942 589 dum
966 558 1138 589 numinum
1163 557 1397 590 Providentiae
1420 556 1557 598 tribuit,
1570 557 1660 599 quod
1677 557 1737 590 im·

323 609 432 648 manis
449 610 547 651 lupus
563 610 597 641 in
613 610 747 643 Sabinis
762 621 799 642 se
814 611 977 643 inermem
993 610 1134 653 fugerit.
1178 611 1310 653 (Homo
1333 611 1495 643 innocens
1516 615 1611 642 tutus
1627 615 1682 643 est
1700 611 1737 642 in

325 662 463 695 summis
484 662 655 704 periculis.
703 664 792 696 Nam
819 664 899 696 dum
926 674 990 706 ego
1017 665 1165 706 Lalagen
1187 673 1297 696 meam
1321 674 1408 697 cano
1423 664 1614 706 aliquando,
1636 665 1736 704 lupas

323 714 476 748 immanis
490 726 545 748 me
560 716 648 758 fugit
664 716 856 749 inermem..
884 718 999 751 Quare
1014 727 1088 750 eam
1105 717 1226 749 amabo
1243 717 1369 759 ubique
1385 721 1564 750 teri-atum·
1587 715 1705 758 Zeus.)

450 802 680 844 INTEGER
702 803 808 845 vitae
829 803 1098 858 scelerisque
1114 816 1252 858 purus

450 869 556 911 Non
575 874 676 923 eget
697 869 870 912 Mauris
879 870 1045 924 jaculis
1063 883 1207 924 neque
1227 883 1334 913 arcu

454 937 556 979 Nec
577 938 806 979 venenatis
826 938 1011 991 gravida
1027 938 1216 992 sagittis,

797 1004 961 1054 Fusce,
980 1004 1207 1059 pharetra:

454 1070 562 1112 Sive
583 1082 666 1124 per
687 1070 838 1126 Syrtes
857 1071 941 1112 iter
960 1076 1200 1122 aestuosas,
1708 1074 1739 1116 5

331 1196 361 1227 0
382 1196 493 1238 Fusce,
514 1195 656 1236 quisquis
671 1195 851 1228 innocenter
870 1195 950 1227 vivit
967 1199 999 1227 et
1016 1197 1083 1228 sine
1099 1196 1243 1238 crimine,
1264 1207 1326 1229 non
1347 1197 1439 1230 habet
1458 1206 1534 1239 opas
1555 1197 1740 1230 Maurorum

285 1240 369 1280 telis,
385 1249 440 1271 nec
460 1248 548 1281 arcu,
563 1247 619 1270 uec
630 1238 781 1280 pharetra
800 1240 894 1280 plena
907 1239 1038 1278 sagittis
1054 1240 1158 1271 toxico
1172 1239 1315 1279 infectis.-
1338 1249 1393 1272 seu
1409 1240 1543 1273 ambulet
1555 1249 1613 1281 per
1628 1239 1740 1281 Syrtes

888 1324 1130 1337 eeeeeeeeeeee

324 1388 413 1419 Haec
433 1387 512 1420 ode
533 1387 654 1429 quinta
678 1387 732 1419 est
756 1388 849 1420 Libri
865 1389 979 1430 quarti
996 1389 1030 1420 in
1047 1388 1111 1421 Ed.
1126 1388 1310 1420 Sanadoni.
1354 1387 1542 1430 Inscriptio
1565 1388 1600 1419 in
1616 1386 1738 1419 codice

284 1430 518 1462 Laurentiano
543 1435 609 1467 est,
631 1431 685 1462 Ad
700 1430 858 1462 Aristium
875 1432 1011 1463 Fuscum
1025 1433 1094 1462 laus
1109 1431 1297 1468 inocentioe;
1331 1431 1400 1471 alii,
1413 1431 1467 1463 De
1480 1431 1628 1462 bonorum
1642 1430 1740 1461 tutela

280 1473 496 1510 adFuscum3
519 1474 586 1513 vel,
599 1472 654 1504 Aa
669 1473 802 1504 Fuscum
818 1473 978 1506 Aristium
991 1474 1268 1506 lausinnocentiae.
1270 1476 1334 1504 -2
1349 1473 1462 1505 Mauri
1474 1472 1580 1505 Brod.
1595 1472 1743 1504 Mentel.

282 1515 395 1547 Pulm.
409 1518 442 1549 4.
465 1515 601 1548 Fabric.
617 1515 716 1547 Harl.
734 1517 767 1548 2.
797 1517 958 1557 Rutgers.
976 1517 1079 1548 Baxt.
1102 1516 1216 1550 Bond.
1241 1516 1412 1548 Scbrevel.
1428 1515 1551 1547 Heius.
1566 1514 1686 1556 Stepli.
1702 1518 1741 1546 et

281 1558 372 1598 Delp
374 1558 407 1589 h.
452 1558 580 1589 Mauris
604 1558 683 1590 Nic.
707 1558 829 1591 Heius.
847 1568 891 1590 ex
917 1559 1111 1591 melioribus
1137 1558 1274 1599 scriptis
1299 1558 1343 1590 ad
1367 1558 1740 1591 Ovid.1·'ast.v.⁶so.

280 1600 400 1632 Lamb.
433 1609 477 1631 ex
509 1600 648 1641 optimis
681 1601 764 1642 suis,
798 1602 920 1642 optimi
943 1602 1102 1633 Turrem.
1126 1603 1160 1632 4.
1189 1600 1338 1632 Blandd.
1367 1605 1403 1632 et
1433 1600 1514 1632 Div.
1547 1609 1602 1640 ap.
1636 1599 1741 1640 Crnq.

280 1643 381 1674 Leid.
403 1642 524 1674 Graev.
543 1643 676 1675 Zulich.
701 1624 831 1675 Ba’ttel.
853 1649 890 1675 et
912 1654 934 1676 a
959 1653 1011 1684 pr.
1030 1653 1076 1675 m.
1099 1643 1222 1684 Regin.
1248 1643 1347 1675 Harl.
1370 1645 1403 1674 1.
1423 1646 1456 1674 3.
1479 1645 1514 1674 4.
1535 1646 1568 1674 5.
1585 1645 1620 1674 6.
1639 1641 1742 1674 Gott.

280 1694 398 1718 omnes
432 1685 545 1726 Lipss.
575 1695 652 1717 cum
682 1685 761 1717 edd.
793 1653 1355 1727 CruspLand.Mancgiln.Zarot.
1382 1682 1739 1718 Muret.A1dd.Ve-

282 1732 368 1761 nett.
392 1728 474 1760 vet·
503 1728 621 1760 Comb·
657 1728 802 1761 Locuer.
837 1729 980 1762 Ascens.
1012 1728 1158 1761 Chabot.
1193 1728 1275 1761 Fab.
1310 1728 1426 1762 Bentl.
1452 1726 1600 1769 Cuning.
1621 1725 1740 1759 Jones.

938 1817 1084 1851 NOTAE

323 1893 478 1925 Metram
495 1893 584 1925 idem
597 1893 687 1935 quod
705 1893 775 1926 Od.
790 1902 832 1925 11.

322 1943 445 1974 Eidem
458 1944 545 1975 hanc
557 1943 659 1975 Oden
676 1949 779 1985 atque
790 1944 982 1985 Epistulam

279 1992 459 2033 decimam,
489 1993 641 2033 ejusdem
673 1993 748 2024 fere
777 1994 981 2034 argumenti,

279 2042 399 2074 scribit
414 2042 595 2082 Horatius,
610 2042 739 2074 Aristio
762 2043 887 2082 Fusco,
910 2043 983 2073 viro

278 2092 399 2134 probo,
427 2091 674 2132 Grammatico,
704 2092 824 2123 amico.
878 2091 982 2132 Apud

280 2143 405 2175 bonum
427 2151 560 2174 morum
587 2141 823 2182 integritatem
845 2140 984 2178 laudat;

279 2193 390 2237 ami-co
416 2191 627 2224 declinatum
654 2201 674 2223 a
697 2201 733 2222 se
752 2191 832 2222 vitae
849 2190 983 2231 pericu-

278 2244 350 2274 lum
375 2241 570 2283 significat3
592 2240 769 2281 Philologo
795 2239 984 2272 dictionum

281 2297 319 2324 et
333 2292 516 2324 verborum
532 2290 705 2331 elegantia
727 2290 879 2322 studiose
902 2289 983 2321 veli-

279 2343 418 2375 fleatur.
463 2342 552 2374 Haec
573 2340 652 2381 tria,
675 2341 813 2382 Lector,
827 2340 983 2381 observa,

282 2394 363 2425 dum
378 2402 444 2434 ego
459 2397 577 2424 cetera
591 2400 795 2433 persequor.

324 2446 345 2475 2
362 2444 439 2475 Non
452 2445 524 2483 eget
538 2441 667 2473 Mauris
679 2441 809 2481 jaculis,
830 2439 902 2481 ξω]
921 2438 985 2471 Vir

281 2494 457 2535 innocens,
485 2502 546 2524 sua
570 2492 652 2524 satis
679 2491 852 2533 probitate
876 2494 983 2530 tutus,

281 2545 382 2576 armis
399 2554 464 2575 non
481 2546 572 2584 eget,
587 2541 713 2584 quibus
729 2546 846 2573 arceat
858 2541 984 2582 quaevis

282 2595 444 2636 pericula.
484 2594 607 2636 Mauri,
624 2593 838 2634 jaculatores
855 2590 985 2631 eximii,

283 2646 406 2688 pedem
426 2645 550 2677 efferre
566 2645 666 2676 domo
682 2645 738 2676 vix
755 2644 884 2676 audent
911 2642 984 2674 sine

283 2695 423 2735 telis,ob
435 2695 661 2737 frequentiam
672 2694 823 2727 ferarum
832 2703 852 2726 a
861 2693 984 2736 quibus

284 2746 465 2778 discrimen
478 2746 643 2779 imminet.
668 2745 856 2778 Herodian.
865 2744 988 2777 AElian.

1036 1892 1080 1925 de
1095 1892 1244 1925 Animal.
1259 1901 1333 1926 xiv.
1344 1895 1377 1924 ⁵.
1390 1890 1601 1925 Mauritania
1613 1888 1739 1922 Africae

1037 1943 1133 1984 regio
1149 1942 1350 1983 Barbarica‚
1363 1942 1423 1974 ubi
1437 1950 1528 1974 nunc
1540 1949 1647 1981 regna
1658 1939 1737 1972 Fes-

1036 2002 1168 2032 sanum,
1209 1991 1440 2032 Marochium,
1473 1990 1740 2030 'ri-emissenam,

1037 2041 1271 2081 Algerianum.

1080 2093 1100 2121 3
1130 2089 1299 2121 Venenum
1310 2089 1459 2129 sagittis}
1478 2087 1569 2119 Plin.
1585 2095 1693 2119 xvrn.
1707 2089 1738 2118 1.

1036 2139 1046 2157 ‘
1059 2139 1160 2173 Quod
1177 2137 1303 2170 animal
1315 2131 1388 2169 teu
1409 2146 1483 2176 sua,
1506 2139 1656 2178 excepto
1677 2136 1738 2168 ho-

1037 2189 1143 2229 mine,
1169 2188 1308 2220 venenis
1334 2187 1447 2229 tingit.
1492 2186 1567 2219 Nos
1581 2191 1620 2219 et
1633 2185 1739 2227 sagit-

1037 2244 1090 2270 tas
1113 2238 1280 2279 ungimus,
1303 2247 1343 2270 ac
1368 2236 1461 2269 ferro
1475 2237 1542 2279 ipsi
1556 2237 1739 2269 nocentius

1037 2289 1166 2331 aliquid
1183 2289 1300 2320 damus
1316 2309 1326 2319 .
1339 2311 1347 2320 .
1362 2311 1370 2320 .
1388 2298 1407 2320 a
1422 2288 1514 2319 nullo
1531 2287 1740 2327 animalium,

1036 2343 1167 2381 praeter
1195 2338 1378 2378 hominem,
1406 2347 1538 2370 veneno
1568 2342 1740 2380 pugnatur

1037 2388 1174 2421 alieno!
1215 2388 1305 2420 Vide
1336 2389 1422 2421 Coel.
1448 2387 1594 2429 Rhodig.
1619 2395 1736 2420 xxm.

1037 2442 1090 2471 10.
1110 2438 1171 2470 ubi
1193 2438 1237 2470 de
1252 2437 1435 2479 multiplici
1451 2438 1581 2471 ratione
1596 2439 1666 2470 tela
1680 2446 1738 2469 ve-

1036 2498 1125 2521 neno
1142 2488 1317 2520 imbuendi
1333 2489 1443 2529 plura.

1079 2542 1098 2570 6
1123 2538 1237 2579 Syrtes
1251 2536 1415 2578 actuosus]
1431 2536 1510 2570 Non
1526 2535 1571 2568 de
1581 2535 1738 2577 Syrtibus

1037 2588 1214 2622 maritimis
1238 2588 1293 2620 hic
1317 2589 1453 2630 agitat-3
1477 2586 1538 2618 sed
1559 2586 1604 2618 de
1619 2594 1739 2618 areno-

1038 2640 1083 2671 sis
1110 2639 1150 2672 iis
1178 2638 1263 2670 locis
1289 2637 1434 2675 Africae,
1461 2636 1553 2678 apud
1581 2635 1739 2677 Libyam,

1038 2691 1128 2723 Solis
1144 2689 1265 2722 ardore
1279 2688 1455 2729 sabulique
1467 2686 1626 2718 siccitate
1639 2689 1740 2717 aestn-

1038 2741 1175 2774 antibus
1205 2750 1265 2772 seu
1291 2738 1441 2779 servum,
1476 2747 1538 2779 per
1566 2746 1644 2780 qnae
1670 2735 1740 2768 iter
1806 2751 1812 2755 -
