1916 3190
206 223 292 265 346

442 331 488 373 N
489 345 539 374 ec
561 332 813 374 Laconicas
834 332 942 374 mihi

683 237 729 275 Q.
761 236 971 268 HoRA'rn
1010 237 1185 268 FnAccr

493 399 692 441 Trahunt
711 400 904 441 honestae
927 413 1147 455 purpuras
1169 402 1351 444 clientae.

439 463 504 507 At
523 466 636 508 fides
656 473 702 509 et
722 467 871 521 ingeni

495 534 695 589 Benigna
716 549 829 577 vena
851 539 942 587 est3
973 548 1307 591 pauperemque
1329 537 1453 578 dives

1613 538 1670 579 10

211 649 347 688 regalem
359 650 533 690 potentiam
547 651 661 682 invasi.
707 652 777 683 Nec
791 651 914 684 clientoe
929 652 1013 684 haud
1027 652 1104 684 viles
1114 657 1188 685 nent
1202 653 1280 685 mihi
1292 663 1463 695 purpuram
1477 653 1673 686 Laconicam.

216 692 330 724 Verum
343 692 489 734 fidelitas
501 695 589 726 adest
605 698 636 726 et
650 695 787 735 copiosus
800 695 924 735 ingenii
936 695 1027 733 sons.
1072 696 1117 727 Et
1131 697 1283 736 exiguum
1295 706 1344 729 me
1358 698 1517 738 opulentus
1532 697 1676 738 requirit.

815 790 955 803 mene

958 790 1062 803 ΟΜ

215 853 289 875 ram
315 852 359 874 ex
387 843 497 875 altera
523 844 675 876 lectione
692 846 867 879 existere?
890 847 1046 879 λαγώ-7
1071 846 1140 879 Nec
1163 846 1319 878 Laconias
1344 856 1429 878 unus
1456 846 1567 878 codex
1592 846 1676 877 Pul-

214 886 341 923 manni,
366 895 451 917 unus
467 886 614 927 Gifanii,
637 888 734 930 (vide
760 888 839 920 Ind.
862 889 1022 931 Lucret.)
1047 897 1133 921 unus
1158 890 1263 931 Cruq.
1290 891 1389 922 Dess.
1414 892 1446 922 2.
1481 889 1675 921 Helmstad.

214 930 361 969 Cuning.
378 935 413 960 et
429 930 556 962 Sanad.
600 931 690 962 Vide
707 931 750 962 ad
767 941 792 963 1.
811 932 881 964 Od.
897 935 929 964 1.
943 935 1039 963 3.-8
1063 932 1163 964 Harl.
1181 935 1211 963 l.
1225 935 1258 963 2.
1273 935 1305 963 3.
1317 935 1350 964 4.
1365 936 1396 964 5.
1410 935 1444 963 6.
1459 932 1587 963 clientes
1598 942 1611 969 ‚·
1626 932 1677 963 ita

214 972 320 1003 etiam
337 972 521 1003 Pulmanni
535 972 653 1004 Hunn.
668 973 848 1006 Gemblac.
861 978 892 1006 l.
907 979 944 1005 et
958 974 1090 1005 Beller.
1107 983 1192 1006 unus
1205 974 1331 1005 Bland.
1345 975 1451 1015 Cruq.
1466 984 1486 1006 a
1501 985 1547 1005 m.
1563 983 1591 1006 s.
1605 983 1676 1005 om-

213 1024 276 1046 nes
288 1015 386 1046 Torr.
404 1014 498 1055 quid.
514 1015 635 1046 Lamb.
653 1015 720 1048 duo
734 1016 868 1048 Bersm.
886 1016 960 1048 Alt.
975 1019 1006 1048 1.
1022 1016 1099 1058 (qui
1115 1021 1151 1048 et
1166 1015 1271 1048 habet
1286 1016 1422 1058 honesti)
1432 1021 1469 1048 et
1483 1019 1516 1048 2.
1531 1016 1633 1047 Desa.
1645 1019 1677 1048 1.

216 1067 238 1088 a
252 1067 298 1088 m.
314 1067 340 1088 s.
357 1062 393 1088 et
404 1060 437 1089 2.
456 1057 547 1098 Lips.
563 1061 594 1089 1.
610 1068 629 1089 a
644 1068 688 1090 m.
706 1068 733 1090 s.
747 1059 842 1100 Lips.
855 1062 887 1091 2.
905 1062 938 1092 3,
954 1061 987 1091 4.
1005 1059 1086 1090 Zar.
1105 1059 1194 1091 Flor.
1213 1061 1308 1091 1482.
1324 1059 1406 1091 Vet.
1418 1059 1539 1091 Comb.
1555 1059 1679 1090 venet.

216 1102 314 1133 1492.
338 1099 421 1132 Asc.
441 1099 588 1131 Locher.
632 1100 641 1117 ‘
654 1101 721 1133 Sed
740 1106 868 1142 praeter
896 1102 1142 1133 auctoritatem
1170 1102 1394 1143 plurimorum
1410 1111 1450 1133 ac
1467 1101 1682 1143 praestantis-

215 1142 377 1174 simorum
405 1142 506 1174 codd.
535 1143 643 1175 multo
667 1144 772 1175 etiam
799 1145 1002 1187 exquisitius
1031 1150 1069 1177 et
1095 1145 1271 1176 venustius
1296 1149 1350 1176 est
1371 1144 1520 1176 ostentae!
1541 1143 1681 1178 hui.—

215 1187 238 1216 9
260 1185 423 1217 Heinsius
448 1186 574 1218 scribit
599 1186 736 1228 ingenii,
762 1197 807 1220 ex
831 1187 1034 1230 quibusdam
1055 1187 1156 1220 codd.
1192 1190 1228 1219 at
1251 1187 1362 1228 ingeni
1377 1187 1469 1228 conj.
1487 1187 1680 1229 Cuning.—

876 1273 1018 1305 NOTAE

216 1337 306 1379 quit,
337 1338 347 1354 ‘
363 1336 451 1377 regii
472 1337 648 1377 sanguinis
667 1336 766 1368 ferox
783 1337 923 1378 juvenis

216 1387 318 1418 urbes
344 1386 482 1427 regibus
509 1396 632 1427 parere
647 1392 829 1418 consuetas
846 1397 923 1429 par-

217 1438 278 1469 tim
306 1437 479 1468 solicitat:
505 1446 632 1478 pancas
660 1437 863 1469 resistentes
890 1436 923 1468 vi

217 1487 351 1529 recepit
363 1497 373 1517 :
398 1487 515 1519 Crassi
532 1497 667 1529 quoque
683 1487 851 1519 Praetoris
867 1497 924 1520 ce-

217 1538 303 1571 cidit
318 1539 508 1571 exercitum
524 1562 532 1570 .
551 1561 559 1570 .
575 1562 584 1571 .
603 1562 612 1571 .
637 1548 715 1571 mox
733 1549 754 1571 a
770 1540 925 1580 Perpen-

218 1599 263 1622 na
289 1589 438 1622 domitus
463 1595 500 1622 et
523 1582 644 1631 captus
660 1612 669 1621 .
687 1612 697 1622 .
713 1612 722 1622 .
740 1613 749 1623 .
765 1589 925 1631 Aquilius

219 1639 368 1672 Asiatici
381 1640 463 1672 belli
477 1640 636 1682 reliquias
652 1639 825 1679 confecit;
841 1639 926 1672 mix·

219 1690 264 1722 tis
290 1689 422 1733 (nefas)
449 1700 581 1722 veneno
597 1689 754 1722 fontibus
771 1689 815 1722 ad
831 1689 928 1722 dedi·

220 1740 350 1772 tionem
365 1739 582 1782 quarundam
597 1739 760 1780 urbium‚'
774 1742 840 1772 διο.

264 1795 285 1824 7
311 1792 382 1824 Nec
405 1791 578 1824 Laconicas
606 1792 685 1824 mihi
713 1792 857 1825 Trahunt
874 1793 928 1824 1ιο-

219 1846 318 1875 nestoe
343 1853 501 1884 purpuras
530 1843 668 1884 clientoe]
712 1843 789 1876 Nec
818 1841 928 1876 habeo

221 1893 377 1934 clientes,
393 1903 476 1935 quos
492 1893 554 1925 soli
571 1893 695 1926 divites
708 1904 751 1926 ac
768 1898 929 1936 potentes

222 1943 374 1975 habent:
399 1953 464 1975 nec
494 1943 581 1975 adeo
605 1944 781 1976 clientium
805 1955 929 1978 uxores

222 2000 307 2026 nent
322 1996 403 2026 mihi
419 1996 528 2035 lanas,
541 2006 559 2027 e
572 1996 694 2037 quibus
707 2007 839 2037 pannus
852 2007 931 2029 con·

222 2044 349 2084 fectus,
365 2055 404 2077 ac
421 2045 570 2077 imbutus
585 2047 724 2078 humore
739 2047 842 2087 piscis
858 2058 931 2079 mu·
956 2049 959 2051 ’

226 2095 319 2137 ricis,
335 2093 378 2126 ad
393 2096 576 2127 Taenarum
593 2097 753 2128 Laconiae
770 2106 932 2138 promon-

226 2145 354 2178 torium
370 2145 477 2186 capti,
500 2145 702 2186 suppeditet
718 2147 798 2178 mini
815 2151 931 2179 vestes

225 2204 416 2238 purpureas
446 2204 573 2237 easque
604 2195 705 2227 valde
735 2197 934 2238 exquisitas,

228 2255 305 2287 quae
336 2244 379 2277 ad
407 2245 497 2277 solos
520 2244 665 2286 nobiles,
683 2244 871 2286 Patricios,
893 2255 933 2277 ac

227 2295 459 2337 Magistratus
495 2295 681 2336 pertinent.
728 2295 802 2328 Cic.
832 2295 933 2327 Verr.

228 2355 279 2378 iv·
293 2355 327 2377 n.
342 2349 396 2379 59.
420 2350 429 2364 ‘
442 2345 523 2386 Ipse
541 2344 646 2377 dabat
660 2354 844 2387 purpuram
859 2349 932 2377 tan-

229 2401 315 2437 tum,
337 2396 438 2428 amici
465 2394 613 2438 operas.’
659 2394 814 2428 Laconia
834 2395 935 2428 Pelo-

229 2446 376 2488 ponnesi
412 2447 509 2488 regio
540 2456 701 2489 purpurae
729 2446 936 2479 excellentia

230 2498 367 2530 nobilis.
412 2498 504 2529 Plin.
520 2506 600 2529 xxi.
611 2499 642 2528 8.
659 2498 669 2515 ‘
684 2496 869 2538 Unguento
880 2505 936 2527 na-

232 2544 343 2581 tinam
360 2547 485 2579 vicisse
501 2548 654 2589 gaudens
670 2546 814 2588 luxuria,
833 2547 938 2579 vesti-

231 2598 296 2630 bus
313 2607 447 2639 quoque
466 2598 669 2639 provocavit
684 2607 742 2629 eos
753 2595 868 2637 flores,
879 2596 938 2639 qui

233 2649 347 2680 colore
363 2648 655 2680 commendantur.
703 2647 778 2679 Hos
788 2647 939 2680 animad-

234 2703 333 2730 verto
350 2702 420 2729 tres
442 2708 517 2731 esse
533 2699 763 2740 principales:
788 2709 890 2731 unum
903 2698 938 2731 in

236 2759 355 2790 cocco,
380 2750 439 2790 qui
465 2750 498 2781 in
525 2751 610 2782 rosis
632 2751 750 2783 micat.
794 2750 939 2784 Gratius

235 2799 320 2832 nihil
337 2803 488 2842 aspectu.
532 2801 691 2833 Trahitur
716 2801 751 2833 in
774 2810 940 2843 purpuras

976 1337 1110 1378 Tyrias,
1137 1337 1374 1379 dibaphasque
1409 1341 1445 1368 et
1475 1334 1688 1376 Laconicas‚'

977 1389 1044 1419 &c.
1057 1388 1103 1419 Et
1114 1390 1273 1419 xxxwti.
1289 1389 1299 1405 ‘
1311 1388 1341 1419 E
1353 1386 1489 1428 liquidis
1500 1386 1683 1425 coloribus,

978 1447 1062 1480 quos
1078 1448 1098 1469 a
1118 1438 1265 1470 dominis
1281 1437 1354 1469 dari
1373 1437 1519 1469 diximus
1541 1441 1684 1478 propter

978 1487 1247 1529 magnitudinem
1264 1487 1381 1528 pretii,
1400 1493 1481 1518 aute
1497 1496 1614 1519 omnes
1628 1491 1683 1519 est

978 1538 1219 1580 purpurissum
1245 1561 1253 1569 .
1271 1560 1280 1570 .
1297 1560 1305 1569 .
1324 1561 1333 1570 .
1355 1537 1516 1569 laudatur
1539 1537 1684 1569 Laconi-

980 1597 1071 1628 cum,
1095 1587 1187 1619 unde
1214 1587 1469 1629 pretiosissima!
1495 1586 1687 1629 purpurae.'

979 1638 1071 1670 Vide
1086 1647 1190 1678 supra
1206 1637 1276 1670 Od.
1294 1645 1374 1670 xvr.
1397 1637 1460 1670 sub
1481 1636 1585 1670 finem
1600 1637 1687 1670 Not.

982 1688 1026 1721 ad
1041 1689 1102 1720 has
1119 1697 1244 1720 voces:
1269 1687 1343 1719 ‘Te
1369 1687 1422 1719 bis
1444 1686 1530 1719 Afro
1554 1689 1685 1720 murice

984 1740 1103 1772 tinctae
1117 1738 1286 1770 Vestiunt
1298 1737 1409 1769 lan-123

1024 1794 1046 1823 9
1082 1791 1127 1823 At
1141 1790 1228 1834 fides
1249 1793 1280 1822 et
1302 1788 1413 1830 ingeni
1432 1789 1585 1829 Benigno
1609 1798 1690 1821 vena

981 1841 1045 1883 est]
1069 1841 1170 1876 Quod
1199 1841 1227 1872 si
1254 1841 1369 1872 desint
1395 1849 1491 1882 opes,
1512 1845 1549 1872 at
1565 1839 1689 1881 opibus

982 1894 1157 1937 quidpiam
1182 1892 1301 1924 melius
1323 1900 1363 1922 ac
1388 1891 1608 1933 prestantius
1630 1889 1690 1922 ha-

984 1947 1068 1979 bere
1096 1945 1257 1986 contigit,
1281 1943 1440 1975 nimirum
1469 1941 1550 1974 fidei
1583 1941 1691 1974 virtu-

985 2002 1070 2037 tem,
1079 2005 1213 2028 necnon
1227 1994 1355 2037 ingenii
1366 1994 1481 2026 lumen
1491 1997 1528 2026 et
1543 1991 1690 2025 faculta—

986 2052 1069 2079 tem.

1029 2096 1179 2136 Benigno
1201 2095 1296 2136 vena]
1330 2094 1538 2135 Metaphora
1552 2103 1571 2125 a
1586 2096 1690 2125 terroe

985 2146 1096 2186 venis,
1125 2155 1144 2177 e
1175 2143 1297 2186 quibus
1332 2142 1447 2174 fontes
1485 2147 1692 2184 promanant

987 2197 1130 2229 uberes:
1171 2194 1332 2235 designat
1367 2193 1496 2234 optime
1533 2191 1692 2224 discendi

986 2245 1228 2286 scribendique
1238 2244 1454 2284 facilitatem,
1466 2253 1531 2285 qua
1545 2242 1603 2284 qui
1614 2241 1692 2274 des-

987 2295 1113 2327 titutus
1130 2293 1247 2334 fuerit,
1270 2295 1299 2326 is
1324 2294 1433 2325 invita
1456 2294 1629 2332 Minerva,
1644 2292 1693 2324 in-

988 2345 1067 2376 vitis
1081 2343 1108 2376 A
1116 2344 1242 2384 polline
1258 2353 1298 2375 ac
1315 2343 1424 2374 Musis
1435 2343 1612 2374 literarum
1624 2345 1694 2373 stu-

989 2396 1079 2427 dium
1097 2394 1263 2436 capessit,
1275 2394 1339 2425 lioc
1355 2397 1419 2433 est,
1431 2394 1544 2424 oleum
1561 2396 1597 2425 et
1611 2402 1693 2434 ope-

989 2456 1060 2478 ram
1091 2444 1219 2487 perdit.
1267 2444 1379 2485 Epist.
1404 2444 1447 2475 ad
1467 2444 1621 2484 Pisones,
1644 2453 1695 2476 vs.

989 2500 1065 2529 385.
1089 2495 1164 2527 ‘Tu
1191 2495 1272 2526 nihil
1296 2494 1406 2526 invita
1423 2494 1518 2526 dices
1539 2492 1693 2527 faciesve

990 2545 1174 2580 Minerva!
1219 2546 1266 2577 Et
1292 2554 1340 2578 vs.
1371 2548 1448 2576 408.
1471 2545 1481 2563 ‘
1496 2544 1632 2577 Natura
1655 2543 1695 2575 fi-

992 2601 1068 2629 eret
1106 2595 1280 2628 laudabile
1325 2605 1478 2635 carmen,
1519 2605 1561 2626 an
1606 2599 1694 2632 arte,

990 2647 1182 2682 Quaesitum
1196 2650 1260 2678 est.
1290 2646 1363 2687 Ego
1379 2655 1443 2678 nec
1456 2645 1605 2677 studium
1622 2644 1695 2677 sine

991 2697 1098 2730 divite
1126 2706 1225 2737 vena,
1257 2695 1332 2728 Nec
1362 2696 1448 2728 rude
1479 2695 1560 2739 quid
1584 2695 1695 2737 prosit

993 2749 1091 2782 video
1106 2747 1303 2789 ingenium!

1037 2801 1078 2832 lo
1103 2799 1334 2840 Pauperemque
1345 2798 1433 2830 dives
1445 2796 1502 2829 Me
1515 2796 1612 2838 petit]
1634 2795 1693 2828 Me
