1916 3190
236 223 320 264 188

711 235 755 273 Q.
788 235 996 266 nonam
1035 237 1205 268 ηΑσοι

465 327 560 369 Vix
580 328 792 381 illigatum
812 334 857 369 te
876 329 1059 371 triformi

522 395 723 449 Pegasus
745 396 956 450 expediet
975 396 1209 438 Chimaera.

235 520 379 561 Pegasus
393 521 573 563 implicitum
588 526 620 554 te
635 523 692 554 vix
706 522 853 555 liberabit
867 533 908 554 esc
922 523 987 555 ista
1003 523 1162 555 Chimaera
1177 523 1330 563 triformi.

840 616 1076 629 omme

232 681 318 711 -24
341 680 482 719 Pegasos
497 681 640 722 Coning.
666 683 793 723 expedit
814 692 855 714 ex
878 682 1037 714 Chimaera
1061 683 1155 723 Lips.
1171 685 1205 715 4.
1238 682 1384 723 expediat
1402 682 1463 715 ch.
1487 681 1631 721 Cuning.
1649 685 1686 713 et

233 721 358 754 Sanad.
372 723 538 755 Chimaeroe
549 724 684 765 quidam
701 725 819 757 Lamb.
831 725 958 757 Venet.
978 728 1072 758 1590.
1085 725 1221 758 Fabric.
1238 725 1321 757 Fab.
1337 725 1457 767 Steph.
1468 728 1506 757 et
1522 724 1685 765 Rutgers.

233 763 382 796 chimoera
397 765 485 798 Exc.
499 766 579 798 Sax.
595 767 700 798 Brod.
713 772 748 799 et
765 767 884 800 Zarot.

888 864 1031 897 NOTAE

274 926 317 955 23
338 924 402 956 Vix
415 924 575 965 illigatum
588 928 619 957 te
630 926 781 967 tnjfomni,
789 926 932 968 B5c.]1p-

233 984 271 1006 se
287 974 527 1015 Bellerophon,
547 975 606 1016 qui
626 976 759 1016 Pegaso
779 976 932 1008 insidens

232 1025 432 1058 Chimaeram
447 1023 635 1061 interfecit.
650 1025 764 1066 capite
785 1030 844 1057 aut
862 1024 931 1057 for-

229 1084 285 1105 ma
307 1074 435 1115 ttiplici
451 1074 669 1114 horrendem,
685 1074 741 1105 vix
758 1079 793 1106 te
808 1074 933 1106 libera-

231 1124 282 1155 bit
309 1123 351 1155 ab
374 1124 441 1155 ista
464 1133 570 1165 prava
588 1124 731 1156 muliere
746 1124 825 1156 huic
840 1134 934 1156 mon·

230 1178 300 1205 stro
315 1183 381 1205 non
398 1173 554 1206 absimili.
599 1174 690 1206 Vide
705 1173 804 1207 infra.

272 1226 316 1256 24
338 1223 497 1265 Pegasus]
519 1223 623 1265 Apud
639 1223 754 1257 strab.
771 1229 807 1257 et
822 1225 933 1257 Palae-

232 1275 324 1317 phat.
346 1275 500 1316 Pegasus
515 1284 583 1307 non
598 1279 650 1306 est
665 1285 785 1317 equus,
798 1276 857 1307 sed
875 1286 933 1308 na-

231 1325 281 1355 vis
297 1326 396 1366 longa
411 1330 447 1356 et
463 1325 639 1365 citissima,
653 1325 717 1356 hoc
732 1325 809 1356 ideo
825 1326 931 1357 nomi-

232 1385 275 1406 ne
299 1376 474 1416 insignita,
498 1385 566 1416 qua
589 1375 819 1416 Bellerophon
841 1376 931 1408 inse-

231 1431 332 1457 cutus
348 1425 606 1466 comprehendit
623 1430 659 1457 et
672 1425 797 1457 cecidit
811 1425 930 1467 Lycio-

231 1484 305 1506 rum
322 1475 468 1513 Ducem,
485 1474 620 1506 nomine
643 1474 860 1511 Chimaeram,
880 1474 931 1515 pi-

229 1525 341 1556 ratica
364 1522 539 1562 infamem,
563 1528 699 1555 vectum
722 1523 811 1564 navi,
832 1524 931 1566 cujus

230 1584 334 1615 prora
362 1574 482 1614 leonis,
513 1574 638 1616 puppis
668 1574 837 1614 draconis,
862 1583 932 1605 me—

230 1624 323 1656 dium
350 1634 464 1665 caproe
490 1621 634 1664 effigiem
663 1627 724 1655 aut
748 1623 932 1664 imaginem

231 1675 405 1716 depictam
435 1675 632 1706 exhibebat.
687 1673 847 1716 Hincque
879 1673 931 1706 fa-

230 1724 321 1756 bulae
350 1725 445 1756 locus
468 1724 584 1764 datus,
610 1727 699 1755 teste
720 1723 827 1755 etiam
849 1723 932 1755 Plu-

231 1774 363 1814 tucho,
380 1773 423 1806 de
438 1774 539 1806 claris
557 1772 764 1805 mulieribus.

274 1824 426 1864 Triformi
452 1823 614 1864 chimera]
650 1823 704 1855 Ex
731 1821 848 1855 strab.
874 1822 933 1856 cit.

229 1875 331 1906 Mons
343 1876 399 1906 ille
412 1875 528 1916 Lyciae
540 1874 742 1914 ignivomus,
754 1873 789 1905 in
801 1873 932 1905 vertice

229 1925 356 1963 leones,
377 1924 410 1954 in
433 1923 543 1955 medio
566 1932 702 1963 capras,
716 1921 760 1953 ad
781 1922 931 1953 radicem

230 1978 408 2013 serpentes
431 1971 590 2003 habebat.
635 1970 738 2002 Hunc
752 1979 834 2001 vero
850 1971 931 2002 Bel·

228 2022 393 2063 lerophon
414 2020 623 2061 expurgavit
647 2023 684 2050 et
708 2018 945 2050 inhabitatum

230 2072 323 2113 prius
353 2071 477 2103 exinde
510 2069 732 2101 habitabilem
766 2068 930 2100 reddidit.

229 2121 333 2163 Apud
348 2120 558 2153 fabulatores
583 2119 741 2150 Chimoera
765 2123 820 2149 est
836 2128 929 2150 mon-

230 2178 339 2205 strum
353 2171 508 2212 triforme,
524 2174 631 2211 caput
651 2173 688 2201 et
702 2168 807 2209 pedes
823 2168 931 2200 leonis

229 2220 371 2259 habens,
381 2231 494 2262 eaprae
508 2225 675 2258 ventrem,
684 2218 840 2250 draconis
852 2227 929 2249 cau-

231 2271 328 2303 dam:
353 2270 472 2312 Πρόσθε
496 2268 589 2310 λέων,
612 2269 715 2302 ὄπιθεν
748 2266 781 2300 δὲ
803 2267 932 2309 δράκων,

229 2319 333 2361 μέσση
349 2319 382 2352 δὲ
395 2320 537 2362 χίμαιρα.
574 2319 666 2352 Hinc
690 2318 869 2355 Lucretius
893 2327 930 2351 v.

984 930 1059 959 903.
1098 928 1108 945 ‘
1127 926 1245 958 Prima
1270 927 1338 966 leo,
1369 929 1542 967 postrema
1569 923 1686 964 draco,

983 976 1096 1008 media
1108 976 1183 1017 ipsa
1199 973 1392 1008 Chimaerass
1415 974 1519 1007 ovid.
1532 975 1621 1007 Met.
1630 983 1686 1007 rx.

983 1029 1061 1058 ⁶46.
1078 1026 1218 1057 ‘mediis
1229 1026 1264 1057 in
1279 1025 1432 1067 partibus
1442 1024 1586 1063 hircum,
1598 1025 1687 1056 Pec-

986 1080 1041 1107 tus
1056 1080 1092 1108 et
1107 1085 1166 1107 ora
1181 1076 1258 1115 leae,
1273 1075 1418 1107 caudam
1441 1073 1613 1115 serpentis
1628 1073 1686 1105 ha-

984 1127 1115 1159 bebat.’
1152 1128 1229 1159 Hoc
1245 1137 1326 1159 vero
1342 1127 1573 1169 Bellerophon
1590 1126 1687 1167 Nep-

986 1182 1068 1209 tuno
1098 1177 1247 1218 adjutus‚
1282 1179 1374 1209 alato
1400 1186 1489 1219 equo
1518 1176 1686 1213 invectus,

985 1228 1121 1270 sagittis
1137 1227 1299 1260 confecit.
1335 1227 1504 1260 Lucienus
1528 1226 1621 1258 Dial.
1639 1225 1685 1257 de

985 1278 1116 1310 Astrol.
1144 1278 1194 1309 ait
1216 1278 1354 1310 minime
1378 1277 1444 1309 sibi
1472 1285 1685 1318 persuasum,

984 1330 1110 1360 alatum
1125 1328 1385 1370 Bellerophonti
1410 1337 1532 1369 equum
1555 1326 1683 1358 fuisse:

985 1388 1103 1410 verum
1131 1382 1268 1418 putare,
1283 1378 1376 1414 illum
1405 1378 1482 1409 talis
1505 1377 1684 1417 sapientia»,

984 1428 1099 1460 studio
1121 1427 1289 1466 deditum,
1312 1426 1468 1459 sublimia
1489 1431 1525 1458 et
1542 1435 1617 1467 quae
1641 1425 1684 1457 ad

984 1478 1097 1509 sidera
1123 1478 1300 1518 pertinent
1319 1477 1540 1508 meditantem
1564 1475 1598 1507 in
1617 1485 1687 1507 coe·

983 1528 1053 1559 lum
1077 1527 1268 1559 ascendisse
1294 1536 1364 1558 non
1379 1536 1466 1568 equo
1482 1526 1542 1558 sed
1559 1530 1685 1557 mente.

984 1576 1073 1609 Vide
1086 1581 1124 1608 et
1139 1576 1226 1608 Coel.
1247 1576 1392 1617 Rhodig.
1413 1585 1498 1608 xm.
1515 1578 1548 1608 9.
1574 1576 1684 1615 Porro

985 1626 1074 1659 bene
1090 1626 1254 1659 Horatius
1270 1627 1484 1659 meretricem
1507 1635 1584 1658 cum
1607 1626 1686 1657 Chi-

986 1687 1092 1709 maera
1128 1675 1275 1709 confert.
1318 1676 1432 1718 Hujus
1461 1676 1552 1710 enim
1580 1676 1685 1708 habet

985 1727 1045 1758 illa
1069 1736 1249 1764 venenum,
1289 1724 1459 1766 foetorem,
1485 1724 1686 1766 feritatem;

985 1776 1196 1818 impuraeque
1217 1775 1369 1808 libidinis
1390 1774 1542 1808 flammas
1559 1775 1686 1816 passim

986 1830 1135 1859 eructat.
1181 1825 1283 1858 Adde
1306 1825 1395 1867 quod
1410 1825 1534 1858 amoris
1559 1825 1687 1867 princi-

986 1877 1043 1916 pia
1063 1876 1230 1918 impetum
1259 1875 1378 1916 leonis,
1397 1874 1548 1908 medium
1567 1884 1685 1916 caprae

984 1926 1210 1965 salacitatem,
1231 1924 1307 1957 finis
1329 1929 1443 1958 autem
1458 1924 1585 1957 doloris
1598 1933 1686 1958 mor-

985 1984 1042 2006 sus
1058 1976 1152 2007 velut
1174 1976 1346 2016 serpentis
1368 1984 1410 2007 ne
1427 1974 1582 2008 draconis
1606 1974 1686 2007 leti-

984 2021 1076 2054 feros
1089 2032 1260 2063 nunquam
1271 2033 1338 2054 non
1354 2024 1475 2055 exerit.
1526 2024 1684 2064 Fulgent-

984 2071 1134 2111 Mythol.
1159 2071 1218 2103 lib.
1235 2080 1293 2104 ιιι.
1327 2071 1507 2103 Chimaerae
1523 2077 1683 2113 tanquam

984 2122 1034 2153 rei
1051 2130 1127 2162 quae
1143 2129 1313 2161 nunquam
1329 2118 1395 2151 fuit
1411 2125 1470 2151 ant
1485 2130 1559 2153 esse
1573 2122 1684 2162 potnit

983 2169 1137 2202 meminit
1151 2169 1281 2200 Tullius
1301 2168 1346 2200 de
1365 2169 1445 2200 Nat.
1472 2169 1581 2201 Deor.
1597 2177 1624 2200 1.
1645 2178 1683 2202 n.

984 2222 1059 2251 109.
1074 2223 1110 2250 et
1125 2218 1168 2250 ad
1193 2217 1303 2250 Attic.
1328 2227 1372 2250 n.
1391 2221 1442 2250 16.
1459 2218 1517 2250 nbi
1532 2223 1571 2251 et
1594 2218 1686 2251 citet.

983 2268 1190 2300 versiculum
1216 2267 1391 2310 Graecum,
1415 2268 1475 2311 qui
1501 2277 1603 2310 supra
1622 2269 1683 2302 ha-

984 2317 1094 2351 betur.
