<?xml version="1.0" encoding="UTF-8"?>
<!DOCTYPE html PUBLIC "-//W3C//DTD XHTML 1.0 Transitional//EN"
    "http://www.w3.org/TR/xhtml1/DTD/xhtml1-transitional.dtd">
<html xmlns="http://www.w3.org/1999/xhtml" xml:lang="en" lang="en">
 <head>
  <title>
</title>
<meta http-equiv="Content-Type" content="text/html;charset=utf-8" />
  <meta name='ocr-system' content='tesseract 3.04.00' />
  <meta name='ocr-capabilities' content='ocr_page ocr_carea ocr_par ocr_line ocrx_word'/>
</head>
<body>
  <div class='ocr_page' id='page_1' title='image "./operazeune01horauoft_0462.png"; bbox 0 0 1916 3190; ppageno 0'>
   <div class='ocr_carea' id='block_1_1' title="bbox 290 248 378 290">
    <p class='ocr_par' dir='ltr' id='par_1_1' title="bbox 290 248 378 290">
     <span class='ocr_line' id='line_1_1' title="bbox 290 248 378 290; baseline 0 0"><span class='ocrx_word' id='word_1_1' title='bbox 290 248 378 290; x_wconf 84' lang='lat'><strong>454</strong></span> 
     </span>
    </p>
   </div>
   <div class='ocr_carea' id='block_1_2' title="bbox 772 261 1267 300">
    <p class='ocr_par' dir='ltr' id='par_1_2' title="bbox 772 261 1267 300">
     <span class='ocr_line' id='line_1_2' title="bbox 772 261 1267 300; baseline 0.002 -8"><span class='ocrx_word' id='word_1_2' title='bbox 772 262 816 300; x_wconf 84' lang='lat' dir='ltr'><strong>Q.</strong></span> <span class='ocrx_word' id='word_1_3' title='bbox 849 261 1059 293; x_wconf 79' lang='lat' dir='ltr'><strong>HORATn</strong></span> <span class='ocrx_word' id='word_1_4' title='bbox 1095 261 1267 293; x_wconf 62' lang='lat' dir='ltr'><strong>rumor</strong></span> 
     </span>
    </p>
   </div>
   <div class='ocr_carea' id='block_1_3' title="bbox 855 428 1183 472">
    <p class='ocr_par' dir='ltr' id='par_1_3' title="bbox 855 428 1183 472">
     <span class='ocr_line' id='line_1_3' title="bbox 855 428 1183 472; baseline 0.006 -3"><span class='ocrx_word' id='word_1_5' title='bbox 855 428 984 470; x_wconf 92' lang='lat' dir='ltr'><strong>ODE</strong></span> <span class='ocrx_word' id='word_1_6' title='bbox 1034 429 1183 472; x_wconf 88' lang='lat' dir='ltr'><strong>XIII.</strong></span> 
     </span>
    </p>
   </div>
   <div class='ocr_carea' id='block_1_4' title="bbox 697 559 1344 592">
    <p class='ocr_par' dir='ltr' id='par_1_4' title="bbox 697 559 1344 592">
     <span class='ocr_line' id='line_1_4' title="bbox 697 559 1344 592; baseline 0 -2"><span class='ocrx_word' id='word_1_7' title='bbox 697 561 761 590; x_wconf 79' lang='lat' dir='ltr'><strong>AD</strong></span> <span class='ocrx_word' id='word_1_8' title='bbox 795 561 996 591; x_wconf 83' lang='lat' dir='ltr'>FONTEM</span> <span class='ocrx_word' id='word_1_9' title='bbox 1031 559 1284 592; x_wconf 79' lang='lat' dir='ltr'><strong>BANDUSlu</strong></span> <span class='ocrx_word' id='word_1_10' title='bbox 1296 561 1344 590; x_wconf 83' lang='lat' dir='ltr'><strong>M.</strong></span> 
     </span>
    </p>
   </div>
   <div class='ocr_carea' id='block_1_5' title="bbox 356 644 1677 741">
    <p class='ocr_par' dir='ltr' id='par_1_5' title="bbox 356 644 1677 741">
     <span class='ocr_line' id='line_1_5' title="bbox 356 644 1677 688; baseline -0.001 -11"><span class='ocrx_word' id='word_1_11' title='bbox 356 644 456 677; x_wconf 75' lang='lat' dir='ltr'><strong>Fonti</strong></span> <span class='ocrx_word' id='word_1_12' title='bbox 476 646 665 683; x_wconf 79' lang='lat' dir='ltr'><strong>Bandusio,</strong></span> <span class='ocrx_word' id='word_1_13' title='bbox 682 647 739 687; x_wconf 86' lang='lat' dir='ltr'><strong>qui</strong></span> <span class='ocrx_word' id='word_1_14' title='bbox 756 647 789 678; x_wconf 90' lang='lat' dir='ltr'><strong>in</strong></span> <span class='ocrx_word' id='word_1_15' title='bbox 806 657 888 688; x_wconf 82' lang='lat' dir='ltr'><strong>agro</strong></span> <span class='ocrx_word' id='word_1_16' title='bbox 902 647 1029 679; x_wconf 85' lang='lat' dir='ltr'><strong>Sabino</strong></span> <span class='ocrx_word' id='word_1_17' title='bbox 1045 647 1159 679; x_wconf 81' lang='lat' dir='ltr'><strong>fuerat</strong></span> <span class='ocrx_word' id='word_1_18' title='bbox 1179 657 1244 679; x_wconf 87' lang='lat' dir='ltr'><strong>nou</strong></span> <span class='ocrx_word' id='word_1_19' title='bbox 1259 648 1359 687; x_wconf 81' lang='lat' dir='ltr'><strong>longe</strong></span> <span class='ocrx_word' id='word_1_20' title='bbox 1376 647 1419 679; x_wconf 82' lang='lat' dir='ltr'><strong>ab</strong></span> <span class='ocrx_word' id='word_1_21' title='bbox 1434 645 1569 679; x_wconf 77' lang='lat' dir='ltr'>Horatii</span> <span class='ocrx_word' id='word_1_22' title='bbox 1587 645 1677 686; x_wconf 85' lang='lat' dir='ltr'><strong>villa,</strong></span> 
     </span>
     <span class='ocr_line' id='line_1_6' title="bbox 601 699 1434 741; baseline 0.001 -10"><span class='ocrx_word' id='word_1_23' title='bbox 601 700 804 731; x_wconf 82' lang='lat' dir='ltr'><strong>sacrificium</strong></span> <span class='ocrx_word' id='word_1_24' title='bbox 821 701 1043 741; x_wconf 75' lang='lat' dir='ltr'>repromittit,</span> <span class='ocrx_word' id='word_1_25' title='bbox 1058 706 1095 732; x_wconf 89' lang='lat' dir='ltr'><strong>et</strong></span> <span class='ocrx_word' id='word_1_26' title='bbox 1116 700 1235 732; x_wconf 76' lang='lat' dir='ltr'><strong>laudes</strong></span> <span class='ocrx_word' id='word_1_27' title='bbox 1250 700 1322 741; x_wconf 75' lang='lat' dir='ltr'><strong>ejus</strong></span> <span class='ocrx_word' id='word_1_28' title='bbox 1337 699 1434 732; x_wconf 85' lang='lat' dir='ltr'><strong>dicit.</strong></span> 
     </span>
    </p>
   </div>
   <div class='ocr_carea' id='block_1_6' title="bbox 518 775 1437 1028">
    <p class='ocr_par' dir='ltr' id='par_1_6' title="bbox 518 775 1437 1028">
     <span class='ocr_line' id='line_1_7' title="bbox 519 775 1437 831; baseline 0.001 -16"><span class='ocrx_word' id='word_1_29' title='bbox 519 775 559 816; x_wconf 94' lang='grc' dir='ltr'>Ο</span> <span class='ocrx_word' id='word_1_30' title='bbox 585 775 718 816; x_wconf 81' lang='lat' dir='ltr'><strong>FoNs</strong></span> <span class='ocrx_word' id='word_1_31' title='bbox 740 775 996 827; x_wconf 76' lang='lat' dir='ltr'><strong>Bandusiae,</strong></span> <span class='ocrx_word' id='word_1_32' title='bbox 1015 776 1290 831; x_wconf 85' lang='lat' dir='ltr'><strong>splendidior</strong></span> <span class='ocrx_word' id='word_1_33' title='bbox 1308 776 1437 826; x_wconf 85' lang='lat' dir='ltr'><strong>vitro,</strong></span> 
     </span>
     <span class='ocr_line' id='line_1_8' title="bbox 518 842 1399 894; baseline 0.001 -12"><span class='ocrx_word' id='word_1_34' title='bbox 518 842 654 883; x_wconf 88' lang='lat' dir='ltr'><strong>Dulci</strong></span> <span class='ocrx_word' id='word_1_35' title='bbox 675 842 804 894; x_wconf 85' lang='lat' dir='ltr'><strong>digne</strong></span> <span class='ocrx_word' id='word_1_36' title='bbox 825 855 958 892; x_wconf 86' lang='lat' dir='ltr'><strong>mero,</strong></span> <span class='ocrx_word' id='word_1_37' title='bbox 977 855 1063 884; x_wconf 91' lang='lat' dir='ltr'><strong>non</strong></span> <span class='ocrx_word' id='word_1_38' title='bbox 1085 844 1181 884; x_wconf 86' lang='lat' dir='ltr'><strong>sine</strong></span> <span class='ocrx_word' id='word_1_39' title='bbox 1202 842 1399 892; x_wconf 88' lang='lat' dir='ltr'><strong>floribus,</strong></span> 
     </span>
     <span class='ocr_line' id='line_1_9' title="bbox 573 908 1091 951; baseline 0.004 -3"><span class='ocrx_word' id='word_1_40' title='bbox 573 908 684 949; x_wconf 89' lang='lat' dir='ltr'>Cras</span> <span class='ocrx_word' id='word_1_41' title='bbox 706 908 941 949; x_wconf 84' lang='lat' dir='ltr'>donaberis</span> <span class='ocrx_word' id='word_1_42' title='bbox 958 909 1091 951; x_wconf 81' lang='lat' dir='ltr'><strong>haedo</strong></span> 
     </span>
     <span class='ocr_line' id='line_1_10' title="bbox 628 973 1278 1028; baseline 0.003 -14"><span class='ocrx_word' id='word_1_43' title='bbox 628 973 711 1014; x_wconf 85' lang='lat' dir='ltr'><strong>Cui</strong></span> <span class='ocrx_word' id='word_1_44' title='bbox 731 973 855 1015; x_wconf 89' lang='lat' dir='ltr'><strong>frons</strong></span> <span class='ocrx_word' id='word_1_45' title='bbox 877 975 1053 1028; x_wconf 83' lang='lat' dir='ltr'><strong>turgida</strong></span> <span class='ocrx_word' id='word_1_46' title='bbox 1071 974 1278 1016; x_wconf 79' lang='lat' dir='ltr'><strong>cornibus</strong></span> 
     </span>
    </p>
   </div>
   <div class='ocr_carea' id='block_1_7' title="bbox 286 1088 1743 1175">
    <p class='ocr_par' dir='ltr' id='par_1_7' title="bbox 286 1088 1743 1175">
     <span class='ocr_line' id='line_1_11' title="bbox 332 1088 1743 1133; baseline 0.001 -14"><span class='ocrx_word' id='word_1_47' title='bbox 332 1088 363 1119; x_wconf 90' lang='grc' dir='ltr'><em>Ο</em></span> <span class='ocrx_word' id='word_1_48' title='bbox 386 1089 469 1120; x_wconf 74' lang='lat' dir='ltr'><strong>Fons</strong></span> <span class='ocrx_word' id='word_1_49' title='bbox 491 1089 696 1127; x_wconf 67' lang='grc' dir='ltr'><strong>Βιαηᾰιιείηε,</strong></span> <span class='ocrx_word' id='word_1_50' title='bbox 722 1091 804 1121; x_wconf 80' lang='lat' dir='ltr'><strong>vitro</strong></span> <span class='ocrx_word' id='word_1_51' title='bbox 830 1091 977 1132; x_wconf 73' lang='lat' dir='ltr'><strong><em>lucidior,</em></strong></span> <span class='ocrx_word' id='word_1_52' title='bbox 1000 1092 1094 1130; x_wconf 79' lang='lat' dir='ltr'><strong>digne</strong></span> <span class='ocrx_word' id='word_1_53' title='bbox 1117 1092 1188 1123; x_wconf 75' lang='lat' dir='ltr'><strong>eino</strong></span> <span class='ocrx_word' id='word_1_54' title='bbox 1209 1090 1311 1130; x_wconf 75' lang='lat' dir='ltr'><strong>suavi,</strong></span> <span class='ocrx_word' id='word_1_55' title='bbox 1336 1100 1405 1123; x_wconf 76' lang='lat' dir='ltr'><strong>cum</strong></span> <span class='ocrx_word' id='word_1_56' title='bbox 1420 1089 1572 1133; x_wconf 70' lang='lat' dir='ltr'><strong>floribus,</strong></span> <span class='ocrx_word' id='word_1_57' title='bbox 1591 1099 1662 1122; x_wconf 73' lang='lat' dir='ltr'><strong>ome</strong></span> <span class='ocrx_word' id='word_1_58' title='bbox 1680 1089 1743 1121; x_wconf 71' lang='lat' dir='ltr'><strong>tibi</strong></span> 
     </span>
     <span class='ocr_line' id='line_1_12' title="bbox 286 1131 1743 1175; baseline 0.002 -13"><span class='ocrx_word' id='word_1_59' title='bbox 286 1131 426 1162; x_wconf 77' lang='lat' dir='ltr'><strong><em>mactabo</em></strong></span> <span class='ocrx_word' id='word_1_60' title='bbox 447 1132 632 1174; x_wconf 82' lang='lat' dir='ltr'><strong>capreolum,</strong></span> <span class='ocrx_word' id='word_1_61' title='bbox 647 1133 698 1164; x_wconf 76' lang='lat' dir='ltr'><strong>cui</strong></span> <span class='ocrx_word' id='word_1_62' title='bbox 710 1133 805 1172; x_wconf 74' lang='lat' dir='ltr'><strong>frons</strong></span> <span class='ocrx_word' id='word_1_63' title='bbox 830 1137 927 1165; x_wconf 79' lang='lat' dir='ltr'><strong>tumet</strong></span> <span class='ocrx_word' id='word_1_64' title='bbox 946 1134 1088 1166; x_wconf 70' lang='lat' dir='ltr'><strong>cornibus</strong></span> <span class='ocrx_word' id='word_1_65' title='bbox 1101 1134 1199 1172; x_wconf 70' lang='lat' dir='ltr'><strong>novis,</strong></span> <span class='ocrx_word' id='word_1_66' title='bbox 1221 1134 1331 1175; x_wconf 74' lang='lat' dir='ltr'><strong>quique</strong></span> <span class='ocrx_word' id='word_1_67' title='bbox 1345 1133 1504 1166; x_wconf 69' lang='lat' dir='ltr'><strong>lasciviam</strong></span> <span class='ocrx_word' id='word_1_68' title='bbox 1520 1137 1552 1166; x_wconf 77' lang='lat' dir='ltr'><strong>et</strong></span> <span class='ocrx_word' id='word_1_69' title='bbox 1570 1131 1743 1165; x_wconf 72' lang='lat' dir='ltr'><strong>certamina</strong></span> 
     </span>
    </p>
   </div>
   <div class='ocr_carea' id='block_1_8' title="bbox 898 1223 1015 1235">
    <p class='ocr_par' dir='ltr' id='par_1_8' title="bbox 898 1223 1015 1235">
     <span class='ocr_line' id='line_1_13' title="bbox 898 1223 1015 1235; baseline 0 0"><span class='ocrx_word' id='word_1_70' title='bbox 898 1223 1015 1235; x_wconf 66' lang='lat'><strong>000000</strong></span> 
     </span>
    </p>
   </div>
   <div class='ocr_carea' id='block_1_9' title="bbox 1017 1223 1134 1236">
    <p class='ocr_par' dir='ltr' id='par_1_9' title="bbox 1017 1223 1134 1236">
     <span class='ocr_line' id='line_1_14' title="bbox 1017 1223 1134 1236; baseline -0.009 -1"><span class='ocrx_word' id='word_1_71' title='bbox 1017 1223 1134 1236; x_wconf 60' lang='lat' dir='ltr'><strong>eeeeee</strong></span> 
     </span>
    </p>
   </div>
   <div class='ocr_carea' id='block_1_10' title="bbox 286 1282 1739 1369">
    <p class='ocr_par' dir='ltr' id='par_1_10' title="bbox 286 1282 1739 1369">
     <span class='ocr_line' id='line_1_15' title="bbox 330 1282 1739 1328; baseline 0.002 -14"><span class='ocrx_word' id='word_1_72' title='bbox 330 1282 410 1315; x_wconf 87' lang='lat' dir='ltr'><strong>Ode</strong></span> <span class='ocrx_word' id='word_1_73' title='bbox 435 1283 553 1324; x_wconf 79' lang='lat' dir='ltr'><strong>quinta</strong></span> <span class='ocrx_word' id='word_1_74' title='bbox 575 1284 670 1316; x_wconf 80' lang='lat' dir='ltr'>Libri</span> <span class='ocrx_word' id='word_1_75' title='bbox 687 1284 828 1317; x_wconf 88' lang='lat' dir='ltr'><strong>secundi</strong></span> <span class='ocrx_word' id='word_1_76' title='bbox 851 1284 884 1315; x_wconf 88' lang='lat' dir='ltr'><strong>iu</strong></span> <span class='ocrx_word' id='word_1_77' title='bbox 902 1284 967 1316; x_wconf 90' lang='lat' dir='ltr'><strong>Ed.</strong></span> <span class='ocrx_word' id='word_1_78' title='bbox 983 1284 1110 1316; x_wconf 81' lang='lat' dir='ltr'><strong>Sanad.</strong></span> <span class='ocrx_word' id='word_1_79' title='bbox 1147 1285 1346 1327; x_wconf 82' lang='lat' dir='ltr'><strong>Epigraphe</strong></span> <span class='ocrx_word' id='word_1_80' title='bbox 1362 1286 1395 1318; x_wconf 88' lang='lat' dir='ltr'><strong>in</strong></span> <span class='ocrx_word' id='word_1_81' title='bbox 1412 1285 1492 1319; x_wconf 82' lang='lat' dir='ltr'><strong>edd.</strong></span> <span class='ocrx_word' id='word_1_82' title='bbox 1509 1285 1616 1328; x_wconf 82' lang='lat' dir='ltr'><strong>antiq.</strong></span> <span class='ocrx_word' id='word_1_83' title='bbox 1638 1285 1739 1317; x_wconf 77' lang='lat' dir='ltr'><strong>Blan-</strong></span> 
     </span>
     <span class='ocr_line' id='line_1_16' title="bbox 286 1325 1739 1369; baseline 0.003 -14"><span class='ocrx_word' id='word_1_84' title='bbox 286 1326 385 1356; x_wconf 78' lang='lat' dir='ltr'><strong>dusiae</strong></span> <span class='ocrx_word' id='word_1_85' title='bbox 407 1325 532 1365; x_wconf 76' lang='lat' dir='ltr'><strong>fontem</strong></span> <span class='ocrx_word' id='word_1_86' title='bbox 553 1327 680 1364; x_wconf 54' lang='lat' dir='ltr'><strong>&amp;tudun</strong></span> <span class='ocrx_word' id='word_1_87' title='bbox 704 1328 737 1359; x_wconf 89' lang='lat' dir='ltr'><strong>in</strong></span> <span class='ocrx_word' id='word_1_88' title='bbox 756 1327 872 1358; x_wconf 84' lang='lat' dir='ltr'><strong>Lamb.</strong></span> <span class='ocrx_word' id='word_1_89' title='bbox 888 1331 924 1358; x_wconf 87' lang='lat' dir='ltr'><strong>et</strong></span> <span class='ocrx_word' id='word_1_90' title='bbox 939 1327 1094 1368; x_wconf 76' lang='lat' dir='ltr'><strong>pluribus</strong></span> <span class='ocrx_word' id='word_1_91' title='bbox 1109 1328 1153 1359; x_wconf 79' lang='lat' dir='ltr'><strong>al.</strong></span> <span class='ocrx_word' id='word_1_92' title='bbox 1175 1329 1229 1360; x_wconf 76' lang='lat' dir='ltr'><strong>Ad</strong></span> <span class='ocrx_word' id='word_1_93' title='bbox 1241 1329 1367 1367; x_wconf 78' lang='lat' dir='ltr'><strong>fontem</strong></span> <span class='ocrx_word' id='word_1_94' title='bbox 1384 1329 1610 1368; x_wconf 64' lang='lat' dir='ltr'><strong>Blanda-siam</strong></span> <span class='ocrx_word' id='word_1_95' title='bbox 1633 1329 1739 1369; x_wconf 82' lang='lat' dir='ltr'><strong>Crnq.</strong></span> 
     </span>
    </p>
   </div>
   <div class='ocr_carea' id='block_1_11' title="bbox 286 1368 1567 1410">
    <p class='ocr_par' dir='ltr' id='par_1_11' title="bbox 286 1368 1567 1410">
     <span class='ocr_line' id='line_1_17' title="bbox 286 1368 1567 1410; baseline 0.005 -13"><span class='ocrx_word' id='word_1_96' title='bbox 286 1373 320 1397; x_wconf 82' lang='lat' dir='ltr'><strong>et</strong></span> <span class='ocrx_word' id='word_1_97' title='bbox 356 1368 471 1400; x_wconf 77' lang='lat' dir='ltr'><strong>Bentl.</strong></span> <span class='ocrx_word' id='word_1_98' title='bbox 494 1370 547 1400; x_wconf 77' lang='lat' dir='ltr'><strong>Ad</strong></span> <span class='ocrx_word' id='word_1_99' title='bbox 573 1369 698 1407; x_wconf 79' lang='lat' dir='ltr'><strong>sontem</strong></span> <span class='ocrx_word' id='word_1_100' title='bbox 723 1370 942 1406; x_wconf 81' lang='lat' dir='ltr'><strong>Bandusiam,·</strong></span> <span class='ocrx_word' id='word_1_101' title='bbox 978 1370 1071 1410; x_wconf 77' lang='lat' dir='ltr'><strong>Lips.</strong></span> <span class='ocrx_word' id='word_1_102' title='bbox 1094 1373 1126 1402; x_wconf 84' lang='grc'><strong>2.</strong></span> <span class='ocrx_word' id='word_1_103' title='bbox 1148 1370 1202 1402; x_wconf 81' lang='lat' dir='ltr'><strong>Ad</strong></span> <span class='ocrx_word' id='word_1_104' title='bbox 1222 1371 1347 1409; x_wconf 79' lang='lat' dir='ltr'><strong>sontem</strong></span> <span class='ocrx_word' id='word_1_105' title='bbox 1372 1371 1567 1409; x_wconf 58' lang='lat' dir='ltr'><strong>Bau-iusim</strong></span> 
     </span>
    </p>
   </div>
   <div class='ocr_carea' id='block_1_12' title="bbox 1600 1369 1738 1413">
    <p class='ocr_par' dir='ltr' id='par_1_12' title="bbox 1600 1369 1738 1413">
     <span class='ocr_line' id='line_1_18' title="bbox 1600 1369 1738 1413; baseline -0.007 -11"><span class='ocrx_word' id='word_1_106' title='bbox 1600 1369 1738 1413; x_wconf 81' lang='lat' dir='ltr'><strong>quidam</strong></span> 
     </span>
    </p>
   </div>
   <div class='ocr_carea' id='block_1_13' title="bbox 282 1408 1739 1748">
    <p class='ocr_par' dir='ltr' id='par_1_13' title="bbox 282 1408 1739 1748">
     <span class='ocr_line' id='line_1_19' title="bbox 285 1408 1738 1451; baseline 0.001 -11"><span class='ocrx_word' id='word_1_107' title='bbox 285 1408 387 1440; x_wconf 86' lang='lat' dir='ltr'><strong>codd.</strong></span> <span class='ocrx_word' id='word_1_108' title='bbox 416 1410 532 1442; x_wconf 82' lang='lat' dir='ltr'><strong>Lamb.</strong></span> <span class='ocrx_word' id='word_1_109' title='bbox 559 1411 705 1451; x_wconf 85' lang='lat' dir='ltr'><strong>Cuning.</strong></span> <span class='ocrx_word' id='word_1_110' title='bbox 730 1416 766 1442; x_wconf 93' lang='lat' dir='ltr'><strong>et</strong></span> <span class='ocrx_word' id='word_1_111' title='bbox 790 1412 893 1442; x_wconf 80' lang='lat' dir='ltr'><strong>Baxt.</strong></span> <span class='ocrx_word' id='word_1_112' title='bbox 916 1411 970 1442; x_wconf 74' lang='lat' dir='ltr'><strong>Aa</strong></span> <span class='ocrx_word' id='word_1_113' title='bbox 995 1412 1119 1448; x_wconf 78' lang='lat' dir='ltr'><strong>sontem</strong></span> <span class='ocrx_word' id='word_1_114' title='bbox 1142 1413 1367 1451; x_wconf 72' lang='lat' dir='ltr'><strong>Bandusium;</strong></span> <span class='ocrx_word' id='word_1_115' title='bbox 1400 1413 1524 1445; x_wconf 78' lang='lat' dir='ltr'><strong>Sanad.</strong></span> <span class='ocrx_word' id='word_1_116' title='bbox 1545 1413 1601 1445; x_wconf 75' lang='lat' dir='ltr'><strong>Aa</strong></span> <span class='ocrx_word' id='word_1_117' title='bbox 1612 1413 1738 1451; x_wconf 67' lang='lat' dir='ltr'><strong>sontem</strong></span> 
     </span>
     <span class='ocr_line' id='line_1_20' title="bbox 285 1451 1737 1494; baseline 0.001 -12"><span class='ocrx_word' id='word_1_118' title='bbox 285 1451 548 1490; x_wconf 78' lang='lat' dir='ltr'><strong>Digentiam.—1</strong></span> <span class='ocrx_word' id='word_1_119' title='bbox 573 1453 755 1484; x_wconf 70' lang='lat' dir='ltr'><strong>Blandusiae</strong></span> <span class='ocrx_word' id='word_1_120' title='bbox 772 1453 872 1484; x_wconf 88' lang='lat' dir='ltr'><strong>Harl.</strong></span> <span class='ocrx_word' id='word_1_121' title='bbox 885 1455 917 1484; x_wconf 78' lang='lat'><strong>4.</strong></span> <span class='ocrx_word' id='word_1_122' title='bbox 932 1456 964 1484; x_wconf 84' lang='lat'><strong>5.</strong></span> <span class='ocrx_word' id='word_1_123' title='bbox 987 1457 1024 1484; x_wconf 91' lang='lat' dir='ltr'><strong>et</strong></span> <span class='ocrx_word' id='word_1_124' title='bbox 1046 1453 1142 1485; x_wconf 89' lang='lat' dir='ltr'><strong>multi</strong></span> <span class='ocrx_word' id='word_1_125' title='bbox 1161 1454 1262 1485; x_wconf 88' lang='lat' dir='ltr'><strong>codd.</strong></span> <span class='ocrx_word' id='word_1_126' title='bbox 1278 1464 1354 1486; x_wconf 87' lang='lat' dir='ltr'><strong>cum</strong></span> <span class='ocrx_word' id='word_1_127' title='bbox 1371 1455 1451 1487; x_wconf 85' lang='lat' dir='ltr'><strong>edd.</strong></span> <span class='ocrx_word' id='word_1_128' title='bbox 1469 1459 1555 1486; x_wconf 86' lang='lat' dir='ltr'><strong>vett.</strong></span> <span class='ocrx_word' id='word_1_129' title='bbox 1570 1460 1607 1486; x_wconf 87' lang='lat' dir='ltr'><strong>et</strong></span> <span class='ocrx_word' id='word_1_130' title='bbox 1621 1454 1737 1494; x_wconf 79' lang='lat' dir='ltr'><strong>vnlgg.</strong></span> 
     </span>
     <span class='ocr_line' id='line_1_21' title="bbox 285 1492 1739 1537; baseline 0.002 -14"><span class='ocrx_word' id='word_1_131' title='bbox 285 1492 460 1525; x_wconf 72' lang='lat' dir='ltr'><strong>Bandusioe</strong></span> <span class='ocrx_word' id='word_1_132' title='bbox 481 1493 579 1526; x_wconf 84' lang='lat' dir='ltr'><strong>Harl.</strong></span> <span class='ocrx_word' id='word_1_133' title='bbox 596 1498 626 1526; x_wconf 90' lang='lat'><strong>1.</strong></span> <span class='ocrx_word' id='word_1_134' title='bbox 645 1497 677 1527; x_wconf 80' lang='lat'><strong>2.</strong></span> <span class='ocrx_word' id='word_1_135' title='bbox 696 1498 727 1527; x_wconf 84' lang='lat'><strong>3.</strong></span> <span class='ocrx_word' id='word_1_136' title='bbox 743 1498 776 1526; x_wconf 88' lang='grc'><strong>6.</strong></span> <span class='ocrx_word' id='word_1_137' title='bbox 799 1495 932 1536; x_wconf 80' lang='lat' dir='ltr'><strong>aliquot</strong></span> <span class='ocrx_word' id='word_1_138' title='bbox 957 1495 1123 1537; x_wconf 80' lang='lat' dir='ltr'>Lambini,</span> <span class='ocrx_word' id='word_1_139' title='bbox 1149 1495 1407 1528; x_wconf 80' lang='lat' dir='ltr'><strong>Commentator</strong></span> <span class='ocrx_word' id='word_1_140' title='bbox 1431 1502 1469 1528; x_wconf 88' lang='lat' dir='ltr'><strong>et</strong></span> <span class='ocrx_word' id='word_1_141' title='bbox 1493 1506 1610 1528; x_wconf 77' lang='lat' dir='ltr'><strong>omnes</strong></span> <span class='ocrx_word' id='word_1_142' title='bbox 1636 1495 1739 1527; x_wconf 83' lang='lat' dir='ltr'>codd.</span> 
     </span>
     <span class='ocr_line' id='line_1_22' title="bbox 286 1534 1735 1580; baseline 0.003 -15"><span class='ocrx_word' id='word_1_143' title='bbox 286 1534 390 1576; x_wconf 86' lang='lat' dir='ltr'><strong>Cruq.</strong></span> <span class='ocrx_word' id='word_1_144' title='bbox 406 1536 556 1567; x_wconf 73' lang='lat' dir='ltr'>Bentleii</span> <span class='ocrx_word' id='word_1_145' title='bbox 572 1537 687 1569; x_wconf 61' lang='grc' dir='ltr'><strong>(ἕκτα-ν.</strong></span> <span class='ocrx_word' id='word_1_146' title='bbox 703 1537 827 1577; x_wconf 82' lang='lat' dir='ltr'><strong>Regin.</strong></span> <span class='ocrx_word' id='word_1_147' title='bbox 845 1542 880 1568; x_wconf 82' lang='lat' dir='ltr'><strong>et</strong></span> <span class='ocrx_word' id='word_1_148' title='bbox 903 1541 972 1568; x_wconf 79' lang='lat' dir='ltr'><strong>tres</strong></span> <span class='ocrx_word' id='word_1_149' title='bbox 997 1537 1064 1573; x_wconf 80' lang='lat' dir='ltr'><strong>alii,</strong></span> <span class='ocrx_word' id='word_1_150' title='bbox 1086 1537 1165 1568; x_wconf 89' lang='lat' dir='ltr'><strong>item</strong></span> <span class='ocrx_word' id='word_1_151' title='bbox 1184 1537 1313 1578; x_wconf 83' lang='lat' dir='ltr'><strong>Acron,</strong></span> <span class='ocrx_word' id='word_1_152' title='bbox 1326 1538 1426 1570; x_wconf 90' lang='lat' dir='ltr'><strong>codd.</strong></span> <span class='ocrx_word' id='word_1_153' title='bbox 1445 1548 1501 1580; x_wconf 75' lang='lat' dir='ltr'><strong>up.</strong></span> <span class='ocrx_word' id='word_1_154' title='bbox 1517 1538 1619 1570; x_wconf 79' lang='lat' dir='ltr'><strong>eund.</strong></span> <span class='ocrx_word' id='word_1_155' title='bbox 1634 1537 1735 1570; x_wconf 75' lang='lat' dir='ltr'><strong>Gott.</strong></span> 
     </span>
     <span class='ocr_line' id='line_1_23' title="bbox 285 1576 1738 1621; baseline 0.004 -15"><span class='ocrx_word' id='word_1_156' title='bbox 285 1576 372 1608; x_wconf 83' lang='lat' dir='ltr'><strong>Exc.</strong></span> <span class='ocrx_word' id='word_1_157' title='bbox 396 1578 476 1609; x_wconf 71' lang='lat' dir='ltr'><strong>Sex.</strong></span> <span class='ocrx_word' id='word_1_158' title='bbox 493 1578 637 1609; x_wconf 86' lang='lat' dir='ltr'><strong>Mentel.</strong></span> <span class='ocrx_word' id='word_1_159' title='bbox 653 1579 798 1620; x_wconf 84' lang='lat' dir='ltr'><strong>Franeq.</strong></span> <span class='ocrx_word' id='word_1_160' title='bbox 822 1579 931 1619; x_wconf 78' lang='lat' dir='ltr'><strong>Lipss.</strong></span> <span class='ocrx_word' id='word_1_161' title='bbox 948 1581 978 1609; x_wconf 91' lang='grc'><strong>1.</strong></span> <span class='ocrx_word' id='word_1_162' title='bbox 993 1582 1024 1610; x_wconf 81' lang='grc'><strong>2.</strong></span> <span class='ocrx_word' id='word_1_163' title='bbox 1040 1581 1070 1610; x_wconf 88' lang='grc'><strong>3.</strong></span> <span class='ocrx_word' id='word_1_164' title='bbox 1084 1582 1116 1611; x_wconf 85' lang='grc'><strong>4.</strong></span> <span class='ocrx_word' id='word_1_165' title='bbox 1139 1578 1210 1611; x_wconf 90' lang='lat' dir='ltr'><strong>Alt.</strong></span> <span class='ocrx_word' id='word_1_166' title='bbox 1225 1582 1258 1611; x_wconf 79' lang='lat'><strong>2.</strong></span> <span class='ocrx_word' id='word_1_167' title='bbox 1282 1591 1303 1611; x_wconf 83' lang='lat' dir='ltr'><strong>a</strong></span> <span class='ocrx_word' id='word_1_168' title='bbox 1316 1590 1361 1612; x_wconf 90' lang='lat' dir='ltr'><strong>m.</strong></span> <span class='ocrx_word' id='word_1_169' title='bbox 1386 1590 1438 1621; x_wconf 86' lang='lat' dir='ltr'><strong>pr.</strong></span> <span class='ocrx_word' id='word_1_170' title='bbox 1460 1581 1563 1612; x_wconf 80' lang='lat' dir='ltr'><strong>Dess.</strong></span> <span class='ocrx_word' id='word_1_171' title='bbox 1578 1583 1611 1612; x_wconf 82' lang='lat'><strong>2.</strong></span> <span class='ocrx_word' id='word_1_172' title='bbox 1633 1580 1738 1621; x_wconf 86' lang='lat' dir='ltr'><strong>Crnq.</strong></span> 
     </span>
     <span class='ocr_line' id='line_1_24' title="bbox 285 1619 1735 1660; baseline 0.003 -11"><span class='ocrx_word' id='word_1_173' title='bbox 285 1619 402 1650; x_wconf 87' lang='lat' dir='ltr'><strong>Bentl.</strong></span> <span class='ocrx_word' id='word_1_174' title='bbox 416 1619 541 1651; x_wconf 83' lang='lat' dir='ltr'><strong>Sanad.</strong></span> <span class='ocrx_word' id='word_1_175' title='bbox 557 1621 645 1652; x_wconf 89' lang='lat' dir='ltr'><strong>Sivr.</strong></span> <span class='ocrx_word' id='word_1_176' title='bbox 669 1620 760 1660; x_wconf 79' lang='lat' dir='ltr'><strong>Jani,</strong></span> <span class='ocrx_word' id='word_1_177' title='bbox 783 1621 923 1660; x_wconf 83' lang='lat' dir='ltr'><strong>Bipont.</strong></span> <span class='ocrx_word' id='word_1_178' title='bbox 938 1620 1079 1652; x_wconf 80' lang='lat' dir='ltr'><strong>Mitsch.</strong></span> <span class='ocrx_word' id='word_1_179' title='bbox 1095 1622 1242 1652; x_wconf 88' lang='lat' dir='ltr'><strong>Wetzel.</strong></span> <span class='ocrx_word' id='word_1_180' title='bbox 1257 1622 1394 1655; x_wconf 79' lang='lat' dir='ltr'><strong>Wakef.</strong></span> <span class='ocrx_word' id='word_1_181' title='bbox 1409 1628 1446 1654; x_wconf 84' lang='lat' dir='ltr'><strong>et</strong></span> <span class='ocrx_word' id='word_1_182' title='bbox 1462 1623 1565 1655; x_wconf 87' lang='lat' dir='ltr'><strong>Kidd.</strong></span> <span class='ocrx_word' id='word_1_183' title='bbox 1604 1622 1735 1654; x_wconf 73' lang='lat' dir='ltr'><strong>Bandu-</strong></span> 
     </span>
     <span class='ocr_line' id='line_1_25' title="bbox 282 1661 1736 1706; baseline 0.003 -16"><span class='ocrx_word' id='word_1_184' title='bbox 282 1661 329 1690; x_wconf 73' lang='lat' dir='ltr'><strong>sie</strong></span> <span class='ocrx_word' id='word_1_185' title='bbox 350 1661 418 1701; x_wconf 83' lang='lat' dir='ltr'><strong>leg.</strong></span> <span class='ocrx_word' id='word_1_186' title='bbox 440 1662 585 1702; x_wconf 85' lang='lat' dir='ltr'><strong>Cnning.</strong></span> <span class='ocrx_word' id='word_1_187' title='bbox 609 1668 643 1693; x_wconf 84' lang='lat' dir='ltr'><strong>et</strong></span> <span class='ocrx_word' id='word_1_188' title='bbox 668 1668 745 1704; x_wconf 82' lang='lat' dir='ltr'><strong>post</strong></span> <span class='ocrx_word' id='word_1_189' title='bbox 769 1672 846 1693; x_wconf 89' lang='lat' dir='ltr'><strong>eum</strong></span> <span class='ocrx_word' id='word_1_190' title='bbox 867 1663 986 1695; x_wconf 69' lang='lat' dir='ltr'><strong>JoneS.</strong></span> <span class='ocrx_word' id='word_1_191' title='bbox 1010 1667 1046 1694; x_wconf 89' lang='lat' dir='ltr'><strong>et</strong></span> <span class='ocrx_word' id='word_1_192' title='bbox 1069 1663 1175 1694; x_wconf 83' lang='lat' dir='ltr'><strong>Gesn.</strong></span> <span class='ocrx_word' id='word_1_193' title='bbox 1222 1663 1392 1695; x_wconf 73' lang='lat' dir='ltr'><strong>Blandusie</strong></span> <span class='ocrx_word' id='word_1_194' title='bbox 1414 1666 1504 1706; x_wconf 83' lang='lat' dir='ltr'><strong>conj.</strong></span> <span class='ocrx_word' id='word_1_195' title='bbox 1527 1665 1736 1697; x_wconf 60' lang='lat' dir='ltr'><strong>(Harena.—</strong></span> 
     </span>
     <span class='ocr_line' id='line_1_26' title="bbox 285 1702 1736 1748; baseline 0.003 -15"><span class='ocrx_word' id='word_1_196' title='bbox 285 1705 305 1733; x_wconf 85' lang='lat'><strong>2</strong></span> <span class='ocrx_word' id='word_1_197' title='bbox 321 1702 435 1735; x_wconf 74' lang='lat' dir='ltr'><strong>Sclnol.</strong></span> <span class='ocrx_word' id='word_1_198' title='bbox 455 1704 596 1736; x_wconf 83' lang='lat' dir='ltr'><strong>Locher.</strong></span> <span class='ocrx_word' id='word_1_199' title='bbox 611 1705 722 1737; x_wconf 83' lang='lat' dir='ltr'><strong>Laud.</strong></span> <span class='ocrx_word' id='word_1_200' title='bbox 733 1704 874 1736; x_wconf 73' lang='lat' dir='ltr'><strong>Ascens.</strong></span> <span class='ocrx_word' id='word_1_201' title='bbox 891 1705 989 1736; x_wconf 82' lang='lat' dir='ltr'><strong>Brut.</strong></span> <span class='ocrx_word' id='word_1_202' title='bbox 1003 1714 1065 1735; x_wconf 83' lang='lat' dir='ltr'><strong>non</strong></span> <span class='ocrx_word' id='word_1_203' title='bbox 1079 1714 1106 1736; x_wconf 77' lang='lat' dir='ltr'><strong>u.</strong></span> <span class='ocrx_word' id='word_1_204' title='bbox 1123 1705 1261 1746; x_wconf 71' lang='lat' dir='ltr'><strong>floribus</strong></span> <span class='ocrx_word' id='word_1_205' title='bbox 1277 1706 1358 1737; x_wconf 68' lang='lat' dir='ltr'><strong>Cras</strong></span> <span class='ocrx_word' id='word_1_206' title='bbox 1371 1707 1403 1738; x_wconf 82' lang='lat' dir='ltr'><strong>d.</strong></span> <span class='ocrx_word' id='word_1_207' title='bbox 1415 1706 1448 1738; x_wconf 69' lang='lat' dir='ltr'><strong>ln.</strong></span> <span class='ocrx_word' id='word_1_208' title='bbox 1465 1707 1626 1748; x_wconf 75' lang='lat' dir='ltr'><strong>jungunt,</strong></span> <span class='ocrx_word' id='word_1_209' title='bbox 1641 1710 1678 1738; x_wconf 81' lang='lat' dir='ltr'><strong>et</strong></span> <span class='ocrx_word' id='word_1_210' title='bbox 1691 1705 1736 1738; x_wconf 78' lang='lat' dir='ltr'><strong>de</strong></span> 
     </span>
    </p>
   </div>
   <div class='ocr_carea' id='block_1_14' title="bbox 283 1744 897 1787">
    <p class='ocr_par' dir='ltr' id='par_1_14' title="bbox 283 1744 897 1787">
     <span class='ocr_line' id='line_1_27' title="bbox 283 1744 897 1787; baseline 0.008 -14"><span class='ocrx_word' id='word_1_211' title='bbox 283 1744 382 1776; x_wconf 85' lang='lat' dir='ltr'><strong>haedo</strong></span> <span class='ocrx_word' id='word_1_212' title='bbox 397 1745 537 1778; x_wconf 78' lang='lat' dir='ltr'><strong>floribus</strong></span> <span class='ocrx_word' id='word_1_213' title='bbox 553 1752 717 1779; x_wconf 88' lang='lat' dir='ltr'><strong>coronato</strong></span> <span class='ocrx_word' id='word_1_214' title='bbox 732 1748 897 1787; x_wconf 84' lang='lat' dir='ltr'><strong>cogitant.</strong></span> 
     </span>
    </p>
   </div>
   <div class='ocr_carea' id='block_1_15' title="bbox 942 1747 1736 1788">
    <p class='ocr_par' dir='ltr' id='par_1_15' title="bbox 942 1747 1736 1788">
     <span class='ocr_line' id='line_1_28' title="bbox 942 1747 1736 1788; baseline 0.001 -10"><span class='ocrx_word' id='word_1_215' title='bbox 942 1749 952 1764; x_wconf 92' lang='lat'>‘</span> <span class='ocrx_word' id='word_1_216' title='bbox 971 1747 1096 1778; x_wconf 86' lang='lat' dir='ltr'><strong>Melior</strong></span> <span class='ocrx_word' id='word_1_217' title='bbox 1117 1748 1228 1779; x_wconf 80' lang='lat' dir='ltr'><strong>altera</strong></span> <span class='ocrx_word' id='word_1_218' title='bbox 1254 1747 1365 1780; x_wconf 61' lang='lat' dir='ltr'><strong>ratio!</strong></span> <span class='ocrx_word' id='word_1_219' title='bbox 1386 1748 1544 1781; x_wconf 53' lang='grc' dir='ltr'><strong>λοιπή-4</strong></span> <span class='ocrx_word' id='word_1_220' title='bbox 1567 1749 1629 1780; x_wconf 72' lang='lat' dir='ltr'><strong>Cm&#39;</strong></span> <span class='ocrx_word' id='word_1_221' title='bbox 1639 1749 1736 1788; x_wconf 55' lang='lat' dir='ltr'><strong>finnt</strong></span> 
     </span>
    </p>
   </div>
   <div class='ocr_carea' id='block_1_16' title="bbox 283 1787 1736 1834">
    <p class='ocr_par' dir='ltr' id='par_1_16' title="bbox 283 1787 1736 1834">
     <span class='ocr_line' id='line_1_29' title="bbox 283 1787 1736 1834; baseline 0.003 -17"><span class='ocrx_word' id='word_1_222' title='bbox 283 1787 411 1820; x_wconf 78' lang='lat' dir='ltr'><strong>horrida</strong></span> <span class='ocrx_word' id='word_1_223' title='bbox 426 1799 488 1820; x_wconf 80' lang='lat' dir='ltr'><strong>sua</strong></span> <span class='ocrx_word' id='word_1_224' title='bbox 504 1793 606 1821; x_wconf 81' lang='lat' dir='ltr'><strong>aetate</strong></span> <span class='ocrx_word' id='word_1_225' title='bbox 619 1790 654 1822; x_wconf 89' lang='lat' dir='ltr'><strong>in</strong></span> <span class='ocrx_word' id='word_1_226' title='bbox 670 1789 749 1822; x_wconf 86' lang='lat' dir='ltr'><strong>edd.</strong></span> <span class='ocrx_word' id='word_1_227' title='bbox 765 1789 874 1834; x_wconf 56' lang='lat' dir='ltr'><strong>fuisse</strong></span> <span class='ocrx_word' id='word_1_228' title='bbox 889 1788 1000 1822; x_wconf 80' lang='lat' dir='ltr'>refert</span> <span class='ocrx_word' id='word_1_229' title='bbox 1014 1789 1133 1822; x_wconf 81' lang='lat' dir='ltr'>Barth.</span> <span class='ocrx_word' id='word_1_230' title='bbox 1150 1790 1296 1823; x_wconf 79' lang='lat' dir='ltr'><strong>Advers.</strong></span> <span class='ocrx_word' id='word_1_231' title='bbox 1313 1799 1411 1823; x_wconf 77' lang='lat' dir='ltr'><strong>xmx.</strong></span> <span class='ocrx_word' id='word_1_232' title='bbox 1427 1795 1460 1823; x_wconf 81' lang='grc'><strong>5.</strong></span> <span class='ocrx_word' id='word_1_233' title='bbox 1475 1790 1530 1823; x_wconf 82' lang='lat' dir='ltr'><strong>cui</strong></span> <span class='ocrx_word' id='word_1_234' title='bbox 1547 1791 1600 1823; x_wconf 84' lang='lat' dir='ltr'><strong>vel</strong></span> <span class='ocrx_word' id='word_1_235' title='bbox 1615 1790 1736 1823; x_wconf 72' lang='lat' dir='ltr'><strong>melino</strong></span> 
     </span>
    </p>
   </div>
   <div class='ocr_carea' id='block_1_17' title="bbox 939 1876 1080 1909">
    <p class='ocr_par' dir='ltr' id='par_1_17' title="bbox 939 1876 1080 1909">
     <span class='ocr_line' id='line_1_30' title="bbox 939 1876 1080 1909; baseline -0.007 0"><span class='ocrx_word' id='word_1_236' title='bbox 939 1876 1080 1909; x_wconf 81' lang='lat' dir='ltr'>NOTAE</span> 
     </span>
    </p>
   </div>
   <div class='ocr_carea' id='block_1_18' title="bbox 278 1938 983 2819">
    <p class='ocr_par' dir='ltr' id='par_1_18' title="bbox 325 1938 971 1982">
     <span class='ocr_line' id='line_1_31' title="bbox 325 1938 971 1982; baseline 0.006 -13"><span class='ocrx_word' id='word_1_237' title='bbox 325 1938 478 1970; x_wconf 81' lang='lat' dir='ltr'><strong>Metrum</strong></span> <span class='ocrx_word' id='word_1_238' title='bbox 492 1939 581 1972; x_wconf 89' lang='lat' dir='ltr'><strong>idem</strong></span> <span class='ocrx_word' id='word_1_239' title='bbox 595 1940 684 1982; x_wconf 88' lang='lat' dir='ltr'><strong>quod</strong></span> <span class='ocrx_word' id='word_1_240' title='bbox 698 1950 802 1982; x_wconf 80' lang='lat' dir='ltr'><strong>supra</strong></span> <span class='ocrx_word' id='word_1_241' title='bbox 817 1950 842 1972; x_wconf 91' lang='grc' dir='ltr'><strong>ι.</strong></span> <span class='ocrx_word' id='word_1_242' title='bbox 858 1940 927 1973; x_wconf 87' lang='lat' dir='ltr'><strong>Od.</strong></span> <span class='ocrx_word' id='word_1_243' title='bbox 939 1944 971 1973; x_wconf 89' lang='lat'><strong>5.</strong></span> 
     </span>
    </p>

    <p class='ocr_par' dir='ltr' id='par_1_19' title="bbox 280 1989 983 2367">
     <span class='ocr_line' id='line_1_32' title="bbox 326 1989 979 2030; baseline 0.005 -12"><span class='ocrx_word' id='word_1_244' title='bbox 326 1990 342 2018; x_wconf 91' lang='grc'><strong>1</strong></span> <span class='ocrx_word' id='word_1_245' title='bbox 368 1989 397 2018; x_wconf 91' lang='lat' dir='ltr'><strong><em>O</em></strong></span> <span class='ocrx_word' id='word_1_246' title='bbox 415 1989 510 2030; x_wconf 76' lang='lat' dir='ltr'><strong>Fons,</strong></span> <span class='ocrx_word' id='word_1_247' title='bbox 525 1990 594 2030; x_wconf 52' lang='grc' dir='ltr'><strong>ἔξω]</strong></span> <span class='ocrx_word' id='word_1_248' title='bbox 618 1991 686 2023; x_wconf 88' lang='lat' dir='ltr'><strong>Hic</strong></span> <span class='ocrx_word' id='word_1_249' title='bbox 702 1990 806 2023; x_wconf 84' lang='lat' dir='ltr'><strong>fontis</strong></span> <span class='ocrx_word' id='word_1_250' title='bbox 829 1991 979 2022; x_wconf 81' lang='lat' dir='ltr'><strong>Blandu-</strong></span> 
     </span>
     <span class='ocr_line' id='line_1_33' title="bbox 282 2037 980 2082; baseline 0.007 -15"><span class='ocrx_word' id='word_1_251' title='bbox 282 2037 341 2067; x_wconf 71' lang='lat' dir='ltr'><strong>siae</strong></span> <span class='ocrx_word' id='word_1_252' title='bbox 367 2039 575 2077; x_wconf 81' lang='lat' dir='ltr'><strong>apotheosim</strong></span> <span class='ocrx_word' id='word_1_253' title='bbox 597 2041 766 2082; x_wconf 81' lang='lat' dir='ltr'><strong>quandam</strong></span> <span class='ocrx_word' id='word_1_254' title='bbox 789 2045 980 2081; x_wconf 80' lang='lat' dir='ltr'><strong>agnoscunt</strong></span> 
     </span>
     <span class='ocr_line' id='line_1_34' title="bbox 281 2087 979 2129; baseline 0.009 -13"><span class='ocrx_word' id='word_1_255' title='bbox 281 2087 449 2119; x_wconf 86' lang='lat' dir='ltr'><strong>nonnulli.</strong></span> <span class='ocrx_word' id='word_1_256' title='bbox 493 2087 541 2119; x_wconf 90' lang='lat' dir='ltr'><strong>At</strong></span> <span class='ocrx_word' id='word_1_257' title='bbox 555 2090 676 2120; x_wconf 76' lang='lat' dir='ltr'><strong>saltem</strong></span> <span class='ocrx_word' id='word_1_258' title='bbox 691 2096 811 2122; x_wconf 78' lang='lat' dir='ltr'><strong>notare</strong></span> <span class='ocrx_word' id='word_1_259' title='bbox 826 2090 923 2129; x_wconf 85' lang='lat' dir='ltr'><strong>licet,</strong></span> <span class='ocrx_word' id='word_1_260' title='bbox 936 2099 979 2121; x_wconf 82' lang='lat' dir='ltr'><strong>ex</strong></span> 
     </span>
     <span class='ocr_line' id='line_1_35' title="bbox 281 2138 983 2181; baseline 0.01 -16"><span class='ocrx_word' id='word_1_261' title='bbox 281 2140 398 2166; x_wconf 86' lang='lat' dir='ltr'><strong>mente</strong></span> <span class='ocrx_word' id='word_1_262' title='bbox 421 2141 573 2169; x_wconf 81' lang='lat' dir='ltr'><strong>veterum</strong></span> <span class='ocrx_word' id='word_1_263' title='bbox 590 2138 702 2171; x_wconf 83' lang='lat' dir='ltr'><strong>fontes</strong></span> <span class='ocrx_word' id='word_1_264' title='bbox 725 2150 842 2172; x_wconf 86' lang='lat' dir='ltr'><strong>sacros</strong></span> <span class='ocrx_word' id='word_1_265' title='bbox 863 2140 983 2181; x_wconf 83' lang='lat' dir='ltr'><strong>fuisse,</strong></span> 
     </span>
     <span class='ocr_line' id='line_1_36' title="bbox 280 2186 979 2231; baseline 0.007 -15"><span class='ocrx_word' id='word_1_266' title='bbox 280 2190 317 2217; x_wconf 87' lang='lat' dir='ltr'><strong>et</strong></span> <span class='ocrx_word' id='word_1_267' title='bbox 341 2186 468 2227; x_wconf 81' lang='lat' dir='ltr'><strong>aliquid</strong></span> <span class='ocrx_word' id='word_1_268' title='bbox 497 2187 643 2218; x_wconf 87' lang='lat' dir='ltr'><strong>numinis</strong></span> <span class='ocrx_word' id='word_1_269' title='bbox 668 2187 846 2220; x_wconf 84' lang='lat' dir='ltr'><strong>habuisse:</strong></span> <span class='ocrx_word' id='word_1_270' title='bbox 873 2199 979 2231; x_wconf 81' lang='lat' dir='ltr'><strong>quare</strong></span> 
     </span>
     <span class='ocr_line' id='line_1_37' title="bbox 281 2235 981 2279; baseline 0.006 -13"><span class='ocrx_word' id='word_1_271' title='bbox 281 2235 346 2267; x_wconf 71' lang='lat' dir='ltr'><strong>illi·</strong></span> <span class='ocrx_word' id='word_1_272' title='bbox 358 2235 607 2277; x_wconf 77' lang='lat' dir='ltr'><strong>sacrificabant,</strong></span> <span class='ocrx_word' id='word_1_273' title='bbox 617 2242 654 2268; x_wconf 91' lang='lat' dir='ltr'><strong>ut</strong></span> <span class='ocrx_word' id='word_1_274' title='bbox 665 2242 700 2268; x_wconf 87' lang='lat' dir='ltr'><strong>et</strong></span> <span class='ocrx_word' id='word_1_275' title='bbox 713 2237 876 2269; x_wconf 77' lang='lat' dir='ltr'><strong>Horatius</strong></span> <span class='ocrx_word' id='word_1_276' title='bbox 889 2249 981 2279; x_wconf 86' lang='lat' dir='ltr'><strong>prae-</strong></span> 
     </span>
     <span class='ocr_line' id='line_1_38' title="bbox 280 2285 979 2329; baseline 0.004 -13"><span class='ocrx_word' id='word_1_277' title='bbox 280 2285 451 2318; x_wconf 74' lang='lat' dir='ltr'><strong>atatistic.</strong></span> <span class='ocrx_word' id='word_1_278' title='bbox 475 2285 581 2318; x_wconf 83' lang='lat' dir='ltr'><strong>1.0d.</strong></span> <span class='ocrx_word' id='word_1_279' title='bbox 597 2288 629 2318; x_wconf 88' lang='lat'><strong>1.</strong></span> <span class='ocrx_word' id='word_1_280' title='bbox 651 2287 662 2305; x_wconf 90' lang='lat'>‘</span> <span class='ocrx_word' id='word_1_281' title='bbox 686 2297 783 2329; x_wconf 78' lang='lat' dir='ltr'><strong>aquae</strong></span> <span class='ocrx_word' id='word_1_282' title='bbox 799 2293 904 2328; x_wconf 83' lang='lat' dir='ltr'><strong>caput</strong></span> <span class='ocrx_word' id='word_1_283' title='bbox 926 2297 979 2319; x_wconf 76' lang='lat' dir='ltr'><strong>sa—</strong></span> 
     </span>
     <span class='ocr_line' id='line_1_39' title="bbox 281 2334 650 2367; baseline 0 -1"><span class='ocrx_word' id='word_1_284' title='bbox 281 2334 376 2367; x_wconf 66' lang='lat' dir='ltr'><strong>crae!</strong></span> <span class='ocrx_word' id='word_1_285' title='bbox 399 2335 488 2366; x_wconf 86' lang='lat' dir='ltr'><strong>Vide</strong></span> <span class='ocrx_word' id='word_1_286' title='bbox 504 2335 552 2366; x_wconf 84' lang='lat' dir='ltr'><strong>ibi</strong></span> <span class='ocrx_word' id='word_1_287' title='bbox 568 2336 650 2367; x_wconf 89' lang='lat' dir='ltr'><strong>Not.</strong></span> 
     </span>
    </p>

    <p class='ocr_par' dir='ltr' id='par_1_20' title="bbox 280 2386 979 2667">
     <span class='ocr_line' id='line_1_40' title="bbox 325 2386 977 2429; baseline 0.002 -11"><span class='ocrx_word' id='word_1_288' title='bbox 325 2386 411 2418; x_wconf 69' lang='lat' dir='ltr'><strong>Fons</strong></span> <span class='ocrx_word' id='word_1_289' title='bbox 437 2386 625 2429; x_wconf 71' lang='lat' dir='ltr'><strong>Bandmiae]</strong></span> <span class='ocrx_word' id='word_1_290' title='bbox 649 2387 686 2419; x_wconf 82' lang='lat' dir='ltr'><strong>Is</strong></span> <span class='ocrx_word' id='word_1_291' title='bbox 714 2386 805 2428; x_wconf 68' lang='lat' dir='ltr'><strong>apud</strong></span> <span class='ocrx_word' id='word_1_292' title='bbox 835 2387 977 2420; x_wconf 74' lang='lat' dir='ltr'><strong>Sabino-</strong></span> 
     </span>
     <span class='ocr_line' id='line_1_41' title="bbox 282 2435 979 2478; baseline 0.003 -11"><span class='ocrx_word' id='word_1_293' title='bbox 282 2446 355 2467; x_wconf 87' lang='lat' dir='ltr'><strong>rum</strong></span> <span class='ocrx_word' id='word_1_294' title='bbox 381 2435 478 2476; x_wconf 79' lang='lat' dir='ltr'><strong>fines,</strong></span> <span class='ocrx_word' id='word_1_295' title='bbox 493 2437 536 2467; x_wconf 87' lang='lat' dir='ltr'><strong>ad</strong></span> <span class='ocrx_word' id='word_1_296' title='bbox 562 2437 756 2468; x_wconf 84' lang='lat' dir='ltr'><strong>Mandelam</strong></span> <span class='ocrx_word' id='word_1_297' title='bbox 781 2446 919 2478; x_wconf 84' lang='lat' dir='ltr'><strong>pagum,</strong></span> <span class='ocrx_word' id='word_1_298' title='bbox 934 2438 979 2469; x_wconf 81' lang='lat' dir='ltr'><strong>si·</strong></span> 
     </span>
     <span class='ocr_line' id='line_1_42' title="bbox 282 2485 979 2527; baseline 0.003 -11"><span class='ocrx_word' id='word_1_299' title='bbox 282 2491 335 2517; x_wconf 69' lang='lat' dir='ltr'><strong>tus</strong></span> <span class='ocrx_word' id='word_1_300' title='bbox 353 2485 474 2517; x_wconf 86' lang='lat' dir='ltr'><strong>eratin</strong></span> <span class='ocrx_word' id='word_1_301' title='bbox 499 2486 627 2526; x_wconf 81' lang='lat' dir='ltr'><strong>praedio</strong></span> <span class='ocrx_word' id='word_1_302' title='bbox 651 2486 758 2518; x_wconf 79' lang='lat' dir='ltr'><strong>nostri</strong></span> <span class='ocrx_word' id='word_1_303' title='bbox 783 2486 919 2527; x_wconf 63' lang='grc' dir='ltr'><strong>Ροὲῐω,</strong></span> <span class='ocrx_word' id='word_1_304' title='bbox 936 2487 979 2518; x_wconf 88' lang='lat' dir='ltr'><strong>de</strong></span> 
     </span>
     <span class='ocr_line' id='line_1_43' title="bbox 281 2535 978 2578; baseline 0.003 -11"><span class='ocrx_word' id='word_1_305' title='bbox 281 2546 348 2578; x_wconf 85' lang='lat' dir='ltr'><strong>quo</strong></span> <span class='ocrx_word' id='word_1_306' title='bbox 374 2545 414 2568; x_wconf 93' lang='grc' dir='ltr'><strong>ιι.</strong></span> <span class='ocrx_word' id='word_1_307' title='bbox 432 2535 500 2567; x_wconf 90' lang='lat' dir='ltr'><strong>Od.</strong></span> <span class='ocrx_word' id='word_1_308' title='bbox 527 2539 579 2568; x_wconf 83' lang='lat'><strong>18.</strong></span> <span class='ocrx_word' id='word_1_309' title='bbox 603 2539 655 2568; x_wconf 86' lang='grc'><strong>14.</strong></span> <span class='ocrx_word' id='word_1_310' title='bbox 679 2541 715 2568; x_wconf 85' lang='lat' dir='ltr'><strong>et</strong></span> <span class='ocrx_word' id='word_1_311' title='bbox 740 2546 767 2568; x_wconf 90' lang='lat'><strong>1.</strong></span> <span class='ocrx_word' id='word_1_312' title='bbox 791 2537 903 2578; x_wconf 85' lang='lat' dir='ltr'><strong>Epist.</strong></span> <span class='ocrx_word' id='word_1_313' title='bbox 925 2539 978 2569; x_wconf 86' lang='grc'><strong>16.</strong></span> 
     </span>
     <span class='ocr_line' id='line_1_44' title="bbox 282 2586 979 2626; baseline 0.001 -9"><span class='ocrx_word' id='word_1_314' title='bbox 282 2587 355 2617; x_wconf 85' lang='lat' dir='ltr'><strong>init.</strong></span> <span class='ocrx_word' id='word_1_315' title='bbox 374 2586 443 2626; x_wconf 86' lang='lat' dir='ltr'><strong>ubi,</strong></span> <span class='ocrx_word' id='word_1_316' title='bbox 457 2590 466 2603; x_wconf 86' lang='lat'>‘</span> <span class='ocrx_word' id='word_1_317' title='bbox 485 2586 576 2617; x_wconf 83' lang='lat' dir='ltr'><strong>Fons</strong></span> <span class='ocrx_word' id='word_1_318' title='bbox 601 2586 703 2618; x_wconf 84' lang='lat' dir='ltr'><strong>etiam</strong></span> <span class='ocrx_word' id='word_1_319' title='bbox 727 2587 799 2618; x_wconf 91' lang='lat' dir='ltr'><strong>rivo</strong></span> <span class='ocrx_word' id='word_1_320' title='bbox 813 2587 896 2618; x_wconf 85' lang='lat' dir='ltr'><strong>dare</strong></span> <span class='ocrx_word' id='word_1_321' title='bbox 920 2596 979 2618; x_wconf 90' lang='lat' dir='ltr'><strong>no-</strong></span> 
     </span>
     <span class='ocr_line' id='line_1_45' title="bbox 280 2635 543 2667; baseline 0.004 -1"><span class='ocrx_word' id='word_1_322' title='bbox 280 2645 357 2667; x_wconf 86' lang='lat' dir='ltr'><strong>men</strong></span> <span class='ocrx_word' id='word_1_323' title='bbox 374 2635 543 2667; x_wconf 63' lang='lat' dir='ltr'><strong>idoneus!</strong></span> 
     </span>
    </p>

    <p class='ocr_par' dir='ltr' id='par_1_21' title="bbox 278 2685 978 2819">
     <span class='ocr_line' id='line_1_46' title="bbox 324 2685 978 2727; baseline -0.003 -9"><span class='ocrx_word' id='word_1_324' title='bbox 324 2689 344 2718; x_wconf 83' lang='lat'><strong>2</strong></span> <span class='ocrx_word' id='word_1_325' title='bbox 368 2686 571 2725; x_wconf 78' lang='lat' dir='ltr'><strong>Dulcidigne</strong></span> <span class='ocrx_word' id='word_1_326' title='bbox 589 2685 688 2726; x_wconf 85' lang='lat' dir='ltr'><strong>mero]</strong></span> <span class='ocrx_word' id='word_1_327' title='bbox 713 2686 829 2727; x_wconf 86' lang='lat' dir='ltr'><strong>Digne</strong></span> <span class='ocrx_word' id='word_1_328' title='bbox 850 2685 978 2718; x_wconf 77' lang='lat' dir='ltr'><strong>sacrifi-</strong></span> 
     </span>
     <span class='ocr_line' id='line_1_47' title="bbox 280 2735 978 2777; baseline -0.003 -9"><span class='ocrx_word' id='word_1_329' title='bbox 280 2736 354 2775; x_wconf 81' lang='lat' dir='ltr'><strong>ciis,</strong></span> <span class='ocrx_word' id='word_1_330' title='bbox 369 2736 403 2767; x_wconf 83' lang='lat' dir='ltr'><strong>iu</strong></span> <span class='ocrx_word' id='word_1_331' title='bbox 418 2736 538 2777; x_wconf 76' lang='lat' dir='ltr'><strong>quibus</strong></span> <span class='ocrx_word' id='word_1_332' title='bbox 553 2735 736 2771; x_wconf 79' lang='lat' dir='ltr'><strong>adhibetur</strong></span> <span class='ocrx_word' id='word_1_333' title='bbox 752 2736 866 2767; x_wconf 89' lang='lat' dir='ltr'><strong>vinum</strong></span> <span class='ocrx_word' id='word_1_334' title='bbox 884 2745 924 2767; x_wconf 83' lang='lat' dir='ltr'><strong>ac</strong></span> <span class='ocrx_word' id='word_1_335' title='bbox 939 2736 978 2766; x_wconf 89' lang='lat' dir='ltr'><strong>li—</strong></span> 
     </span>
     <span class='ocr_line' id='line_1_48' title="bbox 278 2787 392 2819; baseline -0.009 0"><span class='ocrx_word' id='word_1_336' title='bbox 278 2787 392 2819; x_wconf 84' lang='lat' dir='ltr'><strong>batur.</strong></span> 
     </span>
    </p>
   </div>
   <div class='ocr_carea' id='block_1_19' title="bbox 1029 1939 1736 2826">
    <p class='ocr_par' dir='ltr' id='par_1_22' title="bbox 1029 1939 1736 2528">
     <span class='ocr_line' id='line_1_49' title="bbox 1078 1939 1735 1983; baseline 0 -11"><span class='ocrx_word' id='word_1_337' title='bbox 1078 1942 1154 1973; x_wconf 79' lang='lat' dir='ltr'><strong>Non</strong></span> <span class='ocrx_word' id='word_1_338' title='bbox 1165 1939 1390 1983; x_wconf 68' lang='lat' dir='ltr'><strong>sinefloribus]</strong></span> <span class='ocrx_word' id='word_1_339' title='bbox 1414 1939 1576 1972; x_wconf 71' lang='lat' dir='ltr'><strong>Libnnte·</strong></span> <span class='ocrx_word' id='word_1_340' title='bbox 1585 1939 1663 1972; x_wconf 74' lang='lat' dir='ltr'><strong>vina</strong></span> <span class='ocrx_word' id='word_1_341' title='bbox 1677 1949 1735 1972; x_wconf 88' lang='lat' dir='ltr'><strong>co-</strong></span> 
     </span>
     <span class='ocr_line' id='line_1_50' title="bbox 1033 1989 1736 2031; baseline 0.001 -10"><span class='ocrx_word' id='word_1_342' title='bbox 1033 1991 1213 2022; x_wconf 82' lang='lat' dir='ltr'><strong>ronabant.</strong></span> <span class='ocrx_word' id='word_1_343' title='bbox 1236 1990 1357 2031; x_wconf 84' lang='lat' dir='ltr'><strong>virgil.</strong></span> <span class='ocrx_word' id='word_1_344' title='bbox 1370 1990 1500 2031; x_wconf 83' lang='lat' dir='ltr'><strong>Georg.</strong></span> <span class='ocrx_word' id='word_1_345' title='bbox 1515 1999 1556 2022; x_wconf 80' lang='grc' dir='ltr'><strong>ιι.</strong></span> <span class='ocrx_word' id='word_1_346' title='bbox 1567 1992 1644 2022; x_wconf 79' lang='grc'><strong>528.</strong></span> <span class='ocrx_word' id='word_1_347' title='bbox 1657 1989 1668 2008; x_wconf 87' lang='lat'>‘</span> <span class='ocrx_word' id='word_1_348' title='bbox 1683 1999 1736 2022; x_wconf 78' lang='lat' dir='ltr'><strong>so·</strong></span> 
     </span>
     <span class='ocr_line' id='line_1_51' title="bbox 1033 2039 1734 2073; baseline 0 0"><span class='ocrx_word' id='word_1_349' title='bbox 1033 2041 1078 2073; x_wconf 87' lang='lat' dir='ltr'><strong>cii</strong></span> <span class='ocrx_word' id='word_1_350' title='bbox 1101 2046 1237 2073; x_wconf 82' lang='lat' dir='ltr'><strong>cratera</strong></span> <span class='ocrx_word' id='word_1_351' title='bbox 1259 2045 1447 2072; x_wconf 79' lang='lat' dir='ltr'><strong>coronant:</strong></span> <span class='ocrx_word' id='word_1_352' title='bbox 1471 2041 1522 2072; x_wconf 87' lang='lat' dir='ltr'><strong>Te</strong></span> <span class='ocrx_word' id='word_1_353' title='bbox 1545 2039 1653 2072; x_wconf 79' lang='lat' dir='ltr'><strong>libans</strong></span> <span class='ocrx_word' id='word_1_354' title='bbox 1670 2041 1734 2073; x_wconf 84' lang='lat' dir='ltr'><strong>Le-</strong></span> 
     </span>
     <span class='ocr_line' id='line_1_52' title="bbox 1032 2090 1735 2124; baseline 0 -2"><span class='ocrx_word' id='word_1_355' title='bbox 1032 2101 1107 2123; x_wconf 83' lang='lat' dir='ltr'><strong>naee</strong></span> <span class='ocrx_word' id='word_1_356' title='bbox 1123 2090 1250 2124; x_wconf 84' lang='lat' dir='ltr'><strong>vocat.&#39;</strong></span> <span class='ocrx_word' id='word_1_357' title='bbox 1277 2092 1324 2123; x_wconf 90' lang='lat' dir='ltr'><strong>Et</strong></span> <span class='ocrx_word' id='word_1_358' title='bbox 1337 2091 1470 2123; x_wconf 86' lang='lat' dir='ltr'><strong>AEneid.</strong></span> <span class='ocrx_word' id='word_1_359' title='bbox 1487 2094 1597 2124; x_wconf 78' lang='lat'><strong>1.⁷28.</strong></span> <span class='ocrx_word' id='word_1_360' title='bbox 1626 2090 1638 2108; x_wconf 79' lang='lat'><strong>⁴</strong></span> <span class='ocrx_word' id='word_1_361' title='bbox 1653 2090 1735 2123; x_wconf 81' lang='lat' dir='ltr'><strong>Cra-</strong></span> 
     </span>
     <span class='ocr_line' id='line_1_53' title="bbox 1031 2141 1733 2184; baseline -0.003 -10"><span class='ocrx_word' id='word_1_362' title='bbox 1031 2148 1121 2175; x_wconf 70' lang='lat' dir='ltr'><strong>teran</strong></span> <span class='ocrx_word' id='word_1_363' title='bbox 1145 2151 1286 2184; x_wconf 80' lang='lat' dir='ltr'><strong>magnos</strong></span> <span class='ocrx_word' id='word_1_364' title='bbox 1306 2146 1461 2174; x_wconf 79' lang='lat' dir='ltr'><strong>statuunt</strong></span> <span class='ocrx_word' id='word_1_365' title='bbox 1483 2146 1521 2173; x_wconf 87' lang='lat' dir='ltr'><strong>et</strong></span> <span class='ocrx_word' id='word_1_366' title='bbox 1543 2141 1623 2173; x_wconf 76' lang='lat' dir='ltr'><strong>vina</strong></span> <span class='ocrx_word' id='word_1_367' title='bbox 1638 2149 1733 2172; x_wconf 85' lang='lat' dir='ltr'><strong>coro·</strong></span> 
     </span>
     <span class='ocr_line' id='line_1_54' title="bbox 1032 2190 1732 2225; baseline -0.004 -1"><span class='ocrx_word' id='word_1_368' title='bbox 1032 2192 1140 2225; x_wconf 65' lang='lat' dir='ltr'><strong>nant!</strong></span> <span class='ocrx_word' id='word_1_369' title='bbox 1166 2192 1292 2224; x_wconf 87' lang='lat' dir='ltr'><strong>Tibull.</strong></span> <span class='ocrx_word' id='word_1_370' title='bbox 1314 2201 1358 2223; x_wconf 83' lang='grc' dir='ltr'><strong>ιι.</strong></span> <span class='ocrx_word' id='word_1_371' title='bbox 1385 2195 1418 2223; x_wconf 88' lang='lat'><strong>5.</strong></span> <span class='ocrx_word' id='word_1_372' title='bbox 1439 2193 1494 2223; x_wconf 86' lang='grc'><strong>98.</strong></span> <span class='ocrx_word' id='word_1_373' title='bbox 1515 2190 1526 2209; x_wconf 78' lang='lat'><strong>⁴</strong></span> <span class='ocrx_word' id='word_1_374' title='bbox 1543 2191 1732 2223; x_wconf 70' lang='lat' dir='ltr'><strong>Coronatus</strong></span> 
     </span>
     <span class='ocr_line' id='line_1_55' title="bbox 1031 2240 1732 2282; baseline 0.001 -10"><span class='ocrx_word' id='word_1_375' title='bbox 1031 2242 1135 2273; x_wconf 79' lang='lat' dir='ltr'><strong>stabit</strong></span> <span class='ocrx_word' id='word_1_376' title='bbox 1149 2247 1184 2273; x_wconf 90' lang='lat' dir='ltr'><strong>et</strong></span> <span class='ocrx_word' id='word_1_377' title='bbox 1197 2242 1271 2282; x_wconf 85' lang='lat' dir='ltr'><strong>ipse</strong></span> <span class='ocrx_word' id='word_1_378' title='bbox 1280 2241 1391 2273; x_wconf 74' lang='lat' dir='ltr'><strong>calix-⁹</strong></span> <span class='ocrx_word' id='word_1_379' title='bbox 1414 2242 1468 2273; x_wconf 86' lang='lat' dir='ltr'><strong>Ex</strong></span> <span class='ocrx_word' id='word_1_380' title='bbox 1483 2240 1732 2273; x_wconf 71' lang='lat' dir='ltr'><strong>Homer-Iliad.</strong></span> 
     </span>
     <span class='ocr_line' id='line_1_56' title="bbox 1029 2290 1731 2331; baseline 0 -10"><span class='ocrx_word' id='word_1_381' title='bbox 1029 2295 1056 2322; x_wconf 89' lang='lat'><strong>1.</strong></span> <span class='ocrx_word' id='word_1_382' title='bbox 1094 2292 1253 2331; x_wconf 69' lang='grc' dir='ltr'>Κρητῆρας</span> <span class='ocrx_word' id='word_1_383' title='bbox 1268 2290 1483 2331; x_wconf 70' lang='grc' dir='ltr'>ἐπεστέψαντο</span> <span class='ocrx_word' id='word_1_384' title='bbox 1498 2293 1618 2323; x_wconf 75' lang='grc' dir='ltr'><strong>ποτοῖο.</strong></span> <span class='ocrx_word' id='word_1_385' title='bbox 1646 2291 1731 2325; x_wconf 81' lang='lat' dir='ltr'><strong>Qui-</strong></span> 
     </span>
     <span class='ocr_line' id='line_1_57' title="bbox 1030 2339 1730 2372; baseline 0.001 -1"><span class='ocrx_word' id='word_1_386' title='bbox 1030 2340 1107 2371; x_wconf 80' lang='lat' dir='ltr'><strong>dam</strong></span> <span class='ocrx_word' id='word_1_387' title='bbox 1142 2339 1243 2371; x_wconf 83' lang='lat' dir='ltr'><strong>flores</strong></span> <span class='ocrx_word' id='word_1_388' title='bbox 1278 2341 1361 2372; x_wconf 80' lang='lat' dir='ltr'><strong>istos</strong></span> <span class='ocrx_word' id='word_1_389' title='bbox 1392 2341 1548 2372; x_wconf 79' lang='lat' dir='ltr'><strong>referunt</strong></span> <span class='ocrx_word' id='word_1_390' title='bbox 1582 2341 1626 2372; x_wconf 83' lang='lat' dir='ltr'><strong>ad</strong></span> <span class='ocrx_word' id='word_1_391' title='bbox 1659 2341 1730 2372; x_wconf 79' lang='lat' dir='ltr'><strong>hae-</strong></span> 
     </span>
     <span class='ocr_line' id='line_1_58' title="bbox 1030 2389 1730 2421; baseline 0 0"><span class='ocrx_word' id='word_1_392' title='bbox 1030 2389 1111 2421; x_wconf 89' lang='lat' dir='ltr'><strong>dum</strong></span> <span class='ocrx_word' id='word_1_393' title='bbox 1147 2389 1378 2420; x_wconf 75' lang='lat' dir='ltr'><strong>mactandum.</strong></span> <span class='ocrx_word' id='word_1_394' title='bbox 1423 2389 1513 2420; x_wconf 78' lang='lat' dir='ltr'><strong>Nam</strong></span> <span class='ocrx_word' id='word_1_395' title='bbox 1551 2398 1623 2420; x_wconf 81' lang='lat' dir='ltr'><strong>mos</strong></span> <span class='ocrx_word' id='word_1_396' title='bbox 1652 2393 1730 2421; x_wconf 77' lang='lat' dir='ltr'><strong>erat</strong></span> 
     </span>
     <span class='ocr_line' id='line_1_59' title="bbox 1031 2436 1729 2479; baseline 0.003 -10"><span class='ocrx_word' id='word_1_397' title='bbox 1031 2437 1186 2470; x_wconf 80' lang='lat' dir='ltr'><strong>coronari</strong></span> <span class='ocrx_word' id='word_1_398' title='bbox 1207 2437 1376 2469; x_wconf 83' lang='lat' dir='ltr'><strong>victimas.</strong></span> <span class='ocrx_word' id='word_1_399' title='bbox 1419 2436 1503 2478; x_wconf 82' lang='lat' dir='ltr'><strong>Alii,</strong></span> <span class='ocrx_word' id='word_1_400' title='bbox 1526 2438 1615 2479; x_wconf 88' lang='lat' dir='ltr'><strong>quod</strong></span> <span class='ocrx_word' id='word_1_401' title='bbox 1638 2437 1729 2471; x_wconf 85' lang='lat' dir='ltr'><strong>flori-</strong></span> 
     </span>
     <span class='ocr_line' id='line_1_60' title="bbox 1031 2485 1571 2528; baseline 0 -10"><span class='ocrx_word' id='word_1_402' title='bbox 1031 2486 1095 2518; x_wconf 89' lang='lat' dir='ltr'><strong>bus</strong></span> <span class='ocrx_word' id='word_1_403' title='bbox 1110 2487 1362 2528; x_wconf 76' lang='lat' dir='ltr'><strong>spargebantur</strong></span> <span class='ocrx_word' id='word_1_404' title='bbox 1378 2485 1505 2518; x_wconf 77' lang='lat' dir='ltr'><strong>fontes.</strong></span> <span class='ocrx_word' id='word_1_405' title='bbox 1565 2518 1571 2521; x_wconf 83' lang='grc'><em>,</em></span> 
     </span>
    </p>

    <p class='ocr_par' dir='ltr' id='par_1_23' title="bbox 1030 2534 1730 2826">
     <span class='ocr_line' id='line_1_61' title="bbox 1075 2534 1730 2576; baseline 0 -8"><span class='ocrx_word' id='word_1_406' title='bbox 1075 2539 1094 2568; x_wconf 88' lang='grc'><strong>3</strong></span> <span class='ocrx_word' id='word_1_407' title='bbox 1119 2537 1199 2568; x_wconf 74' lang='lat' dir='ltr'><strong>Grae</strong></span> <span class='ocrx_word' id='word_1_408' title='bbox 1226 2535 1388 2567; x_wconf 73' lang='lat' dir='ltr'><strong>donaberis</strong></span> <span class='ocrx_word' id='word_1_409' title='bbox 1410 2535 1514 2576; x_wconf 73' lang='lat' dir='ltr'><strong>haedo]</strong></span> <span class='ocrx_word' id='word_1_410' title='bbox 1537 2534 1730 2568; x_wconf 81' lang='lat' dir='ltr'><strong>Immolabi·</strong></span> 
     </span>
     <span class='ocr_line' id='line_1_62' title="bbox 1033 2585 1728 2626; baseline 0 -8"><span class='ocrx_word' id='word_1_411' title='bbox 1033 2591 1090 2619; x_wconf 84' lang='lat' dir='ltr'><strong>tur</strong></span> <span class='ocrx_word' id='word_1_412' title='bbox 1106 2586 1166 2618; x_wconf 84' lang='lat' dir='ltr'><strong>tibi</strong></span> <span class='ocrx_word' id='word_1_413' title='bbox 1182 2586 1336 2617; x_wconf 77' lang='lat' dir='ltr'><strong>haedulus</strong></span> <span class='ocrx_word' id='word_1_414' title='bbox 1353 2590 1452 2616; x_wconf 85' lang='lat' dir='ltr'><strong>tener</strong></span> <span class='ocrx_word' id='word_1_415' title='bbox 1473 2585 1527 2616; x_wconf 88' lang='lat' dir='ltr'><strong>cui</strong></span> <span class='ocrx_word' id='word_1_416' title='bbox 1547 2594 1728 2626; x_wconf 83' lang='lat' dir='ltr'><strong>erumpere</strong></span> 
     </span>
     <span class='ocr_line' id='line_1_63' title="bbox 1031 2634 1729 2676; baseline 0 -8"><span class='ocrx_word' id='word_1_417' title='bbox 1031 2646 1158 2668; x_wconf 79' lang='lat' dir='ltr'><strong>cornua</strong></span> <span class='ocrx_word' id='word_1_418' title='bbox 1186 2636 1364 2676; x_wconf 86' lang='lat' dir='ltr'><strong>incipiunt.</strong></span> <span class='ocrx_word' id='word_1_419' title='bbox 1419 2634 1453 2665; x_wconf 73' lang='lat'><strong>1³</strong></span> <span class='ocrx_word' id='word_1_420' title='bbox 1488 2644 1571 2676; x_wconf 87' lang='lat' dir='ltr'><strong>ergo</strong></span> <span class='ocrx_word' id='word_1_421' title='bbox 1600 2634 1729 2668; x_wconf 77' lang='lat' dir='ltr'><strong>frustra</strong></span> 
     </span>
     <span class='ocr_line' id='line_1_64' title="bbox 1030 2684 1727 2726; baseline -0.001 -9"><span class='ocrx_word' id='word_1_422' title='bbox 1030 2686 1217 2718; x_wconf 83' lang='lat' dir='ltr'><strong>meditatur</strong></span> <span class='ocrx_word' id='word_1_423' title='bbox 1254 2685 1372 2726; x_wconf 72' lang='lat' dir='ltr'><strong>praelia</strong></span> <span class='ocrx_word' id='word_1_424' title='bbox 1409 2684 1445 2715; x_wconf 89' lang='lat' dir='ltr'><strong>in</strong></span> <span class='ocrx_word' id='word_1_425' title='bbox 1480 2684 1563 2715; x_wconf 74' lang='lat' dir='ltr'><strong>alios</strong></span> <span class='ocrx_word' id='word_1_426' title='bbox 1600 2684 1727 2716; x_wconf 78' lang='lat' dir='ltr'><strong>haedos.</strong></span> 
     </span>
     <span class='ocr_line' id='line_1_65' title="bbox 1031 2733 1726 2767; baseline 0 -1"><span class='ocrx_word' id='word_1_427' title='bbox 1031 2735 1133 2767; x_wconf 82' lang='lat' dir='ltr'><strong>Ovid.</strong></span> <span class='ocrx_word' id='word_1_428' title='bbox 1150 2735 1243 2766; x_wconf 77' lang='lat' dir='ltr'><strong>Fast.</strong></span> <span class='ocrx_word' id='word_1_429' title='bbox 1263 2744 1294 2766; x_wconf 92' lang='lat' dir='ltr'><strong>v.</strong></span> <span class='ocrx_word' id='word_1_430' title='bbox 1311 2737 1386 2765; x_wconf 88' lang='grc'><strong>300.</strong></span> <span class='ocrx_word' id='word_1_431' title='bbox 1421 2733 1431 2750; x_wconf 90' lang='lat'>‘</span> <span class='ocrx_word' id='word_1_432' title='bbox 1444 2734 1545 2765; x_wconf 83' lang='lat' dir='ltr'><strong>Fonti</strong></span> <span class='ocrx_word' id='word_1_433' title='bbox 1560 2734 1635 2766; x_wconf 82' lang='lat' dir='ltr'><strong>Rex</strong></span> <span class='ocrx_word' id='word_1_434' title='bbox 1653 2735 1726 2767; x_wconf 85' lang='lat' dir='ltr'><strong>Nu·</strong></span> 
     </span>
     <span class='ocr_line' id='line_1_66' title="bbox 1031 2783 1726 2826; baseline -0.003 -9"><span class='ocrx_word' id='word_1_435' title='bbox 1031 2795 1086 2817; x_wconf 83' lang='lat' dir='ltr'><strong>ma</strong></span> <span class='ocrx_word' id='word_1_436' title='bbox 1108 2790 1236 2817; x_wconf 84' lang='lat' dir='ltr'><strong>mactat</strong></span> <span class='ocrx_word' id='word_1_437' title='bbox 1251 2794 1369 2824; x_wconf 82' lang='lat' dir='ltr'><strong>ovem3</strong></span> <span class='ocrx_word' id='word_1_438' title='bbox 1394 2784 1570 2826; x_wconf 79' lang='lat' dir='ltr'><strong>Plenaque</strong></span> <span class='ocrx_word' id='word_1_439' title='bbox 1593 2783 1726 2816; x_wconf 76' lang='lat' dir='ltr'><strong>odorati</strong></span> 
     </span>
    </p>
   </div>
  </div>
 </body>
</html>
