1916 3190
600 285 871 317 muninus·
907 285 1001 316 ms.
1033 284 1064 315 1.
1094 274 1164 315 28.

1514 274 1598 315 195

269 380 537 422 Particulam
549 380 676 422 dare:
697 380 778 428 sic,
793 379 1104 433 quodcumque
1123 376 1357 419 minabitur
1370 376 1514 418 Eurus
1543 378 1601 419 25

328 446 563 487 Fluctibus
584 446 831 500 Hesperiis,
851 445 1096 487 venusinae

161 567 276 599 *ἐοικ-
289 567 416 608 sotem
429 569 547 600 ouibus
560 570 591 600 et
605 568 702 609 ωρῑει·
716 567 878 607 ειη-ιιι..
920 567 975 599 ιια
988 567 1135 609 quiaquia
1148 567 1257 598 Em
1274 564 1473 597 ..inflabitur
1490 562 1600 593 nauco

763 648 1000 662 000000000000

160 713 279 746 Joues.
293 712 339 745 ob
349 712 575 745 hiatum-25
599 712 718 745 Codex
734 711 926 744 Helm-ud.
947 713 978 744 si
992 714 1285 754 quacunque-28
1313 713 1403 744 Unde
1414 710 1498 752 potis
1512 709 1601 748 conj.

812 785 952 818 NOTAE

162 854 212 890 to,
224 852 336 893 quem,
349 850 386 882 iu
404 850 480 891 ipso
501 850 618 882 statim
633 849 728 883 Odes
743 850 855 890 initio,

162 901 301 941 pulvere
329 904 525 932 contectum
554 900 627 932 ait?
663 899 756 932 Satis
784 904 858 931 ent

162 949 291 990 quippe
299 949 353 980 vel
363 949 498 980 minima
506 954 598 981 terra
606 954 737 989 partem
743 959 857 990 quam·

163 999 254 1039 piam
269 998 421 1039 corporis
435 999 527 1040 tegi!
567 999 706 1030 Scilicet
720 1008 857 1030 arenam

163 1055 256 1079 mare
265 1047 464 1079 advolvam
474 1048 729 1089 aliquantulam,
738 1053 772 1078 et
783 1057 860 1079 cor·

165 1106 228 1138 pus
243 1101 429 1138 utcumque
444 1102 591 1128 texerat.
635 1096 682 1128 At
698 1097 860 1138 numquid

164 1147 238 1178 bec
254 1150 329 1178 erat
341 1146 492 1186 regiuma
506 1147 707 1187 sepultura?
743 1147 861 1178 Talem

165 1205 249 1231 vero
263 1196 377 1236 poscit
391 1195 572 1237 Archytas.
595 1198 605 1214 ⁸
616 1196 674 1237 qni
700 1196 789 1227 solus
803 1197 861 1227 ho-

165 1254 228 1276 nos
243 1244 437 1277 Acheronte
457 1245 519 1276 sub
541 1245 608 1276 imo
630 1244 707 1284 est:
727 1254 772 1275 ex
785 1244 862 1276 Vir-

165 1294 223 1335 gil.
235 1293 368 1326 AEneid.
381 1296 495 1326 ¹¹38.
518 1294 568 1325 Eo
583 1302 682 1334 porro
693 1293 751 1335 qui
766 1302 863 1324 care-

166 1345 261 1384 bant,
273 1352 377 1375 anuos
392 1348 530 1375 centum
555 1352 684 1381 errare,
709 1347 860 1374 veterum

167 1393 367 1434 superstitio
393 1392 622 1424 existimabat.
664 1392 786 1432 Virgil.
804 1391 861 1423 Ε-

165 1440 258 1481 neid.
272 1449 325 1472 vr.
338 1442 432 1473 825!
442 1441 529 1473 Haec
541 1440 662 1480 omnis,
676 1450 775 1481 quarn
788 1449 862 1472 cer-

167 1491 233 1531 nis,
262 1490 359 1531 inops
387 1490 627 1531 inhumataque
656 1490 754 1521 turba
783 1494 859 1521 est:

166 1539 321 1574 Portitor
334 1539 393 1571 ille
416 1539 572 1572 Charon:
594 1540 642 1579 bi,
662 1549 746 1581 quos
769 1539 862 1571 vebit

166 1588 272 1630 nuda,
285 1589 423 1630 sepulti.
467 1589 544 1621 Nee
559 1590 653 1630 ripas
669 1590 771 1621 datur
785 1590 862 1620 bor-

166 1637 290 1670 tendas
311 1647 377 1670 uec
398 1649 502 1671 rauca
523 1639 654 1671 fluenta
673 1640 858 1679 'rr-ospor-

167 1691 244 1718 tara
266 1687 373 1728 prius,
392 1697 495 1729 quam
517 1689 655 1720 sedibus
678 1698 753 1720 ossa
766 1688 860 1729 qnie-

168 1740 258 1767 runt.
285 1736 432 1768 Centum
446 1742 561 1769 errant
573 1747 691 1778 annos,
706 1738 865 1769 volitant·

168 1793 235 1825 que
249 1784 322 1816 bne
336 1785 451 1816 littora
462 1787 609 1817 circum:
632 1787 718 1816 Tum
730 1786 864 1816 demum

170 1832 308 1864 admissi
343 1838 465 1874 stagna
492 1840 659 1876 exoptata
688 1834 863 1867 revisunt!

170 1881 272 1914 Adde
299 1883 389 1923 quod
413 1883 516 1914 babet
539 1883 639 1914 Alex.
657 1884 700 1914 ab
714 1882 815 1915 Alex.
829 1892 864 1915 v.

170 1933 226 1962 26.
249 1930 309 1962 ubi
323 1931 373 1962 sic
387 1932 529 1963 scribit:
552 1933 563 1949 ‘
580 1931 665 1963 Ludi
681 1932 723 1963 ad
738 1932 867 1964 Taren-

171 1983 243 2011 tum
257 1980 447 2013 Saeeulares
457 1980 553 2020 dicti,
562 1982 620 2022 qui
633 1981 774 2021 singulis
789 1990 867 2012 eeu-

172 2034 245 2061 tum
259 2030 356 2060 auuis
370 2039 415 2066 ex
430 2034 605 2070 pracepto
622 2029 865 2070 Sibyllinorum

172 2079 356 2110 carminum
369 2078 500 2110 fiebant
519 2077 562 2109 ad
588 2079 771 2118 placandos
791 2078 866 2108 Ma-

171 2136 249 2159 nes:
269 2136 411 2170 quorum
422 2130 544 2159 auctor
555 2127 670 2158 Valet.
688 2127 866 2158 Publicola

174 2198 184 2206 .
198 2198 207 2206 .
219 2199 229 2208 .
253 2175 415 2208 Prodit-n·
428 2175 604 2208 decretum
619 2176 709 2208 iuter
720 2176 863 2209 Pontifi-

172 2233 230 2256 ces
241 2228 280 2256 ut
287 2224 318 2256 si
327 2223 494 2257 defuncto
504 2224 663 2256 cadaveri
672 2225 766 2266 justa
776 2225 864 2266 quis-

171 2273 263 2314 piam
277 2273 439 2305 exhibere
457 2275 542 2313 vult,
562 2278 599 2305 et
623 2283 666 2305 an
691 2275 864 2306 humatum

170 2327 264 2354 esset
284 2322 320 2353 in
334 2322 473 2354 dubium
488 2323 636 2362 veniret,
653 2323 737 2354 satis
761 2323 865 2355 babe-

172 2375 250 2402 reut
273 2371 304 2402 si
326 2371 529 2412 quibusdam
543 2372 648 2403 sacris
663 2372 865 2412 precationi·

173 2420 303 2462 busque
328 2421 490 2453 exhibitis
512 2421 644 2462 glebam
659 2421 793 2454 absenti
809 2432 864 2454 ca-

174 2468 287 2501 daveri
301 2475 362 2502 aut
376 2474 498 2502 terram
522 2471 716 2512 injicerent,
741 2476 864 2513 terque

175 2516 302 2558 injecto
318 2520 457 2559 pulvere
469 2530 490 2551 a
499 2520 575 2552 labe
587 2522 710 2552 erroris
721 2521 867 2559 cadayer

176 2575 356 2609 manuque
376 2570 532 2610 expiatos
554 2570 739 2602 ducerent:
763 2576 867 2611 atque

175 2614 204 2645 si
227 2621 349 2655 operto
371 2617 471 2649 humo
492 2618 672 2658 cadavere,
692 2629 730 2650 os
744 2628 867 2659 excep-

177 2668 247 2695 tum
257 2663 392 2705 fuisset,
402 2666 511 2699 donec
526 2674 703 2708 purgetur,
718 2669 865 2699 inhuma-

178 2720 250 2747 tum
281 2714 412 2747 videri:
454 2716 541 2748 Haec
566 2718 635 2749 ille.
676 2718 782 2760 Atqui
810 2718 864 2749 bic

176 2765 350 2798 inhumato
364 2765 470 2805 capiti
485 2775 598 2797 areuae
618 2767 691 2798 dari
717 2767 865 2807 particu-

909 851 975 882 lam
991 855 1067 882 orat
1079 850 1261 891 Archytas.
1286 849 1378 887 Ergo
1390 851 1494 888 caput
1505 854 1604 886 oper-

911 898 1059 931 tum'uon
1072 905 1166 938 erat;
1183 908 1251 940 qua
1261 899 1415 939 corporis
1431 896 1607 936 praecipua

912 955 1011 990 parte
1026 959 1092 980 uon
1108 954 1279 987 contecta,
1302 947 1510 988 insepultum
1526 955 1606 978 ceu-

912 999 975 1030 seri
993 998 1095 1030 debet
1111 1008 1246 1039 corpus.
1290 998 1389 1030 Quod
1407 996 1542 1038 quidem
1558 997 1607 1027 in-

913 1048 1080 1087 telligitur
1095 1057 1139 1078 ex
1153 1048 1325 1078 sententia
1339 1046 1608 1079 Jurisconsulto-

914 1107 1001 1135 rum,
1022 1097 1112 1136 apud
1137 1106 1218 1138 quos
1240 1106 1374 1127 sacrum
1397 1095 1542 1127 babetur
1556 1105 1608 1126 se·

916 1146 1070 1187 pulcrum
1094 1146 1128 1176 in
1151 1155 1217 1187 quo
1239 1145 1412 1177 eonditum
1437 1145 1481 1176 sit
1504 1148 1609 1186 caput

914 1195 1068 1235 bominis,
1086 1195 1218 1226 etiamsi
1234 1195 1364 1237 reliqua
1377 1195 1490 1226 absint
1505 1204 1609 1226 mem·

914 1245 999 1276 bra:
1029 1245 1112 1276 item
1136 1243 1267 1276 offenso
1291 1245 1421 1285 capite,
1449 1245 1612 1276 violatum

913 1293 1060 1325 babetur
1071 1295 1278 1335 sepulcrum,
1290 1295 1448 1335 quoniam
1459 1304 1519 1326 arx
1533 1304 1611 1326 sen-

914 1352 1011 1374 suum
1039 1347 1076 1374 et
1104 1343 1244 1375 rationis
1272 1348 1377 1383 caput
1404 1348 1471 1384 est,
1502 1351 1611 1384 eoque

915 1397 1027 1423 amoto
1047 1398 1164 1424 cetera
1186 1402 1341 1433 prorsum
1364 1393 1484 1434 ignota
1506 1391 1612 1424 omui-

915 1450 981 1483 que
995 1441 1118 1474 decore
1125 1443 1247 1483 jacent
1258 1447 1383 1480 exuta;
1399 1446 1436 1474 et
1449 1440 1610 1483 quicquid

914 1490 1049 1522 honoris
1064 1490 1294 1523 contribuitur
1312 1491 1431 1532 capiti,
1452 1491 1611 1522 universo

916 1540 1016 1581 plane
1046 1541 1182 1582 corpori
1209 1540 1411 1572 attributum
1438 1540 1611 1571 existima-

916 1594 996 1621 tur:
1037 1600 1114 1631 quae
1147 1589 1317 1621 Ambrosii
1350 1589 1519 1620 sententia
1548 1593 1613 1619 eat.

914 1638 1001 1669 Haec
1019 1639 1174 1678 apposite
1190 1639 1275 1670 Coel.
1292 1638 1435 1678 Rhodig.
1450 1646 1543 1668 xvn.
1560 1639 1612 1668 19.

958 1690 999 1718 25
1024 1687 1092 1728 Sic,
1108 1689 1316 1728 quodcumque
1331 1687 1514 1726 minabitur,
1536 1687 1609 1726 ξω]

916 1737 980 1769 Sic.
990 1742 1026 1768 te
1042 1738 1149 1777 pietas
1163 1737 1334 1767 numinum
1350 1736 1393 1767 ab
1405 1736 1494 1766 omni
1509 1735 1615 1765 viudi-

919 1788 975 1817 eet
989 1786 1090 1825 malo,
1104 1790 1206 1826 teque
1220 1785 1315 1815 bouis
1329 1785 1491 1824 cumulet,
1506 1787 1546 1814 ut
1561 1792 1614 1814 er·

917 1844 959 1874 ga
974 1843 1027 1864 me
1043 1835 1116 1874 pius
1131 1833 1251 1873 fueris,
1264 1838 1302 1864 et
1317 1842 1393 1874 quae
1412 1832 1511 1873 justa
1532 1836 1613 1872 peto

918 1884 1139 1915 concesseris.
1182 1885 1273 1924 Ergo
1293 1883 1322 1914 si
1347 1891 1400 1914 me
1423 1882 1612 1922 sepelieris,

919 1937 1078 1963 avertant
1108 1931 1166 1963 Dii
1184 1942 1205 1963 a
1227 1936 1263 1963 te
1291 1931 1441 1972 pericula
1467 1934 1615 1970 tempes-

920 1986 1042 2020 tatum,
1069 1985 1316 2021 ventorumque
1351 1979 1500 2011 furorem
1529 1979 1613 2010 mari

918 2028 1008 2070 quod
1039 2029 1181 2069 navigas
1209 2029 1409 2059 minantium
1442 2028 1475 2058 in
1501 2029 1614 2068 sylvas

917 2078 1122 2120 propinquas
1137 2077 1324 2118 depellant,
1339 2078 1477 2118 insuper
1498 2083 1612 2108 autem

918 2133 954 2159 et
967 2133 1133 2169 quaestum
1148 2128 1346 2168 lucrumque
1368 2132 1462 2158 tuum
1480 2136 1614 2167 promo-

919 2183 1041 2208 veant:
1075 2177 1230 2218 adeoque
1262 2177 1309 2208 sit
1344 2177 1458 2217 exigui
1487 2176 1614 2207 laboris

919 2236 982 2267 pro
1010 2236 1065 2258 me
1086 2227 1136 2258 tui
1159 2235 1289 2258 merces
1319 2227 1427 2258 multa
1456 2225 1501 2256 ab
1523 2226 1611 2258 Jove

919 2277 1149 2316 Neptunoque
1170 2285 1342 2307 concessa.

965 2325 1083 2366 Earn]
1098 2325 1243 2365 Syuecd.
1258 2334 1319 2365 pro
1334 2323 1487 2364 quolibet
1501 2328 1613 2356 vento.

918 2374 984 2405 Ille
1006 2374 1133 2405 dicitur
1162 2374 1204 2404 ab
1233 2371 1273 2403 ἕω
1301 2371 1389 2412 ῥέων,
1420 2372 1460 2401 ab
1495 2371 1613 2402 oriente

908 2423 1036 2464 fimf
1058 2423 1123 2455 alio
1150 2422 1285 2453 nomine
1310 2420 1499 2457 ἄπήλιότης·
1543 2420 1612 2452 Ro-

917 2473 1026 2504 manis
1072 2477 1186 2503 autem
1233 2470 1345 2502 nautis
1391 2470 1611 2502 subsolanus.

919 2522 1011 2554 Gell.
1027 2530 1069 2552 ιι.
1084 2524 1138 2551 22.

961 2572 1004 2600 26
1014 2569 1176 2600 Fluctibus
1183 2568 1361 2608 Hesperiis]
1371 2568 1505 2600 Italiam
1516 2569 1614 2601 (ἂι-3)·

919 2619 951 2649 ci
977 2618 1177 2658 Hesperiam
1193 2617 1325 2658 dixere,
1347 2618 1438 2660 quod
1460 2618 1507 2649 sit
1528 2618 1612 2659 ipsis

916 2667 958 2698 ad
975 2676 1151 2698 occasum:
1174 2665 1234 2697 bos
1249 2666 1372 2697 imitati
1385 2666 1505 2698 Poetae
1521 2667 1612 2700 Lati-

918 2717 952 2748 ni
972 2716 1103 2756 pariter
1123 2725 1296 2747 vocavere.
1340 2717 1460 2756 Virgil.
1478 2717 1610 2750 AEneid.

918 2775 943 2797 ι.
959 2768 1032 2797 534.
1055 2766 1065 2781 ‘
1082 2765 1144 2796 Est
1165 2765 1271 2807 locus,
1296 2766 1497 2809 Hesperiam
1514 2767 1611 2800 Graii
