1916 3190
262 226 347 268 378
739 242 782 280 Q.
815 240 1023 272 HoRA'rn
1059 242 1233 273 rnacct

548 333 646 376 Nec
667 335 808 388 parcit
827 334 1019 375 imbellis
1032 334 1233 388 Juventae

604 402 860 455 Poplitibus
882 401 1093 443 timidove
1117 406 1252 454 tergo.

489 469 662 519 Virtus,
682 469 873 522 repulsae
892 469 1048 511 nescia
1063 468 1274 519 sordidae,

490 537 775 578 Intaminatis
794 537 934 590 fulget
953 537 1219 578 honoribus:

1656 337 1710 378 15

262 660 333 693 Nec
345 662 485 702 indulget
498 663 622 703 ignavis
634 664 872 695 adolescentibus
889 674 974 703 genu
988 665 1189 697 trementibus
1203 669 1235 697 et
1249 667 1374 698 dorsum
1388 665 1590 697 vertentibus.
1639 664 1710 697 Vir-

260 706 313 735 tus
327 708 446 745 turpem
459 706 611 746 repulsam
629 707 776 746 ignorat:
797 707 888 747 puris
901 707 1064 739 honoribus
1077 709 1261 740 decoratur:
1284 718 1379 749 neque
1396 708 1510 749 accipit
1522 709 1570 740 vel
1584 707 1709 749 deponit

868 811 1023 825 ooeeeaeoo
1029 813 1104 826 ’σθ’

261 885 355 926 ning.
371 886 482 918 Anim.
498 897 573 928 cap.
589 896 652 919 xv.
669 897 702 928 p.
718 890 880 920 266.--16
903 889 1027 922 Faern.
1043 891 1145 922 Torn.
1171 894 1207 922 et
1231 898 1317 921 unus
1334 889 1414 921 Vat.
1436 887 1604 927 Lambini,
1627 886 1709 919 Pul-

261 929 374 959 manni
390 929 570 961 Gemblac.
585 933 618 961 2.
636 930 830 963 Helmstad.
844 930 935 963 Altt.
951 934 980 963 l.
991 935 1022 963 2.
1038 932 1131 972 Lips.
1148 934 1179 964 1.
1190 935 1222 962 3.
1237 931 1387 963 Bentleii
1406 931 1563 962 Petrens.
1579 930 1660 962 Gal.
1673 935 1709 961 et

265 970 350 1011 Reg.
370 971 451 1003 Soc.
470 971 616 1003 timidone
628 982 640 1009 ;
664 977 700 1003 et
716 972 765 1004 sie
782 973 900 1004 Bentl.
923 973 1000 1014 (qui
1014 974 1076 1014 nit,
1101 983 1168 1005 non
1192 983 1278 1014 opus
1305 983 1393 1013 esse,
1414 977 1453 1005 nt
1469 972 1599 1004 duobus
1625 973 1710 1004 locis

261 1020 352 1044 mors
367 1022 445 1046 eum
469 1013 669 1055 percutiat,)
693 1014 838 1055 Cuniug.
862 1015 988 1046 Sanad.
1012 1015 1132 1047 Jones.
1155 1016 1260 1048 Baxt.
1287 1015 1394 1047 Gesn.
1421 1013 1712 1054 Zona-lanum-

262 1061 357 1096 pont.
377 1055 516 1087 Mitsch·
529 1056 674 1088 Wetzel.
689 1056 808 1087 Comb.
833 1056 965 1088 Wakef.
986 1062 1023 1089 et
1050 1057 1152 1090 Kidd.
1195 1058 1309 1099 Vulgo
1323 1057 1499 1097 timidoque.
1545 1057 1648 1088 Febr.
1663 1055 1712 1087 ai't

262 1097 342 1129 olim
356 1098 483 1130 lectum
497 1096 615 1139 fuisse,
631 1098 868 1130 nitidem—17
885 1099 1020 1131 Novam
1037 1099 1138 1131 Oden
1151 1100 1206 1131 liic
1221 1100 1356 1132 orditur
1370 1100 1565 1141 Sivry.-—18
1588 1100 1598 1116 ‘
1614 1098 1712 1130 Unus

262 1139 432 1180 Lambini,
453 1140 645 1181 Pulmanni,
662 1141 779 1175 Hunn.
793 1146 830 1173 et
845 1141 980 1173 Diesth.
993 1142 1141 1183 Franeq.
1159 1141 1235 1174 cod.
1250 1142 1320 1174 Ob.
1331 1141 1462 1174 Gifanii
1476 1141 1553 1173 Ind.
1567 1141 1667 1172 Lucr.
1681 1149 1712 1171 v.

261 1182 273 1199 ‘
288 1182 471 1222 Hyperm.'
495 1193 528 1223 p.
551 1185 627 1215 432.
651 1183 816 1225 (Collect.
841 1183 885 1216 ad
912 1184 1013 1217 Lucr.
1038 1186 1162 1226 p.252.
1186 1184 1241 1217 ed.
1268 1184 1441 1225 Haverk.)
1466 1184 1577 1216 Pulm.
1593 1182 1712 1215 Heius.

265 1223 410 1266 Cuuing.
425 1231 462 1257 et
476 1225 603 1257 Sauad.

653 1267 775 1308 Virtus,
790 1269 922 1309 repulsoe
935 1269 1039 1301 nescia
1052 1269 1203 1310 sordidae,
1217 1269 1267 1300 in-

645 1311 876 1347 contaminatis,
891 1313 945 1351 &a

264 1350 420 1382 Probant
435 1352 537 1384 etiam
556 1351 602 1384 H.
618 1353 736 1392 Steph.
754 1353 868 1385 Diatr.
884 1354 962 1385 Sec.
979 1363 1005 1385 1.
1021 1357 1108 1385 extr.
1123 1353 1196 1395 (qui
1209 1353 1307 1394 dicit,
1322 1353 1586 1395 quamplurimos
1609 1349 1710 1384 codd.

262 1391 311 1422 ita
327 1391 468 1432 habere,
483 1395 538 1435 cuj
546 1404 582 1426 us
600 1395 646 1425 rei
664 1404 766 1434 penes
783 1395 893 1435 ipsum
906 1395 990 1426 fides
1002 1394 1029 1436 l)
1045 1396 1159 1427 Klotz.
1174 1397 1498 1437 Lect.Ven.p.2so.
1511 1396 1580 1427 Bos
1598 1395 1712 1425 Anim-

263 1433 306 1464 ad
325 1433 415 1467 Hor.
436 1445 513 1476 cap.
531 1445 613 1467 vul.
629 1437 710 1467 item
725 1438 833 1476 magis
856 1438 970 1477 placet
986 1438 1104 1468 Lamb.
1123 1438 1239 1469 Bentl.
1263 1441 1312 1477 et,
1329 1443 1365 1468 ut
1381 1439 1528 1475 videtur,
1545 1438 1712 1469 Gesnero.

263 1475 462 1516 Probabile,
475 1479 672 1515 lectionem,
688 1479 954 1520 incontaminatis,
971 1483 1079 1510 ortam
1098 1488 1175 1510 esse
1191 1489 1211 1510 e
1226 1480 1340 1520 glossa
1354 1479 1593 1519 Grammatici,
1613 1477 1716 1509 ambi-

264 1518 433 1558 guitatem
461 1521 582 1552 tollere
597 1521 766 1553 volentis!
788 1521 878 1554 Jani.
921 1521 1139 1553 Inter-minatis
1165 1521 1256 1563 conj.
1279 1521 1385 1553 With.
1410 1526 1446 1554 et
1471 1521 1520 1554 sic
1540 1521 1614 1562 jam
1641 1529 1712 1551 var.

920 1629 954 1661 N
958 1628 1062 1660 01*AE

264 1709 476 1751 protrahere,
493 1712 633 1744 stultum
648 1717 700 1744 est
715 1717 752 1745 et
767 1722 902 1753 vanum,
913 1713 961 1744 in-

263 1761 356 1802 quit:
389 1770 464 1792 naun
490 1763 500 1779 ‘
518 1771 607 1793 mors
633 1763 862 1804 apprehendit
886 1772 963 1795 eum

263 1820 396 1852 quoque
409 1811 465 1851 qui
477 1820 624 1852 pugnam
638 1812 786 1854 refugit,'
801 1823 842 1844 ex
855 1812 962 1845 Simo-

264 1860 368 1893 nide:
395 1860 536 1894 Θάνατος
558 1863 655 1901 ἐφῆκε
677 1863 729 1895 καὶ
751 1862 809 1894 τὸν
822 1862 963 1904 ‹pu-roud-

264 1920 333 1949 xou.
367 1911 413 1943 Et
424 1912 580 1953 Tyrtaeus
593 1923 669 1944 mox
682 1915 743 1945 cit.
757 1915 828 1947 ait:
850 1916 860 1933 ‘
876 1915 963 1946 Eum

265 1961 323 1999 qui
338 1970 357 1992 e
375 1962 495 2001 praelio
512 1962 654 2003 telisque
668 1964 805 2003 elapsus
824 1970 889 2005 est,
904 1964 964 1996 do-

265 2008 312 2039 mi
323 2018 414 2049 saepe
430 2019 449 2040 a
465 2015 575 2042 morte
590 2012 741 2052 corripi.'
950 2049 954 2052 ,

309 2061 348 2089 15
374 2059 441 2090 Nec
451 2060 555 2099 parcit
579 2061 713 2092 imbellis
721 2062 864 2100 juventa:
883 2064 964 2104 Pop-

269 2107 378 2140 litibus
408 2109 557 2140 timidove
582 2111 686 2151 tergo]
711 2112 790 2143 Huc
811 2114 965 2145 revocari

266 2162 408 2198 possunt
424 2163 460 2189 et
476 2158 604 2190 debent
620 2161 736 2200 plures
747 2166 781 2193 et
795 2163 896 2194 variae
912 2163 964 2194 fu-

267 2208 401 2248 gacium
417 2213 453 2239 et
466 2208 736 2250 delinquentium
751 2210 785 2241 iu
799 2210 888 2243 bello
905 2222 966 2252 pu-

267 2252 429 2297 nitiones,
458 2268 542 2299 quas
563 2257 638 2290 fuse
666 2258 775 2291 refert
797 2258 896 2291 Alex.
923 2260 967 2292 ab

267 2306 369 2338 Alex.
382 2315 423 2338 11.
437 2309 488 2339 13.

313 2359 354 2388 17
382 2356 504 2396 Virtus,
531 2358 663 2399 repulso
688 2359 792 2391 nescia
818 2359 965 2400 sordidae,

268 2405 340 2446 ἔξω]
362 2405 450 2438 Haec
473 2407 624 2439 secunda
646 2417 724 2448 pars
739 2414 794 2440 est
808 2409 908 2445 odae,
931 2410 965 2440 in

269 2465 336 2496 qua
364 2456 480 2488 Stoice
507 2466 646 2498 prorsus
669 2458 792 2490 omnia.
836 2459 966 2496 Virtus,

267 2505 391 2546 inquit,
406 2507 498 2547 puris
517 2505 644 2539 fruitur
659 2508 863 2547 honoribus3
887 2518 966 2550 pro-

270 2555 361 2595 prios
397 2556 432 2587 in
465 2557 650 2597 semetipsa
674 2556 824 2599 fulgores
852 2558 967 2600 habet,

268 2614 351 2645 quos
369 2607 399 2637 ei
418 2607 472 2637 vel
487 2605 621 2639 auferre
638 2608 691 2639 vel
712 2608 896 2640 obscurare
917 2609 967 2641 ni-

270 2654 319 2685 hil
336 2660 460 2694 potest.
504 2657 634 2689 Contra
648 2658 792 2690 honores
815 2668 834 2690 a
851 2659 967 2700 populi

271 2703 413 2736 arbitrio
429 2706 632 2747 pendentes,
647 2708 856 2749 ambitionis,
867 2708 966 2750 largi-

270 2753 414 2792 tionum.
437 2757 641 2797 corruptelae
665 2757 823 2790 sordibus
848 2762 965 2791 conta-

1017 1712 1209 1744 minantur:
1234 1713 1442 1755 abjectarum
1459 1712 1713 1754 prensationum

1018 1762 1319 1806 adulationumque
1351 1762 1494 1795 maculis
1530 1760 1715 1801 studentur,

1018 1813 1130 1854 turpis
1154 1813 1258 1845 etiam
1282 1813 1428 1854 repulsae
1452 1811 1639 1853 ignominia
1658 1810 1715 1842 de·

1017 1863 1252 1896 honestantur.
1297 1865 1392 1896 Quot
1406 1868 1444 1895 et
1458 1872 1559 1904 quam
1578 1861 1716 1893 indeco-

1018 1913 1064 1944 ris
1091 1913 1224 1945 artibus
1252 1918 1432 1945 uterentur
1464 1911 1638 1944 candidati
1671 1910 1715 1942 ad

1017 1962 1208 2004 plebeculae
1219 1963 1370 1995 favorem
1383 1961 1629 2003 aucupandum,
1638 1959 1717 1992 vide

1017 2013 1109 2054 apud
1126 2013 1226 2046 Alex.
1242 2012 1285 2045 ab
1300 2012 1400 2045 Alex.
1417 2022 1469 2044 lv.
1483 2014 1514 2044 ³.

1059 2062 1206 2103 Repulsae
1230 2063 1333 2095 nescia
1356 2061 1505 2103 sordidae]
1528 2062 1615 2094 Cato
1638 2070 1714 2092 cum

1017 2116 1153 2153 peteret
1176 2112 1410 2153 magistratum
1438 2111 1635 2152 repudiatus
1657 2119 1715 2150 po-

1019 2161 1090 2201 puli
1111 2161 1279 2202 judicium
1309 2161 1508 2200 contemsit,
1532 2160 1714 2200 aiebatque

1016 2209 1239 2243 familiaribus
1269 2221 1451 2252 perperam
1479 2214 1516 2242 et
1545 2210 1714 2242 incassum

1017 2260 1238 2300 pudibundis,
1253 2271 1319 2293 non
1336 2261 1399 2292 sibi
1415 2261 1473 2302 qui
1487 2265 1582 2292 tecte
1597 2259 1714 2301 petiis·

1017 2313 1084 2349 set,
1098 2309 1157 2340 sed
1185 2311 1310 2350 populo
1334 2311 1393 2350 qui
1417 2310 1506 2341 male
1523 2309 1715 2350 judicasset

1016 2361 1274 2402 ignominiosum
1298 2361 1383 2392 illud
1408 2370 1498 2392 esse.
1520 2360 1610 2392 Vide
1631 2359 1713 2392 Plu-

1017 2411 1128 2442 tarch.
1141 2410 1215 2442 Cic.
1228 2410 1329 2441 Tusc.
1346 2419 1383 2441 v.
1397 2418 1432 2441 u.
1450 2412 1503 2441 54.
1524 2410 1534 2426 ‘
1547 2409 1582 2441 si
1596 2410 1629 2441 in
1646 2409 1713 2440 vir-

1019 2466 1094 2493 tute
1111 2461 1194 2492 satis
1210 2465 1262 2492 est
1276 2459 1428 2501 praesidii
1443 2459 1485 2491 ad
1502 2459 1588 2491 bene
1599 2460 1716 2492 viven-

1020 2510 1113 2551 dum,
1137 2510 1219 2541 satis
1246 2516 1300 2542 est
1329 2509 1432 2541 etiam
1459 2509 1501 2540 ad
1530 2508 1642 2541 beate.
1661 2529 1713 2543 ...

1021 2561 1105 2594 Cum
1126 2560 1263 2601 sapiens
1286 2564 1323 2591 et
1344 2559 1452 2591 bonus
1474 2558 1526 2589 vir
1547 2557 1716 2601 suffragiis

1021 2610 1230 2652 praeteritur,
1244 2610 1388 2651 populus
1410 2619 1431 2640 a
1456 2609 1545 2640 bono
1569 2609 1716 2642 Consule

1021 2663 1149 2703 potius,
1170 2670 1271 2702 quam
1297 2662 1352 2693 ille
1369 2671 1389 2693 a
1405 2670 1491 2693 vano
1513 2661 1639 2703 populo
1664 2669 1716 2693 re-

1020 2711 1148 2754 pulsam
1164 2710 1257 2743 fert.’
