1916 3190
665 262 710 300 Q·
740 261 952 293 HORATII
986 262 1160 294 FLAGCI

476 353 685 410 Intraque
709 356 1019 410 praescriptum
1039 355 1241 398 Gelonos

529 421 718 475 Exiguis
739 423 939 476 equitare
959 423 1146 477 campis.

189 518 408 560 angustisjam
419 518 521 560 agris,
532 529 588 551 nec
604 522 688 552 ultra
703 520 846 563 definitos
858 520 974 552 limites
986 530 1164 553 excurrere.

793 604 1037 617 ‘Immo

188 661 231 691 2³
254 659 401 700 Interque
413 660 631 701 praecriptum
647 659 844 693 Helmstad.

846 745 988 778 NOTAE

229 811 273 842 23
290 808 438 848 Intraque
449 808 678 849 praemiptm,
690 808 760 850 ξω]
787 808 889 841 Refe-

185 868 300 891 rnmus
322 858 427 889 etiam
452 862 489 889 et
513 867 675 890 canamus
696 859 887 891 debellatos

189 910 336 949 Gelonos,
356 908 510 949 Scythiae
525 908 706 950 Europaeae
724 909 888 950 popuios3
910 919 917 934 ε

187 959 226 992 id
241 964 307 999 est,
331 959 476 999 Scythas
494 956 670 989 Armenia
686 958 830 998 vicinos,
846 958 889 990 ab

188 1010 347 1050 Augusto
376 1009 513 1040 Caesare
543 1007 633 1039 intra
661 1012 774 1039 certos
802 1008 889 1039 fines

188 1059 395 1101 compulsos,
425 1061 464 1089 ut
488 1066 556 1089 uon
583 1057 704 1089 liceret
727 1057 890 1098 deinceps

942 818 1126 841 excurrere
1142 809 1309 850 equitando
1323 809 1414 841 ultra
1425 812 1644 853 proercriptnm

942 859 1006 890 sibi
1020 859 1209 895 terminum,
1219 869 1297 900 nec,
1313 863 1352 892 ut
1364 866 1476 897 antea,
1491 863 1647 903 quolibet

942 909 1072 951 vagari,
1087 915 1123 940 et
1137 909 1269 950 praedas
1284 920 1399 951 agere.
1429 912 1551 953 virgil.
1567 914 1644 945 AEn.

944 968 1026 990 vm.
1054 962 1131 990 725.
1153 960 1164 977 ‘
1177 959 1246 991 Hic
1271 961 1428 1002 Lelegas,
1456 962 1644 1005 Carasque,

945 1008 1226 1051 sagittiferosque
1241 1010 1419 1043 Gelonos!

791 1212 922 1255 ODE
970 1212 1040 1255 X.

745 1323 814 1354 AD
848 1323 1103 1355 LICINIUM.

186 1399 354 1431 Licinium
371 1400 559 1432 Varronem
573 1399 764 1432 Muraenam
777 1399 1040 1441 Pompeianum,
1055 1403 1091 1431 et
1104 1399 1275 1432 Proculeii
1290 1404 1326 1432 et
1336 1400 1504 1432 ‘ren-entiae
1518 1399 1644 1431 Maece-

230 1454 319 1484 natis
332 1453 444 1485 uxoris
456 1453 611 1494 fratrem,
620 1454 678 1494 qui
689 1457 812 1495 postea
826 1462 903 1485 cum
918 1453 1047 1484 Fannio
1060 1452 1212 1494 Cepione
1223 1443 1343 1484 contra
1354 1452 1547 1493 Augustum
1563 1461 1643 1484 con-

224 1505 368 1546 juravit,
377 1505 421 1536 ab
437 1505 561 1537 insanis
578 1506 679 1546 ausis,
691 1506 831 1537 laudato
847 1504 959 1537 medio
970 1505 1050 1537 vitae
1066 1509 1172 1544 statu,
1186 1505 1355 1538 deterret.
1400 1506 1525 1547 (Serva
1539 1505 1645 1538 medi·

227 1557 410 1591 ueritatem
425 1563 461 1592 et
476 1564 657 1601 utramque
671 1558 842 1591 fortunam
857 1558 911 1591 fer
933 1568 1031 1601 aequo
1053 1558 1177 1591 animo.
1200 1558 1317 1601 Zeun.)

415 1634 641 1676 Rssc'rlus
661 1635 806 1686 vives,
827 1634 988 1685 Licini,
1007 1647 1151 1688 neque
1171 1634 1310 1676 altum

232 1733 264 1763 0
277 1731 396 1774 Licini,
412 1731 523 1764 melius
535 1741 626 1774 ages,
640 1742 739 1774 neque
752 1742 873 1774 semper
886 1732 986 1764 alcum
1003 1732 1146 1774 petendo,
1159 1741 1258 1774 neque
1280 1732 1383 1774 ripam
1400 1733 1471 1774 plu
1484 1741 1577 1774 quum
1590 1734 1643 1766 de-

792 1815 1037 1830 ”emon

233 1869 312 1903 Ode
326 1869 460 1902 decima
475 1869 569 1902 Libri
586 1870 683 1903 tertii
698 1871 733 1903 in
750 1871 816 1905 Ed.
830 1871 960 1905 Sanad.
998 1871 1143 1903 Venett.
1159 1870 1302 1904 Ascens.
1315 1874 1352 1903 et
1367 1871 1511 1904 Locher.
1528 1871 1646 1903 inseri-

188 1912 288 1952 bunt,
310 1913 364 1944 Aa
377 1913 537 1944 Licinium
549 1914 587 1944 de
603 1914 846 1953 Mediocritate;
868 1914 971 1946 codd.
993 1914 1131 1946 Marcii.
1151 1914 1205 1945 Aa
1227 1913 1384 1946 bicinium
1406 1913 1585 1946 Murenam
1605 1914 1644 1945 de

188 1958 275 1986 statu
289 1954 365 1985 vitae
376 1965 389 1991 ,·
413 1959 484 1986 tres
498 1955 599 1986 codd.
614 1957 772 1988 'ron-ent.
798 1963 834 1988 et
854 1957 1001 1989 Mentel.
1023 1957 1079 1988 Aa
1102 1956 1264 1988 Licinium
1288 1957 1478 1998 Murenam,
1495 1956 1645 1997 optimum

191 2006 257 2027 cue
272 1997 405 2027 medium
421 1997 495 2027 vitoe
508 2000 648 2033 statum
671 1998 828 2038 quaedam
850 1999 928 2031 edd.
945 2003 1029 2031 vett.
1053 2000 1107 2030 Aa
1127 1999 1273 2039 Valgium
1290 1998 1524 2030 Licinium—l
1551 1999 1647 2031 Non·

189 2039 275 2070 nulii
289 2039 389 2070 codd.
405 2047 462 2079 ap.
476 2038 570 2079 Jaui,
586 2039 712 2080 Lycini,
730 2040 795 2077 vel,
809 2041 918 2082 licym‘.
948 2050 951 2052 ·
970 2041 1066 2073 Unus
1081 2041 1295 2082 Bersmanni,
1310 2042 1409 2074 Dess.
1423 2043 1457 2073 2.
1472 2046 1510 2074 et
1527 2041 1645 2073 Helm·

838 2125 872 2157 N
876 2124 984 2158 01*AE

229 2188 384 2221 Mettum
400 2188 490 2220 idem
505 2187 597 2230 quod
611 2197 714 2227 supra
728 2196 755 2221 1.
770 2187 839 2220 od.
854 2191 888 2221 2.

233 2242 251 2271 1
276 2239 409 2271 Rectius
432 2239 530 2278 vives,
552 2237 624 2279 ξω]
645 2238 778 2270 Tritam
801 2238 888 2270 hanc

189 2290 392 2322 sententiam
413 2298 479 2320 non
495 2297 564 2320 uno
579 2291 708 2320 tractat
723 2288 888 2320 Horatius

188 2340 278 2379 loco,
298 2337 360 2370 sed
374 2347 464 2370 nova
478 2337 622 2379 quadam
640 2338 786 2379 ratione,
799 2348 889 2371 novo

188 2397 324 2429 semper
339 2391 487 2420 ornatu:
511 2391 550 2419 ut
562 2396 686 2419 novum
707 2382 791 2430 quid
815 2388 889 2421 ubi·

189 2448 257 2481 que
272 2447 349 2470 esse
364 2437 542 2469 videatur:
566 2436 725 2470 nimirum
746 2443 891 2480 praestat

189 2490 263 2530 ipse
290 2488 381 2530 quod
402 2488 437 2519 in
461 2487 548 2520 Arte
569 2487 716 2520 Poe‘tica
731 2489 892 2530 precipit

188 2539 379 2580 eieganter‚
394 2547 434 2568 ac
450 2535 586 2568 difficile
598 2546 675 2569 esse
689 2536 830 2579 fatetur,
842 2548 891 2571 vs.

190 2591 264 2620 128.
287 2587 446 2628 ‘proprie
464 2586 549 2619 dicit
562 2587 780 2620 communia:
822 2587 890 2621 Hic

189 2638 377 2679 Anegoriis
411 2637 624 2678 conglobatis
651 2637 808 2671 ostendit
831 2648 890 2670 ex-

190 2692 303 2720 trema
331 2696 467 2726 semper
493 2685 678 2728 fugienda3
712 2697 770 2729 ne,
798 2688 890 2730 quod

191 2738 300 2776 aiunt,
329 2735 481 2767 ‘incidas
510 2736 544 2768 in
571 2738 721 2780 Scyllum
749 2739 889 2782 cupiens

192 2786 301 2819 vitare
316 2785 549 2826 Charybdim:

985 2188 1108 2230 Licini]
1143 2189 1229 2222 Quis
1245 2188 1315 2229 ille,
1328 2188 1517 2229 magnalis.
1562 2188 1645 2220 Ple·

943 2237 1041 2279 rique
1065 2238 1116 2269 Μ.
1138 2237 1305 2270 Licinium
1326 2238 1487 2270 Crassum
1508 2237 1643 2270 Praeto·

942 2296 1014 2319 rem
1030 2287 1250 2328 intelligunt3
1272 2288 1328 2329 qui
1349 2296 1427 2319 cum
1447 2287 1491 2320 ad
1514 2287 1643 2320 eonem

941 2338 1046 2369 latum
1077 2337 1266 2374 anhelaret,
1300 2342 1371 2369 tum
1401 2337 1539 2379 quidem
1567 2336 1643 2378 spei

942 2386 1195 2419 frustrationem
1227 2386 1448 2427 impatienter
1478 2390 1516 2419 et
1550 2396 1642 2428 aegre

943 2435 1071 2476 ferens,
1079 2437 1144 2468 rite
1157 2436 1295 2477 quidem
1307 2437 1350 2468 sb
1360 2437 1507 2470 Horatio
1516 2437 1560 2469 sit
1571 2447 1642 2470 mo-

943 2488 1047 2519 nitus.
1091 2487 1127 2519 Is
1142 2496 1226 2519 vero
1241 2491 1362 2528 postea
1378 2488 1556 2519 consulare
1570 2497 1643 2519 mu-

943 2547 1007 2569 nus
1031 2536 1178 2578 adeptus
1201 2541 1256 2570 est
1281 2538 1454 2580 gessitque
1477 2547 1555 2569 eum
1571 2537 1639 2570 Au-

944 2591 1059 2629 gusto,
1085 2596 1173 2618 anno
1195 2585 1242 2625 U.
1258 2586 1297 2618 Ο.
1313 2589 1389 2620 723.
1433 2587 1491 2619 lta
1513 2586 1643 2627 Acron,

944 2637 1150 2679 Porphyrio,
1180 2636 1302 2669 Lubin.
1331 2638 1435 2679 Cruq.
1465 2638 1530 2669 &m
1573 2638 1642 2668 Ve-

943 2697 1015 2720 rum
1037 2687 1098 2719 hos
1123 2691 1301 2728 expugnat
1324 2687 1522 2728 Epigraphe
1543 2688 1643 2728 hujus

944 2737 1040 2770 Odes
1056 2741 1153 2769 vetus
1166 2737 1244 2768 cod.
1258 2738 1324 2769 Ms.
1336 2747 1413 2779 quae
1431 2738 1480 2769 sic
1493 2737 1640 2779 iegitun

943 2787 997 2821 Aa
1015 2788 1172 2820 Licinium
1193 2788 1391 2821 Mum-num.-
1415 2788 1563 2830 optimam
1577 2796 1643 2820 me
