1916 3190
236 227 291 268 10
627 233 665 263 s.
698 233 748 264 M.
781 231 998 263 GEsumu
1035 231 1309 262 PRAEFArlo.

236 342 326 371 non
348 328 535 383 probare
565 326 767 368 voluisse
797 326 1059 380 quicquam3
1091 326 1171 367 sed
1194 325 1258 367 uti
1279 325 1334 367 de
1354 325 1464 367 meis
1487 326 1699 367 observa-

237 396 445 444 tionibus,
479 395 554 436 ita'
584 393 638 435 de
672 394 959 434 Baxterianis
995 393 1206 445 integrum
1245 392 1398 434 lectori
1435 392 1698 446 relinquere.

238 453 398 517 Itaque
419 461 600 515 iniquus
620 459 762 511 fuerit,
785 461 825 502 si
845 461 947 514 quis
979 472 1138 512 cogere
1158 472 1227 499 me
1246 459 1356 501 velit
1373 459 1431 501 ad
1449 458 1700 514 praestanda

235 531 397 579 omnia,
435 541 534 582 quae
571 527 654 568 vir-
678 516 966 587 doctissimus
997 526 1163 581 posuit.
1213 524 1432 578 Ceterum,
1458 526 1579 581 quod
1600 525 1698 580 jam

235 597 374 648 innui,
393 608 492 638 eam
513 595 609 637 suis
625 598 694 636 est
708 595 879 637 meritis
900 594 1151 650 opinionem
1169 597 1439 636 consecutus
1460 594 1697 644 Buten-us,

237 669 289 705 ut
309 675 455 718 neque
487 674 587 704 cum
615 661 711 703 sine
731 666 846 703 teste
866 662 914 703 in
933 674 981 703 re
1001 660 1255 715 antiquaria
1272 660 1482 715 loquitur,
1501 661 1612 703 fides
1633 661 1698 703 illi

235 735 398 774 temere
417 728 614 783 neganda
634 729 707 771 sit.

294 798 349 839 In
367 795 612 839 refutandis
632 795 819 837 aliorum
839 795 1283 851 interpretationibus
1305 795 1534 838 rarissime
1561 809 1697 838 occu-

236 869 368 921 patus
387 864 483 917 sui3
514 863 629 906 satis
644 863 780 906 habui
811 864 856 905 in
885 864 942 906 iis
970 864 1099 916 locis,
1131 877 1232 918 quae
1262 876 1349 905 non
1368 867 1488 905 reete
1506 866 1698 905 tractata

237 933 436 982 arbitror,
457 944 557 973 eam
578 944 743 985 ponere
765 932 1048 982 sententiam,
1065 944 1168 986 quae
1190 943 1294 972 vera
1312 930 1421 971 mihi
1432 929 1607 972 videtur
1626 930 1699 972 vel

237 1003 353 1042 certe
373 999 475 1040 aliis
494 999 782 1052 probabilior.
845 998 895 1040 Si
925 998 1033 1052 quid
1058 998 1167 1039 mihi
1195 997 1338 1040 invito
1357 996 1590 1047 exciderit,
1609 1008 1698 1051 quo

236 1068 306 1110 vel
336 1066 514 1118 Religio
535 1066 582 1106 in
604 1066 753 1107 Deum
772 1066 976 1115 laedatur,
996 1065 1068 1107 vel
1089 1065 1374 1109 Humanitas,
1393 1063 1507 1105 illud
1525 1075 1583 1105 ne
1604 1062 1698 1105 dic-

237 1141 328 1177 tum
348 1133 466 1183 volo,
483 1136 527 1173 et
545 1144 644 1173 mea
665 1132 834 1186 primus
856 1132 1080 1175 sententia
1100 1132 1218 1174 ultro
1239 1131 1415 1174 damno.

320 1252 431 1285 Scrib.
446 1252 623 1292 Gottingae
640 1259 724 1284 xm,
740 1251 820 1284 Kal.
834 1251 962 1285 Octob-

536 1313 724 1338 cmmccu.
