1916 3190
282 231 367 271 504

751 243 796 282 Q.
826 241 1038 307 nquam
1069 220 1241 276 emaci
1300 261 1302 263 >

453 334 541 376 Seu
561 333 720 376 Graeco
735 335 896 389 jubeas
917 337 1086 387 trocho,

506 401 594 442 Seu
614 402 745 443 malis
763 403 900 444 vetita
918 403 1085 456 legibus
1105 403 1231 456 alea3

452 466 561 509 Cum
581 468 756 522 perjura
775 469 914 523 patris
932 470 1044 512 fides

505 533 761 577 Consortem
781 537 950 578 socium
971 537 1095 580 sallat
1113 541 1157 580 et
1173 535 1410 592 hospitem,
1480 600 1485 602 V
1503 575 1512 594 ,Ι
1633 569 1647 575 .·
1663 540 1721 582 60
1766 536 1772 542 “

1637 615 1653 630 ιθ

287 651 399 682 Groeco
413 652 548 683 volueris
570 652 687 692 trocho,
699 653 764 684 sive
785 653 889 692 magis
911 653 1074 693 placuerit,
1091 655 1157 686 alea
1175 655 1295 695 legibus
1311 654 1470 697 prohibita
1480 664 1503 694 ³<
1521 654 1594 687 dum
1611 663 1724 696 parm

275 693 343 733 fide
353 694 489 734 perjurio
496 694 605 732 fracta
617 694 782 733 defraudat
796 699 964 727 consortem
978 697 1092 727 socium
1106 701 1137 728 et
1151 697 1300 738 hospitem
1309 708 1325 735 ,·,
1342 701 1435 738 atque
1446 697 1574 730 divitias
1583 707 1724 730 accumu-

883 780 1118 793 mOm‘OOOO

283 836 607 875 liendendum.'—58
628 843 723 885 Lips.
748 847 779 876 4.
801 843 865 876 Seu
889 846 998 877 mavis.
1042 846 1127 877 Post
1147 847 1215 878 alea
1239 851 1415 887 punctum,
1438 851 1476 878 et
1501 855 1580 879 mox
1603 855 1654 878 νε.
1668 828 1724 878 62.
1739 851 1746 857 ·

286 891 362 924 post
385 890 527 926 properet
549 887 646 917 colon
669 886 831 917 exhibent
855 886 971 918 hamb.
988 887 1090 929 Cruq.
1107 889 1264 919 Torrent-
1279 888 1399 920 Heins.
1425 889 1509 920 Fab.
1532 888 1663 921 Docet.
1687 894 1726 920 et

285 927 426 966 Cuning.
447 930 457 945 ⁶
471 928 537 958 Sed
554 928 679 959 rectius
692 933 771 968 post
786 928 853 958 alea
867 929 980 965 colon,
995 933 1030 960 et
1045 935 1122 969 post
1132 934 1274 969 properet
1291 935 1450 970 punctum
1467 935 1594 970 ponunt
1608 930 1724 962 Beuu.

281 969 405 1000 Sanad.
422 974 455 1000 et
469 969 586 1001 Gesn!
608 970 783 1001 Jani.—60
807 970 971 1001 Consorles
985 971 1117 1002 emend.
1135 971 1281 1011 Cuning.
1303 972 1517 1012 improbante
1532 972 1624 1004 Jani.
1654 972 1725 1004 hos-

282 1011 366 1050 pites
390 1011 485 1042 Harl.
500 1014 531 1041 1.
547 1015 577 1043 2.
594 1014 624 1042 3.
637 1014 669 1042 4.
681 1014 713 1042 6.
735 1011 880 1042 Blandd.
898 1014 929 1042 l.
944 1014 976 1044 2.
991 1013 1023 1043 3.
1037 1015 1071 1043 4.
1094 1013 1202 1044 Mald.
1225 1018 1261 1044 et
1284 1013 1345 1044 Sil.
1369 1014 1522 1055 Cruquii,
1543 1013 1725 1045 Pulmanni

284 1052 401 1084 Hunn.
419 1053 593 1084 Gemblac.
611 1055 643 1084 2.
667 1053 793 1083 Beller.
813 1058 849 1083 et
872 1053 1006 1086 Diesth.
1028 1064 1113 1085 unus
1137 1055 1351 1094 Bersmanni,
1373 1056 1519 1094 Mentel.
1541 1055 1634 1096 Lips.
1649 1058 1681 1086 1.
1692 1057 1727 1088 4.

284 1095 375 1126 Altt.
394 1097 424 1125 l.
439 1097 470 1124 2.
496 1095 644 1135 Franeq.
668 1093 862 1126 Helmstad.
888 1095 992 1126 Brod.
1013 1097 1161 1128 Bentleii
1180 1096 1296 1128 Graev.
1312 1097 1406 1130 Leid.
1423 1097 1575 1129 Colbert.
1588 1097 1725 1139 aliique,

284 1136 424 1168 Venett.
442 1138 535 1168 1477.
562 1139 657 1169 1478.
683 1139 778 1168 1479.
801 1137 942 1168 Mediol.
969 1141 1064 1170 1477.
1086 1139 1236 1170 Florent.
1258 1142 1353 1171 1486.
1376 1139 1491 1172 Bentl.
1517 1139 1673 1180 CuninQ.
1690 1142 1728 1171 et

285 1178 392 1210 Kidd.
438 1179 572 1220 Reliqui
587 1178 687 1211 codd.
705 1184 742 1211 et
756 1179 834 1211 edd.
849 1180 1012 1220 hospitem,
1035 1184 1044 1198 ‘
1057 1180 1145 1222 quod
1162 1181 1252 1212 haud
1269 1181 1368 1213 dubie
1392 1182 1493 1223 longe
1513 1178 1778 1232 elegantius-'Q

283 1220 375 1252 Jam'.
413 1221 593 1253 Consortem
608 1224 638 1253 et
652 1223 767 1252 socium
782 1222 873 1263 conj.
884 1222 999 1254 Bentl.
1015 1223 1093 1264 quia
1110 1223 1198 1254 inter
1209 1227 1379 1256 consortem
1393 1228 1430 1255 et
1442 1222 1558 1256 socium
1571 1222 1728 1262 intersim

286 1263 410 1296 Dacer.
428 1265 619 1305 Consortem,
631 1264 757 1305 socium,
770 1265 823 1305 ἅμ’.
845 1264 964 1296 eadem
980 1264 1023 1296 de
1039 1275 1151 1298 causa.
1164 1265 1256 1304 fallit
1280 1271 1317 1298 et
1339 1275 1420 1298 mox
1436 1275 1485 1298 vs.
1498 1267 1551 1299 62.
1579 1267 1727 1308 properat

285 1305 393 1337 edidit
405 1306 523 1339 Jones.

936 1359 1075 1392 NOTAE

327 1424 369 1453 57
394 1422 506 1452 Graeco
527 1422 646 1463 trocho]
674 1421 812 1463 Duplex
828 1422 894 1454 fuit
912 1427 981 1454 tro-

284 1470 368 1503 chus
381 1481 389 1502 :
415 1472 503 1502 alter
518 1471 694 1503 dicebatur
709 1472 824 1511 turbo,
839 1476 980 1513 eratque

284 1525 295 1540 ⁴
312 1521 439 1552 buxum
471 1520 636 1553 volubile'
658 1521 789 1553 scutica
813 1521 936 1562 agitari
961 1532 981 1554 a

286 1571 401 1612 pueris
413 1571 566 1611 solitum;
581 1571 624 1603 de
638 1582 704 1612 quo
715 1571 836 1613 Virgil.
847 1572 981 1606 AEneid.

285 1629 351 1652 vn.
365 1622 439 1651 378.
461 1619 560 1652 Alter
575 1620 674 1651 ludus
688 1622 798 1653 trochi
813 1622 977 1664 erat,cir-

285 1670 354 1701 culi
369 1669 543 1710 cujusdam
566 1669 669 1702 ferrei
684 1672 739 1702 vel
756 1672 842 1703 aenei
858 1672 978 1714 impul-

285 1719 349 1761 sio,
364 1725 472 1751 artem
490 1721 664 1761 requirens
677 1731 716 1752 ac
731 1721 898 1765 studium3
919 1732 978 1755 ne-

284 1778 350 1810 que
362 1769 439 1800 solis
454 1769 678 1802 conveniebat
691 1770 816 1811 pueris.
843 1771 899 1803 De
913 1772 978 1804 hoc

285 1818 421 1850 videtur
443 1819 534 1860 loqui
557 1820 684 1851 Noster
706 1820 794 1860 istic,
815 1824 854 1852 ut
875 1826 912 1853 et
935 1822 978 1853 ad

285 1868 429 1900 Pisones
453 1869 565 1910 Epist.
588 1879 635 1901 vs.
651 1872 728 1901 380.
746 1870 801 1901 ubi
818 1879 887 1901 rem
902 1871 980 1903 vide

285 1917 393 1950 fusius
422 1920 626 1960 explicatum
648 1919 682 1951 in
705 1920 979 1954 annotationibus

284 1969 422 2001 nostris.
821 1978 827 1983 ⁴

328 2021 370 2049 58
398 2019 505 2051 Vetito
520 2020 639 2060 legibus
653 2019 737 2061 alea]
761 2020 977 2054 ln—Saturna-

285 2066 371 2097 libus
393 2069 658 2106 permittebatur
675 2070 761 2108 alea,
775 2079 891 2102 mense
909 2071 978 2103 De-

286 2116 435 2147 cembri:
459 2118 596 2158 reliquis
612 2121 689 2150 anni
711 2120 880 2152 mensibus
901 2130 980 2162 pro-

286 2166 385 2197 brosa
417 2171 504 2205 erat,
539 2167 812 2209 puniebaturque
847 2171 980 2210 legibus

287 2215 457 2257 Cornelia,
486 2215 651 2255 Publicia,
672 2217 776 2248 Titia.
814 2219 980 2251 AEdilibus

288 2257 343 2297 ea'
355 2275 437 2297 cura
462 2265 691 2297 incumbebat.
720 2266 792 2297 Cic.
809 2266 933 2307 Philip.
948 2271 979 2299 2.

286 2317 296 2334 ‘
307 2316 471 2348 Licinium
487 2316 531 2347 de
547 2316 622 2347 alea
636 2315 895 2347 condemnatum
910 2317 980 2347 col-

286 2368 434 2399 lusorem
457 2376 552 2397 suum
575 2365 746 2398 restituit!
774 2366 863 2398 Vide
879 2366 980 2400 Alex.

289 2417 332 2448 ab
355 2416 456 2448 Alex.
482 2424 541 2448 111.
569 2418 623 2448 21.
651 2421 689 2448 et
716 2425 793 2458 quae
811 2418 981 2449 annotabo

290 2466 332 2498 ad
362 2475 388 2497 1.
418 2466 530 2506 Epist.
561 2468 612 2497 18.
641 2469 695 2498 21.
726 2466 769 2498 ad
798 2466 857 2498 has
883 2462 981 2499 voces

287 2518 296 2534 ‘
315 2517 424 2549 Quem
443 2525 596 2557 praeceps
611 2518 685 2548 alea
700 2516 831 2549 nudat!

331 2569 374 2597 59
405 2567 486 2597 Cum
513 2565 639 2606 perjura
665 2567 767 2607 patris
790 2566 887 2607 fides,
911 2566 982 2608 δῖα]

290 2616 378 2647 Dum
402 2625 487 2656 puer
507 2616 662 2656 indulget
680 2616 835 2648 mollibus
852 2620 887 2648 et
901 2615 981 2649 futi-

289 2665 376 2696 libus
392 2664 523 2705 studiis,
537 2665 671 2696 interim
695 2670 795 2705 pater
813 2666 844 2697 ei
861 2675 981 2707 conge-

288 2714 333 2745 rit
348 2724 430 2754 opes
454 2724 515 2755 per
536 2714 587 2746 fas
610 2720 644 2746 et
667 2714 774 2751 nefas.
791 2726 875 2757 quas
894 2717 982 2748 male

264 2793 270 2800 ,
287 2769 402 2804 partas
418 2765 506 2795 male
521 2764 697 2806 dilapidet.
742 2766 831 2798 Nam
852 2766 910 2798 ille
926 2776 980 2799 so·

1033 1420 1170 1455 cietatis
1183 1423 1404 1466 fidem—atque
1417 1422 1556 1464 hospitii
1563 1422 1644 1463 jura
1658 1411 1727 1455 vio·
1783 1442 1785 1445 .
1821 1439 1824 1442 ·

1033 1472 1105 1503 lare
1120 1482 1186 1503 non
1202 1473 1348 1504 dubitat.

1074 1524 1117 1552 60
1134 1522 1314 1554 Consortem
1322 1521 1451 1564 socium]
1468 1522 1542 1555 Has
1554 1531 1655 1554 voces
1667 1522 1726 1557 alii

1032 1577 1206 1613 separant,
1219 1572 1460 1615 explicantque
1474 1576 1656 1615 consortem,
1669 1582 1726 1605 co·

1032 1621 1223 1661 haeredem3
1250 1622 1377 1659 socium,
1402 1623 1460 1664 qui
1485 1623 1743 1663 negotiationis-

1031 1671 1230 1702 societatem
1254 1681 1293 1703 ac
1315 1670 1427 1703 foedus
1449 1671 1533 1705 inito
1547 1676 1724 1704 contractu

1031 1719 1124 1752 fecit.
1147 1720 1216 1752 Alii
1224 1720 1377 1762 jungunt
1391 1725 1427 1752 et
1443 1720 1486 1752 ad
1501 1730 1600 1753 unam
1616 1726 1729 1763 poste-

1032 1770 1156 1802 riorem
1172 1770 1375 1802 sententiam
1390 1768 1556 1812 referunt.
1594 1770 1727 1812 Nempe

1032 1829 1172 1851 consors
1187 1825 1330 1851 vocatur
1338 1820 1396 1862 qui
1406 1820 1606 1853 tantundem
1622 1820 1728 1867 sortis

1033 1873 1074 1903 ad
1091 1876 1313 1907 mercaturam
1329 1870 1473 1904 confert.
1513 1872 1603 1905 Nam
1617 1873 1740 1914 prime·

1032 1922 1177 1963 pecunia
1187 1921 1221 1953 in
1234 1922 1448 1960 societatem,
1459 1926 1497 1953 nt
1508 1922 1640 1955 lucrum
1650 1923 1729 1956 inde
1743 1937 1745 1939 ¹

1031 1970 1107 2010 fiat,
1129 1971 1255 2002 collata
1275 1979 1347 2002 sors
1368 1975 1406 2002 et
1427 1975 1532 2012 caput
1554 1980 1728 2013 nuncupa-

1033 2025 1108 2052 tur:
1124 2020 1214 2062 quod
1226 2029 1307 2052 vero
1319 2029 1360 2051 ex
1373 2020 1431 2052 illa
1442 2028 1504 2061 per
1516 2014 1728 2057 communem

1033 2070 1270 2111 negotiationis
1282 2070 1433 2102 laborem
1445 2070 1580 2103 accedit
1595 2071 1731 2104 accres-

1033 2121 1162 2162 citque,
1198 2129 1324 2161 corpus
1359 2119 1533 2152 societatis
1563 2121 1735 2165 vocitant.-

1034 2170 1156 2211 Itsque
1181 2170 1237 2201 ille
1261 2169 1351 2201 fallit
1370 2174 1563 2201 consortem
1587 2169 1728 2210 socium,

1034 2229 1110 2251 cum
1123 2220 1293 2252 subtrabit
1304 2219 1479 2262 quidpiam
1492 2229 1511 2251 e
1523 2219 1632 2261 lucro,
1644 2225 1680 2252 et
1693 2220 1729 2252 in

1033 2271 1199 2310 privatam
1217 2280 1287 2302 rem
1303 2271 1475 2303 convertit
1496 2269 1530 2302 id
1547 2270 1636 2312 quod
1653 2279 1728 2302 esse

1033 2328 1211 2350 commune
1225 2321 1389 2359 oportuit.
1414 2321 1536 2352 Cicero
1550 2330 1611 2360 pro
1622 2320 1729 2352 Sexto

1033 2367 1175 2398 Roscio:
1199 2368 1210 2385 ‘
1227 2369 1334 2399 Recte
1357 2369 1503 2407 majores
1524 2369 1631 2400 nostri
1649 2378 1727 2400 eum

1034 2415 1092 2457 qui
1121 2416 1248 2447 socium
1277 2415 1470 2455 fefellisset,
1501 2414 1535 2447 in
1565 2416 1728 2449 bonorum

1035 2465 1180 2497 virorum
1196 2474 1335 2496 numero
1348 2465 1538 2496 babendum
1555 2466 1647 2498 nullo
1659 2476 1729 2499 mo·

1034 2515 1078 2547 do
1105 2514 1336 2556 putaverunt!
1380 2514 1468 2546 Vide
1494 2515 1640 2547 eundem
1667 2526 1729 2558 pro

1034 2566 1078 2600 P.
1092 2566 1245 2599 Quintio.
1266 2565 1513 2598 Animadverte
1529 2576 1629 2608 porro
1646 2573 1730 2610 quot

1034 2619 1070 2647 et
1084 2620 1208 2658 quanta
1223 2616 1310 2647 mala
1325 2615 1516 2648 committat
1530 2616 1588 2648 ille
1609 2627 1729 2650 avarus

1035 2669 1143 2706 pater.
1186 2668 1215 2697 1.
1230 2664 1397 2696 Periculis
1427 2669 1462 2696 et
1491 2665 1664 2698 laboribus
1691 2676 1728 2699 se

1034 2714 1182 2748 conficit.
1211 2718 1242 2748 2.
1259 2715 1503 2756 Paupertatem
1518 2725 1592 2748 esse
1606 2718 1728 2749 malum

1034 2766 1136 2799 stulte
1146 2766 1267 2799 credit.
1285 2768 1320 2798 3.
1328 2765 1439 2798 Omne
1450 2765 1500 2798 fas
1510 2767 1614 2799 violat
1624 2777 1730 2810 quaes·

1844 1485 1893 1493 ⁴,

1791 1496 1916 1516 ,ὁὶ
