1916 3190
248 231 335 274 240
838 241 1106 273 exconsus

754 410 1098 452 EXCURSUS
1150 409 1216 452 ΙΙ.

773 534 837 566 AD
865 534 892 566 ῐ.
917 535 1000 566 OD.
1024 537 1056 567 4.
1079 536 1197 566 7-12.

253 652 327 684 Vix
351 656 465 694 potest
486 652 644 694 exprimi,
676 657 889 694 quantopere
911 651 1061 692 argutati
1093 651 1163 682 sint
1186 651 1218 682 in
1241 651 1289 682 his
1321 649 1475 682 versibus
1498 649 1712 691 explicandis

250 705 370 747 Iutpp.
393 705 473 738 dum
489 707 544 738 vel
563 706 676 738 omnia
700 706 896 746 allegorice,
911 710 981 742 aut,
996 704 1140 735 Baxteri
1157 705 1274 744 verbo,
1290 703 1425 744 διλόγως
1448 714 1622 745 exponere
1642 708 1714 735 ntu-

252 757 422 798 duerunt3
446 760 499 790 vel
521 760 626 791 nimia
641 759 798 791 doctrina
812 757 1012 790 facillimum
1030 767 1167 789 sensum
1185 758 1386 790 obruerunt.
1433 758 1546 790 Facile
1562 766 1722 789 corrum-·

244 816 380 852 vpuntnr
394 818 497 854 atque
514 813 732 853 abripiuntur
750 813 808 844 tali
827 811 1076 852 interpretandi
1093 812 1225 843 ratione
1237 811 1403 852 juvenum
1419 810 1553 842 fervida
1567 810 1716 850 ingenia,

251 869 461 897 enervantur
484 865 702 906 pulcherrimi
724 864 912 896 Poetarum
938 865 1017 896 loci.
1063 865 1179 897 Quare
1202 869 1252 902 nt,
1264 865 1292 895 si
1314 865 1348 895 in
1372 865 1495 896 similia
1517 863 1714 902 inciderint,

252 918 403 950 retinere
426 918 559 950 discant
582 928 754 949 assensum
781 927 892 954 suum,
914 917 1077 959 quasdam
1103 927 1207 958 super
1228 917 1281 949 his
1305 918 1460 950 versibus
1483 918 1714 959 interpretum

254 981 361 1012 nugas
378 971 442 1002 illis
459 981 652 1012 proponere
668 972 794 1011 placet.

298 1025 503 1056 Scholiastae
531 1033 593 1064 per
609 1023 773 1065 Nymphas
795 1024 968 1063 mulieres,
989 1033 1054 1064 per
1081 1024 1216 1055 Gratias
1241 1023 1390 1064 virgines
1417 1023 1564 1064 intelligi
1588 1023 1719 1062 volunt,

255 1088 331 1120 quae
359 1087 438 1109 vere
463 1076 632 1108 redeunte
659 1077 693 1108 in
719 1076 893 1117 publicum
920 1076 1070 1117 prodire,
1092 1076 1279 1115 ambulare,
1300 1077 1442 1114 saltare,
1456 1076 1590 1116 ludere,
1612 1076 1720 1108 amari

256 1141 373 1163 rursus
391 1130 569 1171 incipiant.
613 1129 672 1161 Sic
688 1134 724 1161 et
746 1129 947 1169 Lambinus,
962 1129 1148 1171 Cruquius,
1162 1129 1202 1161 T.
1219 1129 1341 1170 Faber,
1355 1139 1431 1161 cum
1455 1138 1582 1170 genero
1595 1133 1632 1161 et
1647 1129 1719 1170 opi·

257 1185 395 1216 nionum
421 1183 558 1214 haerede
573 1183 739 1220 Dacerio,
770 1183 910 1224 aliique.
955 1182 1126 1225 Crnquius
1154 1183 1239 1215 adeo
1263 1193 1379 1224 graves
1395 1184 1564 1226 Cyclopum
1583 1183 1720 1225 officinas

257 1238 301 1269 de
328 1237 563 1269 incalescente
590 1241 670 1268 tunc
696 1237 843 1267 virorum
871 1236 1036 1268 adversus
1063 1235 1221 1268 foeminas
1244 1237 1366 1269 ardore
1390 1236 1529 1268 videtur
1551 1236 1720 1277 accipere.

254 1291 385 1324 Theod.
410 1291 588 1323 Marcilius
613 1290 727 1322 omnia
750 1289 857 1321 refert
885 1290 927 1322 ad
957 1290 1132 1322 Kalendas
1155 1291 1313 1330 Martias,
1336 1301 1362 1322 s.
1385 1290 1606 1331 Mati-ouans,
1630 1288 1721 1321 omni

257 1354 382 1385 genere
399 1344 532 1375 taetitiae
551 1354 571 1375 a
586 1342 731 1374 foeminis
755 1348 844 1374 acta.
889 1344 1013 1375 Eorum
1038 1343 1241 1384 gaudiorum
1258 1344 1347 1376 viros
1371 1353 1508 1375 severos
1523 1353 1590 1375 non
1614 1342 1720 1374 fnisse

256 1397 457 1438 participes,
487 1396 661 1427 hilariores
691 1400 804 1427 autem
838 1399 876 1427 et
905 1396 1117 1435 mullerosos‚
1145 1396 1270 1428 bellam
1301 1391 1477 1428 venaturae
1506 1396 1718 1428 occasionem

258 1454 393 1491 nactos,
409 1450 499 1480 inter
515 1449 591 1480 illas
607 1449 761 1480 Veneres
781 1454 816 1480 et
841 1448 980 1480 Gratias
1003 1454 1136 1490 partem
1152 1443 1339 1490 voluptatis
1355 1449 1510 1491 cepisse3
1533 1453 1569 1481 et
1585 1449 1635 1480 sic
1651 1456 1722 1480 ma-

258 1503 344 1534 ritos
373 1501 570 1533 incubuisse
586 1500 660 1533 fere
684 1501 832 1542 negotiis
845 1500 873 1543 (‘
888 1502 1079 1533 Vulcanum
1097 1501 1223 1534 ussisse
1239 1502 1436 1544 officinas’),
1459 1508 1495 1534 at
1517 1512 1641 1534 uxores
1654 1502 1722 1534 illis

258 1565 387 1587 cornua
403 1554 541 1586 fecisse.
587 1554 789 1586 Doctrinam
803 1555 934 1586 vultis?
978 1555 1197 1587 Imminentem
1213 1555 1336 1587 Lunam
1359 1555 1450 1587 idem
1477 1555 1655 1587 Marcilius
1674 1555 1723 1588 ait

259 1617 335 1638 esse
365 1607 571 1645 novilunium,
602 1606 775 1646 νουμηνίαν,
801 1607 821 1637 i.
843 1616 875 1638 e.
900 1607 1087 1639 Kalendas.
1130 1608 1188 1639 Sic
1213 1613 1250 1639 et
1275 1608 1320 1639 D.
1347 1607 1533 1640 Heinsiusz
1558 1607 1725 1647 ἱσταμένης

260 1660 409 1700 σελήνης,
426 1661 447 1692 i.
463 1670 494 1692 e.
519 1659 690 1700 ἱσταμένου
703 1659 811 1700 μηνὸς,
827 1661 918 1702 quod
935 1660 980 1692 sit
995 1661 1128 1692 initium
1151 1661 1289 1702 mensis,
1303 1670 1381 1693 cum
1398 1661 1494 1693 Luna
1521 1660 1724 1700 inchoetum

258 1720 295 1746 et
320 1714 487 1755 intelligit
512 1714 688 1746 Kalendas
711 1713 865 1755 Apriles,
887 1714 1018 1746 Veneri
1042 1724 1167 1746 sacras.
1213 1715 1395 1747 Molestior
1420 1714 1576 1747 omnibus
1602 1718 1656 1747 est
1682 1715 1724 1748 C.

260 1767 379 1799 Barth.
396 1766 583 1798 Adversar.
606 1775 664 1798 xz.
680 1770 712 1799 3.
730 1766 774 1798 ad
791 1766 941 1798 rationes
966 1767 1053 1799 adeo
1076 1768 1237 1808 physicas
1253 1772 1290 1799 et
1313 1768 1724 1810 astrologieas·Venerem

261 1826 297 1853 et
314 1821 445 1852 Lunam
463 1830 641 1852 revocans.
685 1821 771 1853 Quis
786 1827 854 1851 ton
871 1820 990 1860 sentit,
1008 1821 1134 1852 talibus
1159 1821 1302 1862 argutiis
1326 1826 1436 1853 totum
1452 1821 1724 1853 venustissimum

262 1875 464 1915 phantasma
481 1874 601 1912 deleri,
620 1877 727 1905 totam
753 1873 923 1915 picturam
945 1874 1111 1906 interire?
1155 1875 1245 1906 Nam
1262 1879 1340 1906 utra
1354 1882 1468 1916 quaeso
1482 1874 1594 1916 imago
1618 1874 1727 1915 magis

262 1927 400 1967 poetica
413 1932 448 1958 et
460 1928 567 1968 lyrica
582 1927 659 1959 est?
683 1926 897 1959 foeminarum
911 1933 948 1960 et
963 1928 1154 1969 puellarum
1170 1927 1264 1968 idea,
1278 1938 1323 1959 an
1337 1927 1485 1960 Veneris
1497 1937 1575 1960 cum
1590 1926 1727 1959 Gratiis

262 1983 298 2010 et
310 1979 474 2020 Nymphis
490 1980 715 2020 phantasma?
739 1981 913 2012 Vulcanus
928 1991 1005 2013 cum
1022 1982 1244 2023 Cyclopibus,
1256 1991 1298 2013 an
1308 1981 1423 2014 mariti
1436 1981 1608 2014 Romani?
1630 1981 1728 2013 Luna

265 2040 370 2072 supra
387 2035 495 2072 caput
520 2023 716 2071 lucens‚'an
744 2032 911 2064 Kalendae
935 2042 954 2063 e
977 2032 1099 2065 fastis?
1142 2033 1202 2069 At,
1226 2034 1349 2075 inquis,
1369 2034 1474 2076 quid?
1494 2034 1521 2066 si
1546 2039 1726 2077 utramque

263 2084 389 2122 ideam,
411 2093 489 2114 cum
512 2084 696 2123 Venerem,
719 2084 872 2123 Gratias,
896 2084 1085 2125 Nymphas,
1109 2089 1181 2116 tum
1207 2086 1337 2125 puellas
1361 2087 1602 2128 mulieresque,
1624 2087 1727 2119 simul

265 2137 441 2178 cogitem?
485 2137 562 2168 Non
591 2136 749 2176 equidem
779 2137 980 2169 intercedo:
1011 2142 1154 2179 possunt
1174 2137 1313 2169 omnino
1340 2138 1457 2169 multis
1481 2138 1669 2170 lectoribus
1691 2140 1728 2171 in

264 2195 413 2223 mentem
429 2191 545 2222 venire
561 2188 710 2221 foeminae
725 2199 765 2221 ac
784 2191 919 2231 puellae,
935 2200 1010 2222 cum
1027 2191 1070 2223 de
1087 2191 1258 2232 Nymphis
1281 2200 1321 2223 ac
1337 2190 1467 2223 Gratiis
1479 2191 1612 2232 legunt.
1655 2191 1727 2223 Sed

265 2244 366 2276 velim
382 2243 545 2276 ostendat
558 2243 638 2274 mihi
665 2243 799 2284 aliquis,
815 2243 894 2275 ideo
907 2249 944 2276 et
964 2244 1145 2276 Horatium
1162 2243 1205 2276 de
1228 2245 1350 2286 puellis
1371 2244 1531 2276 Romanis
1545 2244 1730 2287 cogitasse,

268 2303 317 2337 et,
334 2297 425 2339 quod
441 2301 548 2337 caput
564 2301 630 2337 est,
658 2296 743 2328 ideae
777 2297 853 2337 ejus
877 2297 1113 2338 exprimendae
1145 2297 1193 2328 illi
1217 2296 1323 2329 fuisse
1345 2298 1410 2330 hoc
1436 2298 1511 2329 loco
1532 2298 1726 2330 eonsilium.

267 2349 432 2382 Profecto
449 2350 509 2381 tali
525 2350 775 2391 interpretandi
792 2349 892 2382 modo
914 2350 1052 2382 tandem
1075 2350 1117 2381 ad
1136 2350 1423 2391 perversissimam
1440 2350 1728 2383 Baxterianarum

267 2403 472 2444 dilogiarum
496 2402 663 2434 rationem
691 2401 899 2434 deseremur.
946 2403 1026 2436 Qua
1052 2404 1155 2445 culpa
1171 2412 1282 2445 neque
1306 2403 1417 2444 ipsum
1440 2403 1658 2436 Sanadonum
1682 2403 1726 2435 ad

267 2458 301 2489 h.
323 2457 347 2488 l.
367 2455 516 2488 eximere
545 2465 696 2497 possum,
711 2456 782 2497 qui,
797 2455 880 2488 licet
906 2456 1109 2497 phantasma
1131 2455 1303 2498 poeticum
1328 2456 1439 2497 ipsum
1456 2465 1525 2488 non
1540 2456 1729 2497 subvertat,

267 2515 382 2542 tamen
405 2509 504 2541 simul
521 2509 616 2541 innui
631 2509 713 2541 laeta
729 2518 792 2550 per
808 2513 876 2540 tres
893 2509 972 2541 inde
994 2519 1015 2541 a
1032 2509 1196 2541 Kalendis
1215 2509 1325 2550 April.
1349 2514 1469 2541 noctes
1487 2509 1675 2550 puellarum
1691 2509 1727 2541 in

269 2563 414 2595 Veneris
430 2564 591 2595 honorem
606 2563 792 2605 pervigilia
803 2563 1003 2596 arbitratur.
