1916 3190
285 255 371 297 404

761 267 806 305 Q.
840 265 1051 296 HoRA'ru
1087 265 1266 297 FLAccl

513 359 663 401 Testis
681 373 874 402 mearum
897 361 1172 402 centimanus
1193 359 1345 414 Gyges

514 427 850 477 Sententiarum,
874 431 1003 469 notus
1026 432 1070 468 et
1090 428 1268 481 integrae

1683 428 1741 468 70

571 493 782 536 Tentator
804 493 939 535 Orion
962 494 1137 544 Dianae,

626 560 841 614 Virginea
861 561 1055 602 domitus
1077 562 1254 614 sagitta.

511 627 682 682 Injecta
699 628 907 670 monstris
926 628 1067 670 Terra
1087 628 1207 670 dolet
1226 629 1333 678 suis,

513 693 770 748 Moeretque
789 701 942 749 partus
962 695 1144 736 fulmine
1162 695 1354 736 luridum

574 761 743 803 Missos
763 762 819 803 ad
841 761 1029 813 Orcum;
1058 774 1141 803 nec
1161 762 1330 816 peredit

1684 763 1741 804 75

626 828 890 883 Impositam
912 829 1027 870 celer
1047 830 1164 882 ignis
1186 829 1394 870 AEtnam:

282 923 439 964 quodlibet
454 925 554 955 scelus
575 924 786 956 machinantes
809 927 1004 956 aversantur.
1047 924 1147 956 Dicta
1166 935 1235 956 mea
1255 925 1419 966 manifeste
1438 925 1615 965 comprobat
1633 926 1740 966 Gyges

284 970 407 998 centum
421 976 529 998 manus
543 966 672 1006 habens,
680 967 800 1007 pariter
808 969 839 997 et
852 966 952 997 Orion
965 970 1259 1006 oppugnator-caste
1271 968 1401 1005 Dianoe,
1416 967 1507 1006 hujus
1520 967 1656 1007 virginis
1669 968 1739 998 telis

282 1009 449 1047 confossus.
489 1009 587 1040 Terra
601 1009 665 1040 suis
675 1010 830 1048 portentis
844 1008 990 1048 imposita
1003 1017 1089 1047 oegre
1104 1010 1193 1047 sert.-
1218 1012 1310 1049 atque

273 1050 411 1088 fulmine
425 1052 565 1083 detrusos
587 1052 684 1082 dolet.
728 1050 775 1082 At
798 1060 897 1081 vorax
912 1049 1049 1091 flamma
1071 1060 1132 1082 non
1146 1051 1280 1082 absumit

885 1134 904 1145 ο

289 1187 347 1220 Vis
360 1189 493 1220 consilii.
494 1192 581 1222 -69
605 1188 714 1221 Codd.
729 1188 878 1221 habent:
904 1189 1005 1232 Gyas,

747 1232 865 1264 Lamb.
883 1232 988 1274 Cruq.
1012 1233 1096 1264 Fab.
1122 1233 1170 1265 H
1193 1238 1229 1264 et
1257 1233 1299 1265 R.
1321 1232 1466 1272 Steplih.
1491 1232 1613 1264 Heius.
1638 1232 1741 1265 Fahr.

282 1233 326 1262 70
349 1231 441 1263 Sem.
455 1235 561 1270 notus,
582 1235 626 1272 et,
647 1233 702 1272 &c-

282 1273 409 1305 Dacer.
431 1274 584 1306 Sclimid.
607 1279 643 1306 et
668 1273 804 1306 Wakef.
847 1274 1095 1312 Sententiarum,
1123 1279 1215 1306 notus
1239 1278 1272 1307 et
1297 1275 1446 1306 Bentleii
1472 1274 1589 1307 Graev.

1364 1008 1410 1040 ios
1424 1010 1466 1040 (ιά
1471 1009 1590 1047 fetida
1606 1009 1740 1041 Tartara

1347 1054 1433 1082 lnam
1452 1051 1618 1090 injectum.-
1643 1061 1740 1092 neque

1068 1134 1129 1146 m

1024 1190 1131 1230 gigas,
1142 1190 1249 1230 giges,
1262 1194 1300 1222 ut
1316 1199 1420 1231 supra
1432 1198 1472 1222 11.
1490 1189 1696 1222 011.17.14
1697 1206 1740 1214 ·—

1616 1275 1741 1316 Regin.

283 1315 1285 1354 Petrens.etBattel.Venett.1-1⁷8.1479.1492.L0cher.
1302 1317 1445 1349 Ascens.
1463 1317 1740 1357 Bentl.Cuning.

283 1358 408 1389 Sanad.
424 1359 528 1389 Baxt
542 1359 661 1391 Jones.
679 1359 766 1391 Sivr.
781 1359 876 1397 Jam,
891 1359 957 1400 Bip
961 1366 1033 1390 ont.
1050 1360 1194 1391 Mitsch.
1208 1360 1351 1391 Wetzel.
1366 1365 1401 1391 et
1415 1359 1612 1391 Ridet—⁷3
1626 1360 1741 1398 Terra,

282 1400 472 1440 majusculo
491 1401 530 1437 Τ,
547 1402 662 1432 Bentl.
679 1402 826 1441 enning.
847 1401 970 1432 Sanad.
995 1402 1085 1433 Sivr.
1110 1402 1203 1441 Jani,
1228 1403 1369 1442 Bipout.
1384 1403 1526 1433 Mitscli.
1543 1402 1684 1433 Wetzel.
1700 1408 1736 1431 et

284 1441 478 1474 Kidd.—76
499 1443 618 1474 AEtnen
641 1452 726 1474 unus
746 1443 962 1483 Bersmanni,
987 1444 1082 1484 Lips.
1099 1446 1129 1475 1.
1155 1445 1253 1475 Dess.
1269 1447 1301 1475 1.“
1326 1444 1472 1484 Cuning.
1486 1443 1580 1483 Jaui,
1597 1443 1739 1477 Mitscli⁹

941 1529 974 1560 N
978 1528 1083 1560 OTAE

324 1593 367 1622 69
392 1591 501 1632 Gyges
516 1590 641 1632 [Gyas]
663 1590 730 1622 Vel
756 1591 865 1633 Gyges
885 1591 982 1623 Bria·

282 1641 331 1673 rei
345 1641 466 1682 frater,
479 1642 534 1673 vel
549 1641 623 1682 ipse
645 1641 821 1682 Briareus,
845 1646 904 1673 aut
921 1641 983 1674 Gi-

281 1697 422 1731 gantum
434 1691 602 1732 quispiam
611 1690 806 1722 aid-Tartara
816 1701 893 1722 cum
905 1691 982 1723 aliis

284 1742 502 1774 deturbatus.
523 1741 613 1773 Vide
628 1741 687 1773 lib.
703 1751 743 1774 n.
756 1742 826 1774 Od.
844 1746 897 1775 17.

323 1795 366 1824 70
390 1793 532 1833 Integra
552 1793 701 1824 Tenentur
725 1792 826 1832 Orion
850 1790 997 1834 Dianoe]

280 1843 382 1875 Hanc
396 1844 452 1874 ille
477 1852 576 1875 ausus
599 1843 824 1884 interpellare
845 1843 889 1875 de
912 1848 983 1875 stu·

279 1903 356 1934 pro,
384 1894 460 1934 ejus
490 1893 624 1934 sagittis
653 1897 705 1924 est
733 1892 911 1925 confossus
941 1902 982 1924 ac

280 1947 465 1982 peremtus.
507 1943 563 1974 De
590 1952 631 1974 eo
660 1947 775 1974 tamen
801 1942 982 1974 admodum

283 1991 382 2022 aliter
412 1992 467 2022 alii
492 1991 701 2023 fabulantur.
750 1991 841 2023 Vide
865 2001 890 2023 1.
913 1991 981 2023 od.

281 2043 333 2071 28.
348 2043 401 2071 21.
419 2045 454 2071 et
470 2049 510 2071 11.
526 2040 594 2072 Od.
611 2043 663 2072 13.
679 2044 732 2072 39.

325 2091 366 2120 73
392 2089 511 2127 Iniecta
525 2090 672 2121 nwnstn's
689 2090 785 2121 Terra
807 2090 891 2121 dolet
903 2090 983 2130 suis]

280 2139 487 2171 Monstrosis
511 2138 601 2178 filiis,
628 2149 749 2179 nempe
775 2140 982 2180 gigantibus,

280 2188 481 2221 fulminatis:
511 2189 618 2220 Terra
641 2188 734 2219 dolet
759 2189 849 2228 quod
876 2190 981 2220 etiam

282 2247 391 2280 poeuae
416 2248 456 2270 ac
484 2238 651 2280 supplicio
680 2238 813 2269 illorum
839 2238 981 2277 servire,

281 2298 408 2330 eosque
418 2297 573 2329 premere
581 2292 723 2328 cogatur
736 2286 818 2327 ipsis
833 2286 978 2326 injecta:

283 2339 372 2370 unde
397 2343 433 2370 et
455 2339 490 2370 in
521 2338 683 2370 ultionem
714 2337 832 2379 suique
856 2336 981 2368 doloris

282 2389 530 2430 qualecumque
553 2382 890 2426 soladumsFamam,
905 2395 981 2427 quae

281 2440 432 2471 Deorum
445 2439 574 2480 probra
587 2439 775 2480 evulgaret,
787 2438 915 2470 dicitur
925 2448 983 2479 ge·

282 2489 409 2531 nuisse,
433 2490 443 2506 ‘
458 2489 509 2520 ira
523 2489 659 2521 irritata
680 2488 857 2529 Deorum,'
871 2492 909 2520 ut
925 2497 980 2520 ca-

282 2540 335 2571 nit
350 2540 475 2581 virgil.
493 2539 626 2571 AEneid.
643 2548 694 2570 w.
712 2541 786 2570 178.

324 2589 462 2630 Injecta]
494 2589 660 2630 Gigantes
690 2588 855 2630 praecipui
880 2588 979 2620 variis

282 2645 361 2672 sunt
375 2641 493 2673 insulis
507 2640 639 2673 obruti:
657 2640 748 2673 Otus
759 2640 883 2679 Creta;
897 2639 980 2671 Pro-

282 2691 383 2731 chyta
406 2692 542 2732 Mimas,
566 2701 611 2723 ex
632 2691 715 2723 Silio
741 2695 820 2722 ante
843 2691 902 2722 cit.
926 2690 981 2721 vel

281 2740 472 2783 Typhoeus,
498 2747 535 2773 ut
559 2742 633 2773 aliis
651 2742 785 2783 placet:
807 2740 914 2771 insula
931 2739 980 2771 Co

282 2792 500 2833 Polyboetes:
517 2792 634 2824 Sicilia
648 2791 851 2832 Enceladus,
861 2790 927 2830 vel,
943 2794 982 2821 ut

1037 1592 1095 1623 alii
1107 1592 1272 1628 scribunt,
1292 1591 1434 1633 Typhon
1458 1601 1518 1624 seu
1540 1591 1739 1633 Typhoeus.

1036 1641 1158 1681 Virgil.
1172 1641 1305 1672 AEneid.
1321 1650 1377 1672 111.
1390 1644 1467 1673 578.
1511 1643 1521 1660 ‘
1538 1642 1642 1674 Fama
1668 1648 1736 1678 est,

1038 1691 1202 1723 Enceladi
1225 1692 1422 1723 semiustum
1446 1689 1587 1723 fulmine
1609 1702 1733 1733 corpus

1038 1741 1163 1782 Urgeri
1189 1741 1277 1772 mole
1308 1741 1384 1778 liae,
1414 1741 1657 1782 ingentemque
1687 1742 1737 1773 iu-

1036 1801 1140 1833 super
1153 1791 1288 1824 AEtnam
1301 1791 1502 1832 Impositum
1513 1790 1624 1832 ruptis
1642 1789 1737 1823 1111111-

1036 1852 1126 1874 mam
1149 1842 1324 1883 exspirare
1348 1841 1509 1873 caminis:
1532 1841 1590 1880 Et,
1610 1840 1737 1873 fessum

1037 1893 1172 1934 quoties
1197 1897 1308 1923 mutat
1333 1892 1434 1930 latus,
1458 1891 1643 1923 intremere
1666 1901 1736 1924 om-

1036 1951 1114 1974 nem
1130 1943 1308 1975 Murmure
1323 1942 1548 1981 Trinacriam,
1561 1947 1598 1973 et
1611 1942 1736 1974 coelum

1037 1993 1220 2026 subtexere
1239 1992 1360 2026 fumo.’
1383 1992 1488 2025 Ovid.
1503 1993 1594 2024 Met.
1607 2001 1642 2024 v.
1661 1995 1738 2026 346.

1037 2044 1047 2061 ‘
1062 2043 1173 2076 Vasta
1198 2043 1376 2084 Giganteis
1390 2043 1526 2085 ingestu
1550 2046 1604 2073 est
1626 2043 1738 2074 insula

1035 2093 1195 2125 membris
1216 2093 1414 2125 Trinacris:
1443 2096 1480 2124 et
1502 2090 1633 2132 magnis
1657 2091 1737 2123 sub-

1029 2143 1164 2183 jectum
1189 2143 1332 2175 molibus
1354 2146 1455 2183 urget
1478 2141 1656 2174 AEtheress
1678 2150 1745 2173 nn·

1036 2202 1109 2223 sum
1125 2202 1266 2233 sperare
1279 2191 1442 2234 Typhoea
1458 2191 1570 2223 sedes.
1602 2191 1735 2222 Nititur

1036 2242 1093 2272 ille
1130 2242 1279 2283 quidem,
1314 2246 1511 2282 pugnatque
1553 2247 1734 2280 resurgere

1035 2300 1138 2331 saepe.
1175 2292 1315 2322 Dextra
1343 2291 1406 2322 sub
1435 2289 1588 2321 Ausonio
1617 2296 1733 2320 manus

1035 2344 1087 2371 est
1099 2340 1253 2380 subjecta
1266 2340 1412 2371 Peloro:
1430 2339 1545 2378 Laeva,
1558 2338 1733 2378 Pachyne,

1035 2388 1117 2420 tibi:
1143 2388 1295 2429 Lilybaeo
1310 2397 1412 2419 crura
1427 2390 1638 2428 premuntur.
1663 2386 1734 2417 De-

1035 2445 1156 2481 gravat
1171 2440 1272 2472 AEtna
1294 2444 1412 2481 caput,
1437 2438 1499 2469 snb
1521 2446 1588 2479 qus
1603 2436 1735 2476 resupi-

1033 2501 1096 2522 nus
1112 2499 1231 2522 arenas
1243 2491 1393 2531 Ejectat.
1408 2488 1645 2529 flammamque
1657 2487 1732 2519 fero

1034 2541 1137 2572 vomit
1149 2550 1207 2572 ore
1222 2538 1431 2582 Typhoeus?
1446 2541 1511 2570 ὅτε.

1075 2593 1118 2622 74
1139 2589 1306 2630 Larium]
1328 2587 1486 2620 Plumbei
1503 2586 1639 2627 coloris,
1658 2585 1733 2618 livi-

1033 2639 1126 2680 dum,
1143 2640 1272 2680 pallore
1287 2644 1321 2670 et
1339 2638 1476 2679 nigrore
1491 2638 1646 2668 mixtum.

1075 2692 1116 2721 75
1141 2690 1210 2722 Nec
1223 2689 1342 2729 peredit
1358 2688 1542 2728 Impositum
1551 2687 1631 2718 celer
1645 2685 1732 2725 ignis

1034 2739 1179 2780 AEtnam]
1203 2740 1323 2780 Neque
1350 2743 1464 2770 tamen
1479 2737 1565 2778 ignis
1580 2745 1643 2778 per
1657 2734 1730 2767 AEt-

1035 2799 1087 2822 nae
1116 2790 1228 2822 hiatus
1252 2799 1272 2821 e
1298 2788 1454 2830 Gigantis
1479 2786 1648 2830 suppositi
1669 2793 1729 2816 ore
