1916 3190
275 243 362 286 508
749 258 791 296 Q.
822 255 1033 287 HoRA'rn
1067 258 1242 289 FnAccr

447 349 666 402 Thracen,
689 363 742 393 ac
762 350 877 405 pede
897 351 1087 394 barbaro

504 413 755 458 Lustratum
778 417 1047 472 Rhodopen.
1105 419 1169 462 Ut
1187 419 1294 461 mihi
1315 419 1444 462 devio

446 481 592 535 Ripas
612 485 655 523 et
673 495 863 524 vacuum
883 497 1040 526 nemus

503 548 659 590 Mirari
678 549 815 592 libet!
876 550 916 592 O
940 552 1166 595 Naiadum
1186 557 1358 607 potens,

276 663 344 686 cum
357 655 458 687 cernit
473 656 628 697 Hebrum,
642 661 673 689 et
690 657 856 689 Thraciam
869 657 994 689 nivibus
1007 657 1220 699 albescentem,
1229 664 1322 702 atque
1339 661 1506 700 Rhodopen
1519 658 1644 700 pedibus
1655 658 1725 690 bar-

274 696 418 729 barorum
427 702 641 739 peragratam.
680 701 781 736 Quam
793 701 893 741 placet
909 701 987 732 mihi
1001 701 1090 740 longe
1106 702 1264 734 aberranti
1277 703 1430 736 admirari
1443 706 1547 734 cautes
1561 706 1591 734 et
1606 702 1724 742 sylvam

881 792 1103 807 omnmo
1108 795 1127 807 0

277 859 314 887 11
335 856 431 888 Unus
446 856 645 889 Bersmanni
662 861 698 889 et
713 858 811 890 Dess.
827 860 860 890 2.
881 862 937 890 aut
947 859 1025 899 pede
1041 858 1270 891 barbar0.-12
1288 859 1472 891 Lustratum
1485 857 1606 899 optimi
1621 856 1722 889 codd.

275 899 456 939 Torrentii,
471 904 505 931 et
523 900 716 931 Helmstad.
744 910 763 931 a
785 909 831 931 m.
859 909 911 940 pr.
956 901 1048 931 Vide
1070 901 1187 932 Burm.
1203 905 1240 932 et
1259 901 1377 932 Heius.
1390 902 1435 932 ad
1452 899 1555 932 ovid.
1569 899 1656 930 Met.
1672 908 1724 930 rx.

277 943 349 972 165.
377 941 434 972 ubi
456 942 554 973 multi
577 942 678 973 codd.
701 943 711 959 ¹
729 951 942 972 nemorosum
965 941 1096 973 OEten.'
1142 941 1342 974 Substratam
1371 944 1471 974 Dess.
1496 944 1530 972 2.
1553 941 1630 972 ‘aut
1648 941 1727 972 mihi

276 983 376 1015 Dess.
391 987 423 1014 2.
446 994 481 1015 ac
495 984 572 1014 mihi
588 984 669 1015 Div.
685 983 743 1015 Sil.
757 984 862 1015 Mart.
879 983 985 1024 Cruq.
1010 983 1101 1014 haud
1117 983 1219 1015 dubie
1235 993 1254 1016 e
1271 993 1321 1016 vs.
1338 986 1389 1015 11.
1433 983 1592 1023 Amplexi
1609 987 1722 1014 tamen

276 1025 340 1056 hoc
357 1026 472 1057 Bentl.
488 1027 572 1057 Cuu.
589 1026 640 1066 [et
655 1024 778 1065 Kidd.]
793 1025 837 1057 ob
855 1025 1053 1066 praecedens
1073 1034 1134 1057 non
1149 1035 1246 1067 secus,
1262 1031 1330 1067 quo
1345 1025 1499 1057 referunt
1513 1034 1549 1056 ac
1568 1023 1657 1060 mihi.
1671 1025 1725 1064 ξε.

276 1067 396 1098 Multis
414 1068 536 1108 probat
560 1067 676 1099 Bentl.
694 1068 793 1108 vulgo
807 1068 876 1099 dici
891 1068 1014 1100 Latine
1029 1077 1091 1100 non
1111 1077 1199 1100 secus
1212 1078 1248 1099 ae
1258 1078 1271 1106 ,·
1293 1072 1462 1109 tamquam
1476 1076 1542 1099 non
1557 1065 1602 1097 ob
1625 1065 1659 1096 id
1673 1066 1724 1107 ip-

276 1118 365 1148 sum,
380 1110 512 1140 etiamsi
529 1110 612 1140 velis
629 1108 758 1141 referre
786 1109 829 1141 ad
851 1120 912 1141 non
935 1119 1033 1151 secus,
1053 1110 1257 1151 exquisitius
1275 1111 1322 1142 sit
1335 1114 1382 1142 ut.
1426 1110 1607 1151 Ingratum
1622 1107 1726 1139 etiam

275 1152 517 1192 inductumque
533 1156 636 1188 esset,
653 1156 691 1183 ut
713 1152 787 1192 jam
812 1153 892 1184 San.
917 1152 1014 1190 vidit,
1040 1153 1248 1193 geminatum
1274 1163 1311 1184 ac
1335 1153 1402 1195 (vs.
1419 1154 1473 1184 ll.
1489 1150 1575 1192 12),
1595 1149 1726 1191 duplici

276 1202 390 1226 sensu.
432 1194 580 1227 Omnino
598 1199 724 1234 praeter
740 1195 856 1227 Bentl.
872 1198 909 1227 et
924 1195 1011 1228 Cun.
1021 1194 1094 1236 jam
1111 1194 1225 1227 Acron
1241 1199 1278 1227 et
1294 1195 1425 1228 Comm.
1442 1193 1581 1235 Cruquii
1596 1201 1637 1224 ac
1652 1197 1730 1233 post

275 1245 333 1266 eos
348 1236 497 1277 plurimi,
522 1241 560 1268 ut
586 1237 688 1278 Cruq.
711 1237 860 1268 Schmid.
885 1242 932 1277 et,
948 1238 1004 1279 qui
1023 1238 1124 1278 plane
1146 1247 1267 1270 novam
1291 1236 1564 1270 observationem
1586 1234 1620 1266 in
1636 1244 1678 1266 eo
1691 1244 1728 1266 se

274 1276 398 1310 afferre
414 1279 509 1319 dicit,
524 1279 576 1311 Cl.
592 1279 682 1311 Sivr.
697 1278 810 1310 omuia
824 1279 902 1311 ina:
922 1280 997 1312 Non
1011 1280 1246 1312 secus...miroeri
1259 1280 1390 1316 libet,in
1406 1289 1505 1311 unam
1522 1277 1726 1310 sementiam

269 1321 474 1361 junxerunt,
498 1325 536 1353 ut
560 1326 651 1354 esset
676 1321 865 1353 similitudo
886 1331 987 1363 quam
1012 1322 1157 1354 maxime
1179 1322 1383 1355 methodica.
1429 1321 1617 1354 Contendit
1636 1319 1727 1351 enim

275 1362 391 1394 Bentl.
405 1363 466 1401 τὴν
478 1373 540 1395 non
553 1373 641 1395 secus
656 1372 791 1404 semper
806 1364 945 1406 aliquid,
959 1374 1106 1406 quocum
1121 1365 1322 1397 instituatur
1336 1365 1560 1406 comparatio,
1575 1362 1631 1394 vel
1646 1366 1726 1393 ante

277 1405 332 1435 vel
346 1410 428 1445 post
443 1415 479 1436 se
494 1405 619 1436 habere
635 1405 774 1436 debere.
820 1406 852 1437 Ο
868 1405 974 1448 frigus
991 1407 1248 1447 grammaticum
1263 1407 1302 1447 in
1319 1405 1566 1448 Dithyrnmbo!
1591 1415 1611 1435 a
1631 1405 1726 1444 cujus

275 1450 410 1485 natura,
424 1451 463 1478 ut
479 1447 566 1478 bene
580 1447 704 1478 Sanad.
723 1452 849 1483 monet,
865 1452 935 1478 tam
950 1448 1153 1480 methodicae
1170 1449 1468 1489 grammaticaeque
1483 1445 1727 1484 connexiones,

275 1489 541 1520 enthusiasmum
559 1488 818 1529 refrigerantes,
830 1489 1043 1521 alienissimae
1058 1494 1149 1521 sunt.
1184 1490 1311 1521 Sensus
1326 1490 1453 1531 lyricus
1468 1487 1561 1520 ferre
1575 1488 1608 1520 h.
1621 1488 1644 1518 l.
1660 1496 1726 1518 non

275 1535 391 1570 potest
407 1535 475 1562 tam
491 1536 685 1562 accuratum
701 1531 928 1572 subtilemque
949 1540 1177 1563 commensum
1192 1532 1450 1572 particularum,
1470 1531 1530 1562 sed
1547 1533 1624 1572 post
1642 1529 1727 1560 Rho-

274 1573 373 1613 dopen
389 1576 552 1612 punctum
569 1574 648 1613 poni
667 1573 792 1613 jubet;
815 1577 854 1605 ut
870 1582 945 1614 sqq.
970 1573 1014 1608 Ut
1029 1572 1118 1612 milti,
1134 1575 1188 1614 &c-
1203 1582 1324 1605 novam
1339 1574 1541 1606 sententiam
1560 1571 1725 1604 constitu-

277 1620 347 1646 ant.
392 1615 502 1646 Recte
524 1614 574 1645 sic
604 1614 722 1646 Lamb.
752 1615 850 1646 Torr.
879 1615 982 1646 But.
1004 1614 1130 1647 Sunud.
1148 1615 1241 1648 Jon.'
1262 1616 1437 1647 June—13
1460 1617 1470 1634 ‘
1484 1616 1585 1656 Ripae
1609 1623 1726 1646 omnes

276 1656 377 1688 codd.
393 1666 578 1697 omnesque
594 1657 693 1688 editt.
709 1661 788 1688 ante
803 1657 994 1693 Muretum,
1010 1657 1067 1697 qui
1083 1657 1210 1697 primus
1225 1657 1376 1689 correxit
1394 1667 1496 1698 rupes,
1517 1665 1660 1706 eumque
1675 1664 1727 1686 se-

275 1699 348 1730 cuti
364 1699 486 1731 Lamb.
500 1699 621 1739 Steph.
636 1698 720 1731 Fab.
738 1699 864 1732 Dacer.
878 1700 1007 1740 Despr.
1021 1698 1145 1731 Heins.
1168 1699 1253 1731 Cun.
1268 1698 1394 1732 Sanad.
1418 1699 1498 1732 Jon.
1522 1698 1726 1739 plurimique

275 1741 347 1773 alii.
390 1741 556 1773 Movebat
572 1741 672 1773 Viros
697 1741 818 1774 doctos
832 1742 895 1773 hoc
914 1741 968 1784 (ut
989 1740 1119 1773 diserte
1142 1742 1256 1773 Bentl.
1270 1751 1312 1773 ex
1330 1750 1439 1783 eoque
1454 1740 1608 1782 Sanad.),
1629 1739 1720 1782 qnod

272 1792 438 1826 nusquam
452 1783 653 1824 simpliciter
666 1783 736 1824 ripa
751 1790 909 1825 ponatur,
934 1783 1008 1815 sine
1023 1783 1195 1816 mentione
1209 1783 1356 1816 fluminis
1383 1789 1444 1816 aut
1468 1793 1579 1825 aquoe.
1620 1781 1721 1814 Atta·

276 1835 354 1858 men
369 1835 479 1868 neque
492 1835 585 1868 rupes
598 1827 758 1858 Bentleio
774 1827 927 1868 pla'cent,
940 1825 1000 1858 sed
1016 1826 1176 1859 emendat
1189 1826 1287 1867 rivos,
1309 1827 1389 1869 quia
1409 1827 1614 1858 inducantur
1629 1823 1728 1857 Naia-

930 1910 1076 1945 NOTAE

321 1975 404 2007 Nive
415 1976 579 2008 candidam
595 1975 752 2016 Thracen]
774 1975 887 2017 Regio
900 1975 977 2007 haee

277 2023 498 2065 frigidissima
517 2035 688 2067 nunquam
713 2035 779 2057 non
798 2025 905 2057 habet
925 2025 978 2058 ni-

277 2081 350 2112 ves,
377 2075 387 2090 ‘
403 2083 466 2104 nec
491 2075 578 2105 coelo
607 2075 687 2106 laeta
716 2084 779 2107 nec
807 2073 903 2111 solo‚’
932 2084 976 2107 ex

278 2121 401 2162 Pomp.
414 2122 518 2152 Mela.
551 2123 649 2154 Inter
663 2124 746 2155 alios
763 2130 897 2156 montes
913 2125 976 2156 tol·

276 2171 317 2203 lit
334 2170 534 2211 Rhodopen,
548 2171 774 2212 incoliturque
789 2179 902 2215 gente,
920 2174 975 2206 cui

279 2220 374 2258 velut
386 2220 486 2252 insita
500 2230 519 2252 a
530 2225 652 2252 natura
664 2220 849 2254 barbaries.
884 2222 974 2253 Vide

279 2278 306 2302 ι.
322 2270 390 2303 Od.
404 2273 459 2302 2⁷.

321 2322 362 2352 11
385 2320 472 2351 Pede
489 2318 622 2350 ‘barbaro
643 2319 827 2351 Lustratum
849 2318 973 2350 Rhodo-

275 2370 350 2411 pen]
384 2370 452 2401 Hic
481 2369 675 2401 subtiliores
702 2369 806 2410 aliqui
833 2367 978 2400 afferunt

280 2420 456 2460 Orpheum
475 2420 553 2460 pede
567 2418 710 2458 barbaro,
725 2417 760 2450 id
775 2423 842 2458 est,
858 2419 976 2450 carmi-

279 2470 390 2510 nibus,
419 2470 648 2501 illustrantem
677 2462 855 2500 Thraciam
881 2478 975 2501 suam

279 2519 437 2560 patriam,
450 2524 486 2550 et
501 2520 533 2550 in
549 2528 590 2550 ea
605 2523 753 2550 montem
771 2518 974 2559 Rhodopen:

280 2579 321 2601 eo
335 2578 448 2608 sensu,
464 2572 502 2600 nt
515 2573 584 2600 tam
599 2568 645 2600 sit
659 2567 816 2599 omnibus
832 2568 977 2600 admira·

279 2619 356 2650 bilis
378 2618 542 2649 Horatius
569 2617 717 2657 Augusti
746 2617 863 2649 laudes
887 2618 977 2649 cele-

280 2668 394 2707 brans,
408 2676 507 2708 quam
528 2666 672 2698 Bacchis
686 2667 798 2698 Thrax
818 2667 976 2709 Orpheus

280 2726 419 2758 canens,
433 2721 469 2748 et
484 2716 527 2748 ob
539 2722 676 2748 cantum
693 2721 766 2748 toto
778 2716 861 2748 orbe
873 2717 978 2749 nomi-

281 2771 393 2799 natus.
427 2765 495 2798 Sed
511 2775 531 2798 o
547 2770 787 2808 commentum,
799 2766 888 2809 quod
904 2776 979 2800 nos·

1029 1979 1083 2007 tro
1097 1974 1202 2008 etiam
1217 1974 1338 2007 Poetae
1358 1974 1498 2007 latuisse
1517 1971 1724 2006 eredendum

1029 2028 1115 2105 utI-2
1142 2074 1188 2106 Ut
1199 2073 1278 2106 mihi
1296 2074 1398 2115 devio,
1411 2073 1481 2115 dfe-J
1505 2071 1651 2105 Affintus
1666 2082 1727 2106 nu·

1028 2123 1120 2155 mine
1138 2123 1304 2155 Horatius
1318 2123 1487 2155 duntaxat
1506 2132 1549 2155 ea
1562 2123 1727 2164 loquitur,

1029 2182 1105 2214 quae
1129 2173 1408 2205 meditabundum
1425 2173 1548 2214 juvant
1570 2172 1728 2214 Poetm,

1029 2222 1184 2254 desertas
1199 2223 1367 2264 regiones,
1382 2232 1517 2265 specus,
1540 2232 1655 2264 rupes,
1667 2231 1728 2255 ne-

1028 2279 1238 2359 m3}·Ripas
1253 2321 1392 2361 [Rupes]
1407 2321 1464 2352 Sic
1477 2321 1636 2362 apposite
1650 2321 1725 2352 Mu-

1029 2371 1124 2398 retus
1153 2368 1261 2399 doctis
1297 2370 1386 2399 visus
1415 2370 1621 2407 correxisse,
1650 2368 1728 2409 quia

1029 2426 1121 2458 rupes
1146 2416 1189 2448 ad
1217 2426 1287 2448 rem
1310 2417 1625 2448 convenientiores:
1649 2427 1726 2450 cum
1792 2446 1797 2450 .

1027 2473 1140 2500 tamen
1167 2468 1319 2510 plerique
1340 2468 1479 2500 codices
1501 2468 1659 2510 habeant,
1680 2468 1728 2499 rt*-

1025 2527 1105 2559 pru,-
1128 2526 1191 2549 nec
1211 2518 1258 2549 ita
1280 2517 1438 2557 absurde,
1454 2522 1493 2549 nt
1517 2517 1654 2559 quidam
1669 2527 1727 2550 vo-

1028 2569 1113 2600 lunt.
1158 2567 1246 2600 Nam
1273 2572 1310 2599 et
1332 2566 1471 2599 flumina
1493 2566 1726 2599 et‘fluminum

1029 2620 1112 2660 ripae
1134 2618 1176 2650 ad
1199 2617 1386 2650 solitarium
1406 2622 1443 2649 et
1463 2616 1726 2658 cogitabundum

1029 2668 1215 2711 pertinent.
1646 2685 1648 2687 -

1074 2720 1114 2749 14
1140 2718 1170 2748 0
1199 2717 1360 2749 Naiadum
1382 2719 1505 2758 potem,
1528 2717 1597 2758 dfe-J
1625 2715 1724 2750 Quod

1033 2766 1128 2809 aquis
1156 2767 1270 2799 vinum
1303 2770 1356 2799 est
1382 2766 1556 2808 potentius
1582 2776 1623 2799 ac
1644 2765 1727 2798 vali·
