1916 3190
255 226 341 268 276

737 241 782 278 Q.
813 240 1024 271 HORATll
1061 241 1235 274 milico!

428 333 572 384 Quem
594 334 633 376 si
653 336 895 389 puellarum
915 336 1127 378 insereres
1148 336 1297 386 choro,

428 401 543 444 Mire
563 414 751 456 sagaces
771 402 943 444 falleret
963 402 1167 457 hospites

484 469 732 511 Discrimen
751 469 1004 520 obscurum,
1025 470 1185 512 solutis

461 532 465 542 '
540 536 762 588 Crinibus,
783 538 1085 592 ambiguoque
1105 539 1244 581 vultu.

253 675 348 715 mari,
362 678 417 707 aut
440 677 548 719 Gyges
562 677 718 709 Cnidius:
744 687 834 717 quem
848 677 877 708 si
891 677 1019 708 misceas
1040 677 1132 709 coetui
1153 678 1325 717 virginum,
1349 680 1483 711 adcenas
1495 679 1631 711 maxime
1644 688 1712 720 per-

252 718 390 758 spicaces
403 720 557 761 deciperet
571 720 690 752 incerta
701 720 896 762 differentia,
907 720 1008 760 passis
1022 720 1157 761 capillis,
1166 721 1317 762 dubiaque
1325 721 1425 760 facie.

862 815 1001 828 eeeeeee

1004 815 1103 828 ‘om

252 878 373 911 Lamb.
389 878 507 910 Bentl.
518 879 646 920 Delph.
662 879 806 912 Wetzel.
823 884 860 912 et
876 880 1072 913 Kidd.-24
1097 882 1209 914 Bentl.
1223 883 1245 916 J
1250 883 1319 924 ani,
1335 887 1370 915 et
1386 883 1493 915 Kidd.
1508 885 1605 915 voltu.

915 986 1056 1019 NOTAE
1107 1004 1110 1010 ι

252 1060 311 1102 gil.
328 1064 456 1097 notum,
481 1061 600 1101 Eclog.
617 1070 660 1094 11.
675 1064 707 1092 1.
730 1061 740 1079 ‘
755 1062 956 1094 Formosum

252 1115 373 1153 pastor
389 1109 549 1150 Corydon
565 1110 709 1143 ardebat
726 1110 865 1152 Alexin,
884 1112 956 1143 De-

250 1161 350 1192 licias
369 1159 521 1192 domini!

295 1213 335 1242 21
363 1211 463 1247 Quem
476 1210 505 1242 si
521 1211 695 1251 puellcsrum
709 1211 873 1255 insereres,
887 1212 957 1254 ξω]

252 1260 362 1303 Gygis
373 1270 496 1302 nempe
508 1261 620 1292 vultus
632 1261 739 1303 laevis,
751 1266 863 1304 tener,
877 1273 956 1295 can-

251 1312 365 1353 didus,
381 1316 553 1352 venustus,
567 1311 653 1343 adeo
669 1312 813 1354 virginis
825 1313 956 1354 specio·

251 1371 299 1394 sae
325 1362 614 1403 pulchritudinem
639 1361 761 1405 refert,
777 1367 815 1394 ut
831 1363 887 1394 vix
904 1364 955 1394 in-

250 1412 401 1443 ternosci
424 1416 542 1453 queat,
562 1411 614 1444 ‘si
637 1413 827 1454 puellarum
850 1413 955 1446 choro

250 1462 424 1494 inseratur
436 1460 458 1492 :'
473 1461 621 1503 puellam
635 1463 778 1501 etenim,
788 1473 857 1495 non
873 1473 955 1505 pue-

250 1523 339 1553 rum,
354 1512 482 1553 Gygen
493 1511 730 1545 affirmaveris.

293 1565 337 1594 22
363 1562 503 1594 Falleret
529 1561 680 1603 hospites]
715 1562 787 1594 Nos
814 1562 952 1604 quidem

251 1613 357 1654 cives,
387 1611 446 1654 qni
470 1620 547 1643 eum
581 1611 832 1655 cognoscimus,
861 1612 953 1646 forte

250 1673 320 1695 non
344 1661 485 1694 falleret
510 1661 651 1704 Gyges,
673 1661 824 1703 hospites
840 1666 954 1695 autem

251 1718 289 1746 et
326 1712 497 1754 peregrini
533 1721 749 1754 nequaquam
779 1721 799 1744 a
830 1714 954 1755 puellis

250 1764 402 1806 puellum
440 1763 529 1794 hunc
562 1762 810 1795 discernerent.
867 1764 953 1796 'ram

250 1814 341 1846 enim
355 1805 527 1847 obscurum?
537 1818 589 1845 est
604 1813 784 1845 discrimen.

293 1867 335 1895 23
350 1862 472 1896 Solutis
487 1863 641 1904 crinibus]
664 1864 812 1896 Prolixis
827 1870 863 1897 et
879 1875 954 1907 pas-

1011 1062 1068 1101 sis,
1080 1071 1173 1094 more
1186 1062 1320 1094 scilicet
1335 1062 1503 1104 virginum
1516 1073 1525 1102 ;
1539 1068 1576 1094 at
1591 1067 1714 1095 contra

1011 1115 1130 1152 nuptae
1146 1112 1290 1153 capillos
1306 1112 1512 1153 religabunt.

1054 1164 1096 1194 24
1121 1161 1339 1204 Ambiguoque
1365 1162 1468 1204 vultu]
1513 1163 1562 1195 Ut
1592 1173 1712 1195 sexum

1011 1222 1080 1244 non
1107 1212 1310 1255 distinguas.
1354 1213 1412 1246 Sic
1437 1213 1615 1247 Juvenalis
1637 1213 1714 1246 Sat.

1013 1270 1077 1294 xv.
1095 1265 1168 1294 13⁷.
1185 1263 1229 1294 de
1246 1263 1377 1304 pupillo
1399 1273 1419 1295 a
1441 1267 1556 1295 tutore
1576 1262 1713 1295 defrau-

1009 1313 1112 1346 dato:
1137 1318 1146 1331 ‘
1159 1314 1265 1355 Cujus
1283 1314 1454 1346 manantia
1467 1313 1551 1346 fletu
1563 1314 1635 1346 Ora
1651 1324 1712 1355 pu-

1010 1365 1130 1396 ellares
1144 1365 1276 1397 faciunt
1287 1366 1420 1398 incerta
1433 1365 1573 1407 capilli!
1608 1366 1711 1398 Ovid.

1010 1414 1097 1446 Met.
1112 1424 1195 1446 vm.
1210 1415 1422 1448 323..‘Talis
1444 1419 1521 1446 erat
1544 1417 1638 1447 cultu
1659 1415 1711 1447 fa-

1010 1463 1091 1503 cies,
1104 1473 1204 1505 quam
1222 1464 1336 1495 dicere
1359 1473 1440 1496 vere
1454 1465 1653 1506 virgineam
1676 1466 1711 1496 in

1008 1523 1127 1555 puero,
1156 1515 1322 1555 puerilem
1350 1515 1382 1546 in
1410 1515 1541 1556 virgine
1568 1517 1710 1556 posses.'

1007 1563 1105 1595 Idem
1133 1573 1184 1596 vr.
1202 1567 1280 1596 ⁷11.
1310 1564 1458 1597 ‘Cultus
1484 1570 1560 1597 erat
1588 1567 1708 1607 pneri;

1008 1611 1128 1653 facies,
1143 1623 1245 1655 qnam
1269 1614 1340 1646 sive
1362 1615 1486 1656 puellae
1507 1615 1586 1647 Sive
1610 1617 1710 1647 dares

1009 1673 1130 1705 puero,
1151 1663 1252 1696 fieret
1264 1663 1430 1698 formosus
1439 1666 1607 1708 uterque.'
1638 1666 1710 1711 ᾼιι-

1007 1723 1080 1746 son.
1095 1714 1312 1755 Epignmu-
1335 1714 1445 1746 ‘Dum
1459 1715 1595 1748 dubitat
1611 1721 1710 1749 natu-

1010 1775 1048 1797 ra
1063 1775 1190 1796 marem
1206 1764 1380 1797 faceretne
1404 1766 1564 1807 puellam,
1582 1766 1709 1800 Factus

1009 1825 1059 1856 es,
1075 1825 1095 1847 o
1110 1815 1266 1857 pulcher,
1281 1825 1381 1857 poene
1397 1815 1525 1858 puella,
1540 1816 1648 1858 puer!

836 2018 966 2059 ODE
1015 2018 1100 2060 VI.

781 2136 848 2165 AD
881 2135 1179 2165 SEPTlMlUM·

250 2245 344 2279 Titio
372 2247 539 2289 Septimio
566 2248 686 2291 Equiti
712 2250 875 2290 Romano,
898 2250 1021 2291 insigni
1047 2250 1179 2290 Poetae,
1206 2255 1243 2283 et
1266 2251 1488 2284 commilitoni
1515 2252 1594 2284 olim
1631 2260 1705 2287 sno,

295 2300 353 2341 qni
368 2310 444 2332 eum
459 2302 503 2334 ad
522 2302 637 2334 villam
661 2312 755 2335 suam
781 2303 1003 2336 Tarentinam
1028 2304 1250 2343 invitaverat,
1265 2305 1440 2346 languenti
1463 2306 1552 2346 stylo
1567 2314 1707 2346 respon-

295 2353 368 2395 det,
380 2364 418 2386 se
436 2355 509 2396 jam
524 2355 606 2388 vitae
620 2356 794 2389 laboribus
809 2366 910 2399 paene
924 2355 1104 2398 fatigatum
1128 2357 1162 2388 in
1175 2357 1353 2389 Tiburtino
1366 2367 1429 2397 suo
1450 2367 1588 2390 secessu
1605 2358 1705 2389 malle

264 2400 268 2404 ⁵
292 2407 384 2448 quod
400 2409 565 2451 reliquum
588 2414 643 2442 est
668 2410 748 2442 vitae
764 2411 977 2452 transigere:
1000 2410 1052 2442 sin
1079 2414 1193 2442 autem
1219 2410 1285 2443 hoc
1306 2410 1416 2443 minus
1441 2410 1504 2443 sibi
1526 2410 1704 2452 obtigerit,

292 2459 442 2492 libenter
456 2471 493 2493 se
508 2461 600 2503 apud
616 2471 693 2495 eum
705 2462 846 2495 Tarenti
860 2464 1004 2495 animam
1017 2461 1223 2496 efflaturum.

428 2536 655 2589 Samum,
675 2537 831 2580 Gades
852 2538 1018 2582 aditure
1037 2551 1225 2589 mecum,
1247 2542 1291 2581 et

297 2634 326 2665 0
342 2635 488 2679 Septimi,
498 2641 678 2678 perrectura
692 2647 807 2670 mecum
822 2639 863 2669 ad
881 2637 998 2678 Gades,
1007 2640 1039 2669 et
1056 2636 1229 2669 Cantabros
1243 2636 1331 2668 nobis
1343 2637 1460 2669 servire
1471 2637 1599 2678 nescios,
1611 2641 1704 2680 atque

1018 2723 1097 2735 ‘000

295 2782 374 2815 Ode
399 2784 502 2817 tertia
528 2784 623 2818 Libri
644 2786 756 2828 quarti
781 2787 817 2819 in
845 2785 1006 2819 Editione
1032 2786 1158 2820 Sanad.
1202 2786 1407 2821 Inscribitur
1432 2787 1466 2820 in
1493 2787 1699 2820 editionibus
