1916 3190
261 230 347 274 340
752 244 794 283 Q.
828 243 1036 275 nonA'rn
1073 244 1249 276 FLAcm

493 339 603 381 Dixi
625 344 978 381 sacramentum:
1008 340 1188 390 ibimus,
1209 341 1391 392 ibimus,
1670 341 1724 382 10

548 407 802 461 Utcumque
824 407 1072 461 praecedes,
1095 413 1346 462 supremum

605 474 795 529 Carpere
815 475 900 516 iter
921 477 1106 517 comites
1126 476 1289 529 parati.

491 541 569 584 Me
588 555 666 584 nec
687 542 919 585 Chimaerae
940 543 1122 597 spiritus
1142 544 1300 597 igneae,

493 610 609 660 Nec,
631 610 669 651 si
689 614 890 664 resurgat
910 612 1185 653 centimanus
1207 611 1376 665 Gyges,
1407 649 1415 654 .

257 714 361 747 ilium.
408 716 508 748 Haud
524 717 647 756 falsum
662 717 783 757 juravi.
830 719 1002 758 Pergemus
1028 728 1112 754 una,-
1137 728 1255 759 quoquo
1281 719 1369 749 modo
1391 717 1537 756 anteibis,
1560 727 1725 757 pergemus

260 759 403 790 ultimam
432 760 512 791 inire
539 761 623 792 viam
648 761 786 802 expediti
808 761 897 792 socii.
943 762 1054 801 Neque
1075 771 1123 792 me
1143 761 1300 801 separabit
1322 771 1457 801 unquam
1477 771 1496 791 a
1515 764 1546 791 te
1566 760 1725 792 Chimoera

252 800 404 841 flammas
427 802 562 844 spirans,
580 814 677 844 neque
696 804 855 835 redivivus
872 804 959 845 Gyas
973 808 1093 835 centum
1107 814 1217 835 munus
1232 803 1355 836 habens.
1400 804 1454 834 lta
1474 805 1631 835 decretum
1647 802 1725 834 The-

879 899 1115 911 ‘meme

260 971 306 993 ηε
322 961 415 1002 Lips.
431 963 546 993 1.-14
574 962 687 1004 Gygae
701 962 800 995 Harl.
815 966 846 995 1.
862 966 894 995 2.
910 966 941 994 3.
954 966 988 995 4.
1006 967 1037 996 5.
1052 967 1084 996 6.
1108 964 1308 1005 ‘gigaujam
1322 964 1447 1004 legisse
1466 965 1627 996 videntur
1641 964 1723 996 Aer.

261 1009 297 1035 et
313 1004 506 1036 Comment.
521 1004 625 1046 Cruq.
640 1006 856 1046 explicantes
871 1018 879 1036 :
902 1007 911 1023 ‘
924 1006 1106 1038 Briareus:
1139 1008 1184 1038 Et
1199 1007 1248 1038 sic
1265 1007 1339 1048 (vel
1357 1007 1485 1048 Gygae)
1501 1017 1632 1038 summo
1645 1016 1724 1039 cou-

261 1056 362 1078 sensu
379 1056 493 1078 omnes
516 1047 678 1088 Cruquii,
703 1048 818 1079 Pulm.
842 1049 1003 1080 Torreut.
1028 1054 1065 1080 et
1089 1049 1202 1080 Bentl.
1231 1054 1302 1080 tres
1324 1049 1459 1080 Bersm.
1479 1049 1590 1090 Lipss.
1621 1050 1724 1082 Desa.

263 1089 411 1121 Helmst.
436 1089 538 1121 Fran.
553 1090 697 1122 Venett.
722 1090 867 1122 Locher.
890 1090 972 1123 Asc.
995 1091 1101 1132 Cruq.
1120 1091 1220 1123 Torr.
1237 1092 1338 1132 Rutg.
1361 1093 1426 1123 &c.
1469 1091 1536 1123 Sed
1565 1096 1660 1123 recte
1678 1092 1726 1122 vi-

260 1132 387 1163 derunt
400 1131 461 1162 viri
479 1131 587 1172 docti,
603 1132 635 1163 h.
650 1133 673 1164 l.
690 1142 812 1165 nomen
830 1135 1006 1174 proprium
1023 1134 1137 1175 potius
1154 1134 1305 1174 posuisse
1325 1134 1511 1175 putandum
1530 1134 1724 1166 Horatium.

262 1175 372 1216 Gyges
388 1174 523 1215 quidam
551 1175 671 1207 Lamb.
697 1175 752 1217 (et
779 1177 854 1216 ejus
877 1176 961 1209 edit.
987 1177 1113 1218 prima)
1137 1178 1227 1208 Alit.
1254 1177 1422 1208 Priscian.
1447 1177 1505 1209 lib.
1526 1186 1575 1209 vx.
1603 1187 1635 1218 p.
1648 1179 1724 1209 718.

259 1217 470 1258 (quanquam
488 1223 524 1249 et
539 1217 588 1249 ibi
600 1218 736 1260 quidam
752 1219 834 1250 Mss.
850 1218 963 1261 gigas)
987 1220 1113 1251 Venet.
1130 1222 1225 1251 1590.
1241 1220 1359 1251 Basill.
1374 1220 1474 1251 Fabr.
1490 1220 1605 1251 Bentl.
1618 1220 1723 1252 Baxt.

258 1259 367 1291 Gesn.
383 1266 418 1292 et
434 1260 522 1292 Sivr.
564 1261 621 1292 Sic
638 1270 715 1292 eum
735 1267 860 1293 vocant
882 1261 985 1301 Γύγην
1001 1262 1146 1294 Hesiod.
1162 1267 1201 1293 Θ.
1218 1265 1293 1295 149.
1309 1266 1384 1295 618.
1397 1265 1472 1295 714.
1488 1265 1564 1294 734.
1609 1262 1724 1295 Scliol.

257 1301 421 1343 Apollon.
435 1308 472 1334 et
490 1303 634 1344 AEsehyl.
661 1304 903 1345 Palaephatus,
925 1304 1061 1336 Auctor
1078 1305 1306 1346 Etymologici
1331 1306 1363 1337 iu
1386 1304 1624 1347 Τριτοπάτορες,
1644 1305 1725 1344 alii;

262 1345 377 1386 Gygen
391 1346 497 1377 Ovid.
513 1345 590 1378 Am.
601 1355 641 1377 ιι.
658 1348 690 1379 1.
709 1349 761 1378 12.
785 1347 876 1378 Fast.
894 1357 943 1378 ιν.
962 1350 1037 1379 593.
1060 1348 1164 1379 Trist.
1177 1357 1229 1380 lv.
1240 1352 1271 1380 7.
1287 1351 1339 1379 18.
1355 1348 1496 1390 (quibus
1510 1353 1623 1380 tamen
1639 1348 1724 1380 locis

259 1388 410 1418 nonnulli
429 1388 533 1418 etiam
546 1388 713 1420 exhibent
731 1389 826 1428 Gias,
846 1389 977 1430 Gygas)
992 1391 1116 1421 Senec.
1135 1390 1241 1422 Herc.
1259 1390 1332 1422 OEt.
1349 1394 1422 1422 167.
1448 1390 1526 1433 (ubi
1541 1391 1618 1423 cod.
1634 1391 1726 1421 Flor.

261 1428 390 1470 Gygas)
416 1429 548 1471 Hygin.
566 1430 704 1470 praefat.
751 1431 817 1462 Sed
836 1431 925 1472 Gyas
942 1433 1109 1472 posterior
1126 1433 1229 1463 lectio
1246 1433 1365 1464 Lamb.
1411 1433 1466 1463 Sic
1489 1433 1521 1463 in
1539 1436 1625 1463 antt.
1642 1431 1723 1463 libb.

257 1472 428 1512 reperisse
446 1483 481 1504 se
498 1473 547 1504 ait
564 1473 694 1504 Mutet.
711 1474 769 1515 qui
787 1478 823 1505 et
845 1474 878 1504 in
899 1474 934 1505 ll.
961 1474 1104 1506 Hesiod.
1117 1474 1281 1515 quosdam
1305 1475 1392 1506 Mss.
1410 1474 1489 1511 Γύην
1505 1479 1653 1506 testatur
1668 1474 1725 1505 ha-

258 1513 365 1553 bere;
387 1515 484 1556 cujus
502 1520 616 1547 autem
633 1516 808 1556 utriusque
832 1517 881 1548 rei
909 1526 1013 1556 penes
1039 1516 1149 1557 ipsum
1177 1517 1284 1548 solum
1307 1516 1406 1550 fides.
1450 1516 1529 1548 vid.
1546 1517 1620 1558 ejus
1635 1526 1725 1548 varr-

256 1557 357 1588 1ectt.
377 1565 422 1588 vr.
443 1560 495 1589 12.
538 1557 699 1598 Apollod.
715 1558 807 1590 Bibl.
827 1568 879 1599 pr.
895 1558 978 1597 Γύην
995 1560 1167 1600 appellum
1193 1559 1282 1590 unde
1298 1564 1387 1590 esset
1406 1559 1506 1601 Gyes,
1521 1563 1558 1590 ut
1571 1559 1724 1599 Scaliger

259 1599 345 1635 vult,
362 1600 414 1630 vel
431 1610 474 1631 ex
490 1600 613 1632 Dorica
630 1601 764 1632 ratione
781 1601 880 1642 Gya&
924 1602 1117 1633 Ediderunt
1127 1607 1169 1635 „et
1189 1602 1278 1642 Gyas
1293 1601 1439 1634 Landin.
1454 1601 1576 1642 Steph.
1598 1602 1720 1633 Heius.

258 1641 341 1672 Fab.
358 1642 444 1673 Cuu.
468 1642 598 1674 Dacer.
615 1643 693 1674 San.
711 1648 747 1674 et
763 1643 885 1675 Joues.
930 1644 998 1675 Sed
1018 1649 1113 1675 recte
1137 1644 1260 1675 Heius.
1275 1644 1318 1675 ad
1342 1644 1447 1676 ovid.
1466 1644 1544 1676 Am.
1567 1653 1607 1676 ιι.
1625 1648 1654 1676 1.
1672 1647 1725 1676 12.

257 1683 506 1725 Apollodorum
525 1685 640 1726 potius
655 1695 697 1716 ex
714 1687 842 1717 ceteris
858 1686 1024 1726 pluribus,
1035 1696 1136 1727 quam
1154 1687 1214 1717 hos
1227 1696 1268 1717 ex
1284 1686 1342 1717 illo
1357 1695 1424 1718 uuo
1433 1687 1606 1719 emendari
1622 1697 1722 1728 opor-

257 1730 330 1758 tere
341 1726 493 1767 judicat,
510 1733 545 1759 et
561 1728 763 1760 Graecorum
780 1727 885 1770 igitur
902 1730 1110 1761 auctoritate
1126 1729 1310 1760 dicendum
1328 1728 1454 1770 Gygen.
1477 1728 1544 1761 vid.
1557 1734 1594 1762 et
1605 1730 1722 1762 Bentl.

920 1814 1065 1846 NOTAE

257 1877 422 1908 devoveo.
466 1872 589 1919 Itaque
617 1878 784 1910 Horatius
812 1878 964 1911 ostendit

258 1937 332 1958 esse
358 1937 394 1958 se
418 1937 462 1958 ex
486 1938 603 1959 eorum
621 1938 774 1970 numero,
791 1930 846 1970 qui
864 1929 964 1960 Prin-

257 1979 393 2019 cipibus
408 1978 523 2010 devoti
539 1980 815 2020 appellabantur.
849 1980 964 2012 Caesar

258 2028 301 2059 de
318 2028 404 2058 Bell.
421 2027 514 2059 Gall.
532 2037 588 2059 ιιι.
604 2031 658 2060 23.
681 2030 690 2046 ‘
704 2028 782 2060 Alia
797 2039 839 2060 ex
865 2036 963 2070 parte

257 2079 377 2119 oppidi
411 2077 672 2118 Adcantuanus‚
707 2079 762 2120 qui
799 2089 964 2111 summam

257 2127 400 2169 Imperii
428 2127 583 2167 tenebat,
609 2128 822 2169 eruptionem
850 2128 964 2161 facere

258 2183 400 2211 conatus
426 2182 482 2209 est
509 2187 586 2209 cum
611 2177 784 2210 sexcentis
819 2178 966 2219 devotis,

258 2240 343 2272 quos
371 2229 420 2261 illi
447 2229 622 2261 Soldurios
649 2230 844 2270 appellant;
879 2240 962 2270 quo-

257 2290 333 2313 rum
349 2281 423 2312 haec
438 2283 493 2311 est
507 2279 674 2317 conditio,
697 2283 734 2310 ut
757 2278 911 2310 omnibus
928 2280 962 2310 in

257 2332 330 2364 vita
345 2329 530 2363 commodis
552 2339 617 2361 una
634 2339 711 2361 cum
727 2329 777 2360 liis
790 2328 964 2370 fruantur,

258 2391 402 2424 quorum
434 2390 470 2412 se
499 2379 659 2411 amicitiae
684 2378 906 2418 dediderint3
935 2380 963 2411 si

259 2432 340 2474 quid
358 2432 407 2464 eis
425 2440 486 2472 pei·
502 2430 569 2461 vim
585 2428 732 2470 accidat,
747 2432 806 2460 aut
817 2428 964 2461 eundem

258 2493 376 2515 casum
405 2491 471 2513 uua
498 2479 625 2518 ferant,
650 2484 709 2511 aut
733 2479 798 2511 sibi
821 2484 964 2511 mortem

258 2534 485 2567 consciscant.
531 2532 655 2573 Neque
671 2531 780 2562 adhuc
791 2531 963 2562 hominum

257 2584 423 2616 memoria
439 2587 598 2624 repertus
615 2586 669 2614 est
690 2582 882 2624 quisquam,
906 2581 964 2623 qui

259 2643 301 2665 eo
317 2632 517 2675 interfecto,
541 2633 643 2674 cujus
667 2642 704 2665 se
729 2632 892 2664 amicitiae
909 2631 966 2663 de-

259 2683 426 2722 vovisset,
450 2683 535 2715 mori
559 2682 762 2715 recusaret!
807 2683 878 2714 Dio
903 2682 965 2715 lib.

261 2741 342 2765 mu.
358 2743 485 2765 morem
502 2735 605 2766 istum
621 2732 762 2766 fluxisse
779 2733 822 2766 ab
839 2734 965 2775 Hispa·

260 2785 313 2817 nin
327 2784 387 2827 ait,
397 2783 558 2827 favetque
570 2784 772 2818 Sallustius:
793 2789 802 2803 ⁸
818 2783 964 2826 Hispani

1018 1889 1053 1911 se
1079 1879 1218 1921 regibus
1240 1879 1426 1920 devovent,
1447 1884 1484 1912 et
1512 1884 1590 1920 post
1603 1889 1659 1912 eos
1676 1879 1724 1912 vi·

1018 1934 1088 1962 tam
1116 1929 1293 1962 refutant!
1339 1931 1386 1962 Et
1414 1930 1491 1961 Val.
1512 1930 1604 1962 Max.
1632 1938 1675 1961 ιι.
1690 1932 1723 1960 6.

1017 1982 1026 1997 ‘
1040 1981 1207 2012 Celtiberi
1220 1980 1317 2012 nefas
1330 1991 1403 2013 esse
1414 1980 1589 2026 ducebant
1605 1979 1723 2020 praelio

1018 2041 1211 2072 superesse,
1228 2042 1304 2063 cum
1328 2032 1356 2063 is
1372 2031 1574 2070 occidisset,
1588 2040 1649 2071 pro
1664 2039 1723 2062 cu—

1011 2080 1070 2120 jus
1086 2081 1195 2112 salute
1209 2081 1370 2121 spiritum
1386 2080 1623 2113 devoverant!

1061 2133 1099 2161 11
1118 2129 1302 2170 Supremam
1322 2132 1460 2172 Carpere
1474 2131 1552 2172 iter]
1585 2131 1722 2171 Disces-

1015 2189 1088 2210 sum
1112 2189 1131 2210 e
1157 2180 1226 2210 vita
1253 2179 1318 2212 hac
1341 2180 1383 2211 ad
1409 2179 1536 2211 inferas
1566 2180 1721 2219 regiones

1017 2229 1205 2270 mortisque
1222 2229 1421 2270 Imperium.

1061 2280 1099 2308 13
1126 2279 1181 2309 Me
1204 2289 1259 2309 nec
1277 2279 1453 2316 Chima’roe,
1466 2277 1537 2319 εμπ]
1570 2278 1649 2310 Non
1669 2275 1720 2308 di-

1017 2329 1124 2360 vellar
1150 2339 1214 2370 ego
1237 2340 1257 2360 a
1284 2336 1318 2361 te
1346 2332 1416 2362 ulla
1443 2341 1479 2362 re
1506 2330 1719 2372 quiantumvis

1017 2377 1172 2410 terribili.
1208 2380 1261 2412 De
1279 2380 1449 2412 Cliimaera
1465 2390 1491 2412 1.
1507 2381 1576 2413 Od.
1591 2383 1644 2412 27.
1661 2381 1720 2421 πῦρ

1015 2428 1168 2470 πνέουσα,
1197 2429 1303 2470 ignem
1325 2430 1461 2471 spirans,
1489 2430 1616 2462 dicitur
1641 2431 1720 2462 Piu-

1018 2478 1112 2511 darn.

1062 2533 1101 2562 14
1121 2530 1201 2569 Nec,
1221 2530 1249 2561 si
1274 2533 1431 2570 resurgat,
1458 2528 1526 2571 ξω]
1563 2529 1673 2571 Epod.
1695 2540 1722 2562 1.

1017 2582 1027 2599 ‘
1043 2581 1089 2613 Et
1105 2585 1139 2612 te
1157 2581 1210 2613 vel
1225 2590 1288 2622 per
1304 2580 1547 2622 Alpiumjuga‚
1563 2580 1721 2622 Inhospi-

1017 2632 1122 2663 talem
1145 2635 1181 2663 et
1207 2630 1409 2670 Caucasum,
1431 2631 1498 2662 Vel
1518 2629 1720 2663 Occidentis

1017 2691 1124 2723 usque
1153 2681 1195 2713 ad
1221 2681 1378 2713 ultimum
1405 2681 1525 2722 sinum,
1549 2680 1644 2712 Forti
1669 2690 1719 2712 se-

1018 2741 1159 2775 quemur
1174 2732 1339 2774 pectore!

1063 2782 1266 2816 Centimanus
1282 2783 1390 2825 Gyges
1403 2780 1526 2824 [Gyas]
1547 2781 1580 2814 Is
1596 2790 1679 2814 uuus
1695 2789 1715 2812 e
