1916 3190
776 247 821 283 Q.
853 246 1065 278 HoRA'ru
1098 247 1273 279 FLAcct

534 336 774 381 Risissent:
805 339 899 380 fore
918 342 1031 381 enim
1053 344 1192 386 tutum
1210 342 1292 383 iter
1311 346 1355 384 et
1374 348 1544 397 patens,

702 404 926 447 Converso
947 408 992 448 in
1013 408 1203 461 pretium
1224 408 1336 450 Deo.

532 469 699 512 Aurum
722 485 799 524 per
817 473 988 514 medios
1007 475 1069 515 ire
1089 474 1309 524 satellites,

531 537 590 578 Et
606 550 877 593 perrumpere
897 544 1017 582 amat
1035 553 1164 591 saxa,
1179 518 1420 595 potentius!

1687 544 1743 585 10

532 602 632 645 Ictu
652 603 860 646 fulmineo
877 619 888 647 :
918 606 1111 648 concidit
1129 606 1306 660 auguris

697 669 849 723 Argivi
869 672 1038 724 domus,
1054 674 1110 715 ob
1130 674 1300 715 lucrum

528 737 739 778 Demersa
759 739 920 780 exitio:
950 739 1104 781 diffidit
1121 740 1293 781 urbium

299 858 457 891 Acrisium
470 860 597 892 inclusoe
607 862 716 902 puellae
730 862 940 893 meticulosum
951 863 1176 895 observatorem
1184 874 1196 895 .·
1209 864 1319 905 quippe
1333 864 1495 901 viamsore
1507 874 1646 896 securam
1660 873 1747 903 aper-

298 903 421 941 tamque
436 903 555 934 numini
568 903 603 934 in
623 913 734 935 aurum
753 907 882 935 mutato.

926 904 1048 936 Aurum
1067 907 1186 944 gaudet
1203 908 1369 945 pervadere
1392 907 1507 938 medios
1532 908 1683 946 custodes,
1709 916 1745 936 nc

297 951 389 983 rupes
397 943 560 986 frangere,
571 945 604 976 vi
609 945 761 982 fulminis
775 946 920 977 validitas.
970 946 1061 978 Vatis
1075 947 1219 986 Argolici
1225 947 1355 986 familia
1368 948 1492 980 interiit
1504 952 1631 989 propter
1645 957 1743 989 quaes-

906 1035 963 1048 000
968 1035 1083 1048 ‘0000‘
1087 1036 1103 1048 O
1107 1037 1122 1049 O
1126 1036 1146 1049 O

298 1091 402 1130 sisset,
417 1090 496 1131 quia
511 1090 557 1121 sit
578 1091 687 1131 majus
713 1090 965 1130 Horatianum3
990 1091 1058 1124 vid.
1073 1101 1098 1125 1.
1125 1092 1194 1124 Od.
1210 1095 1264 1125 24.
1280 1096 1311 1125 8.
1336 1093 1396 1125 sed
1420 1093 1502 1124 nihil
1524 1093 1589 1124 hac
1615 1093 1687 1125 sola
1702 1093 1746 1126 de

299 1141 402 1164 causa
415 1132 611 1164 mutandum
628 1136 727 1173 putat
740 1132 764 1165 J
767 1133 919 1165 ant—1⁰
942 1134 1086 1166 Mentel.
1103 1135 1149 1166 Et
1161 1145 1367 1177 prmmpere

1369 1158 1378 1168 .
1415 1135 1427 1153 ‘
1439 1135 1533 1167 Male
1550 1140 1628 1176 post
1638 1138 1746 1176 poten-

299 1174 363 1205 tius
378 1174 569 1215 distinguit,
585 1179 621 1206 et
636 1175 866 1213 Ictusulmineo
880 1175 923 1207 ad
940 1185 1036 1218 seqq.
1053 1176 1159 1208 trahit
1174 1177 1288 1219 Cruq.'
1309 1178 1483 1210 June—11
1507 1178 1592 1210 Exc.
1604 1177 1684 1209 Sint⁴
1698 1187 1744 1209 oc-

299 1215 377 1247 cidit
406 1226 468 1257 pro
494 1217 726 1249 concinite—13
750 1217 899 1250 Dimersa
920 1218 1012 1260 Lips.
1027 1221 1058 1251 2.
1081 1219 1205 1251 excidio
1218 1220 1355 1261 quidam
1369 1221 1466 1252 Torr.
1480 1224 1518 1252 et
1531 1219 1651 1251 Lamb.'
1665 1219 1742 1251 Div-

952 1302 1092 1334 NOTAE

341 1366 363 1394 9
372 1362 495 1394 Aurum
509 1373 564 1402 per
575 1363 687 1395 medios
698 1364 746 1395 ire
755 1364 918 1405 satellites,
928 1365 997 1405 dm]

301 1411 423 1451 Χρυσὸς
451 1411 568 1450 ἀνοίγει
595 1411 711 1452 πάντα,
740 1413 848 1445 narsen
885 1414 996 1447 πύλας.

298 1460 420 1492 Aurum
443 1461 545 1502 aperit
567 1462 683 1502 omnia,
707 1462 802 1493 etiam
824 1462 999 1501 Ird'erorum

295 1513 413 1549 portae.
436 1509 538 1551 Apul.
549 1510 671 1542 lib.1x.
692 1509 785 1542 Auro
797 1511 907 1544 solent
918 1512 998 1543 ada-

298 1558 463 1590 mantinae
479 1559 584 1590 etiam
600 1558 767 1600 perfringi
781 1559 884 1592 fores.
917 1562 998 1594 Huc

297 1607 382 1640 facit
398 1608 586 1649 epithetum
598 1609 791 1651 εὐρυσθενὴς,
799 1610 918 1641 viribus
938 1612 1001 1643 late

294 1661 413 1697 potens,
437 1658 529 1699 quod
545 1658 686 1690 Plutoni
708 1659 881 1691 tribuitur.
925 1660 999 1692 Ho-

297 1716 382 1739 mer.
403 1707 528 1749 Odyss.
542 1712 582 1740 N.
619 1708 761 1741 Pindar.
774 1709 879 1750 Pyth-

343 1759 381 1788 11
408 1757 554 1789 Concidit
575 1757 720 1797 Auguris
738 1757 857 1798 Argivi
879 1760 999 1798 domus,

299 1807 369 1847 ἔμπ]
394 1807 562 1839 Adrastus
577 1807 784 1848 Argivorum
805 1809 879 1840 Rex
893 1809 998 1850 Poly-

296 1857 367 1888 nici
395 1866 522 1898 genero
550 1867 611 1889 suo
636 1857 827 1890 Thebarum
855 1867 995 1899 regnum

298 1915 451 1938 asserere
477 1907 578 1939 armis
607 1907 774 1948 suscepit:
801 1908 843 1939 ad
872 1908 996 1940 bellum

297 1960 412 1986 autem
442 1956 576 1988 trahere
615 1956 722 1987 voluit
751 1955 995 1997 Amphiaraum

296 2009 422 2035 vatem.
469 2005 552 2046 Hic,
584 2005 731 2045 auguriis
768 2005 836 2036 suis
873 2005 996 2037 doetus

298 2053 386 2083 male
403 2061 572 2084 cessuram
595 2055 628 2085 in
651 2054 832 2086 Thebanos
855 2053 995 2096 expedi-

295 2101 436 2140 tionem,
459 2109 617 2135 avertere
639 2105 731 2136 illam
751 2104 879 2137 frustra
893 2115 994 2138 cona-

296 2155 350 2182 tus
372 2156 448 2190 est;
478 2152 551 2192 ipse
580 2162 660 2184 vero
689 2154 790 2194 fugit,
817 2160 854 2186 et
879 2156 994 2197 latuit,

296 2209 363 2231 una
377 2201 512 2232 conscia
527 2201 691 2242 Eriphyle
702 2212 807 2234 uxore
819 2213 890 2236 sun.
906 2205 992 2237 Cum

297 2245 378 2291 e'rgo
387 2254 610 2291 quareretur,
622 2250 770 2282 latebras
782 2252 837 2283 illa
849 2253 991 2293 detexit,

299 2304 402 2341 pacta
416 2300 541 2332 monile
555 2309 691 2332 aureum
707 2300 771 2332 sibi
785 2300 933 2333 dandum
949 2303 991 2334 ab

299 2349 406 2391 Argia
420 2359 526 2381 uxore
541 2349 729 2390 Polynicis,
742 2348 881 2381 Adrasti
900 2348 991 2389 filia;

297 2400 388 2441 quod
415 2400 495 2432 olim
520 2408 648 2431 summu
664 2403 739 2430 arte
753 2399 928 2431 Vulcanus
941 2399 990 2431 fn-

298 2449 447 2481 bricarat
459 2449 665 2491 gemmisque
674 2452 868 2480 exornarat.
884 2449 991 2481 Trac-

298 2503 351 2530 tus
368 2499 482 2540 itaqne
498 2502 553 2531 est
574 2497 802 2539 Amphiaraus
813 2497 857 2530 ad
871 2498 907 2530 id
922 2498 992 2530 bel-

297 2548 378 2587 lum,
406 2547 548 2579 exitium
575 2547 610 2579 in
629 2557 670 2580 eo
693 2547 756 2580 sibi
779 2548 914 2590 suisque
929 2548 991 2580 im-

297 2596 449 2636 pendere
478 2606 545 2628 nou
580 2596 726 2637 ignarus.
768 2597 879 2629 Porro
915 2606 990 2629 cum

296 2645 473 2678 didicisset
495 2655 533 2677 se
559 2645 603 2678 ab
624 2646 789 2687 Eriphyle
810 2647 992 2688 proditum,

296 2693 366 2725 filio
383 2694 571 2726 Alcmaeoni
595 2699 634 2726 ut
656 2699 800 2727 matrem
821 2695 992 2728 interfice-

298 2746 351 2773 ret
366 2742 551 2774 mandavit.
594 2743 696 2776 Quod
711 2753 788 2776 cum
811 2745 991 2786 praestitis-

1051 1371 1119 1406 set,
1136 1366 1246 1398 Furiis
1260 1367 1411 1408 agitatus
1426 1366 1542 1408 periit.
1585 1365 1745 1407 Amphia-

1053 1425 1129 1447 raus
1144 1416 1177 1447 in
1194 1418 1301 1457 primo
1317 1417 1398 1448 belli
1412 1415 1567 1448 Thebani
1584 1415 1745 1447 conflictu

1046 1464 1247 1499 ,dehiscente
1259 1470 1352 1497 terra
1364 1475 1441 1497 cum
1453 1474 1514 1496 suo
1523 1474 1626 1496 curru
1638 1470 1746 1496 etsu-

1051 1513 1126 1553 riga
1140 1513 1320 1554 absorptus
1331 1518 1383 1546 est
1397 1525 1406 1545 ς
1424 1513 1668 1555 Amphilochus
1682 1515 1746 1546 eti·

1052 1570 1106 1593 am
1128 1562 1216 1594 alter
1243 1563 1318 1603 ejus
1342 1562 1432 1594 filius
1454 1562 1488 1593 in
1511 1563 1584 1594 acie
1606 1562 1744 1594 cecidit.

1050 1610 1106 1642 Sie
1129 1616 1203 1642 totu
1230 1610 1424 1642 ‘concidit’
1447 1612 1520 1651 ejus
1546 1611 1685 1643 ‘domus
1701 1613 1744 1644 ob

1049 1660 1179 1691 lucrum
1195 1660 1352 1691 demersa
1366 1659 1499 1692 excidio
1510 1660 1532 1699 ς’
1557 1660 1623 1696 vel,
1646 1666 1684 1692 ut
1699 1661 1745 1691 le-

1050 1715 1133 1750 gunt
1145 1710 1232 1751 atii,‘
1241 1709 1368 1741 exitio)
1383 1709 1473 1742 Vide
1482 1710 1683 1742 statffheb.
1694 1720 1745 1743 vr.
1811 1724 1813 1726 ·

1050 1759 1124 1791 Cic.
1134 1759 1246 1800 Epist.
1256 1768 1308 1790 νι.
1319 1763 1352 1791 6.
1365 1758 1407 1791 nd
1418 1759 1591 1792 Catinam
1601 1760 1651 1792 ita
1662 1761 1745 1792 seri-

1049 1808 1120 1840 bit:
1142 1810 1153 1827 ‘
1172 1808 1307 1840 Veritus
1337 1817 1410 1840 sum
1437 1807 1559 1840 deesse
1587 1808 1745 1850 Pompeii

1050 1858 1165 1895 saluti,
1191 1867 1266 1890 curn
1290 1858 1348 1890 ille
1371 1858 1553 1901 aliquando
1567 1867 1632 1890 non
1647 1857 1743 1890 defu-

1048 1907 1131 1939 isset
1142 1916 1240 1939 meae.
1283 1907 1405 1949 Itaque
1422 1908 1475 1939 vel
1491 1906 1614 1947 officio,
1625 1908 1678 1940 vel
1693 1906 1743 1940 fa-

1048 1966 1104 1988 ma
1133 1957 1308 1994 bonorum,
1335 1957 1388 1988 vel
1417 1957 1546 1998 pudore
1567 1958 1743 1996 victus‚nt

1048 2006 1081 2037 in
1107 2005 1230 2038 fabulis
1256 2006 1493 2048 Amphiaraus,
1516 2007 1566 2039 sic
1583 2016 1650 2048 ego
1665 2017 1743 2048 pru-

1048 2056 1131 2088 dens
1146 2062 1183 2089 et
1198 2056 1310 2088 sciens
1324 2057 1368 2088 ad
1384 2060 1513 2097 pestem
1532 2062 1612 2089 ante
1627 2058 1742 2090 oculos

1047 2105 1192 2145 positam
1215 2115 1288 2138 sum
1309 2105 1510 2147 profectus!
1551 2107 1596 2139 Et
1612 2106 1693 2139 Act.
1708 2107 1742 2138 in

1045 2155 1188 2187 Verrem
1215 2163 1267 2188 vr.
1279 2158 1379 2188 n.39.
1401 2157 1410 2172 ⁸
1425 2157 1624 2198 Eriphylam
1645 2165 1742 2190 neee-

1045 2204 1166 2249 pimus,
1180 2205 1216 2237 in
1244 2204 1382 2246 fabulis,
1406 2214 1449 2237 ea
1477 2206 1679 2247 cupiditate,
1702 2210 1742 2238 ut

1045 2263 1122 2285 cum
1152 2254 1296 2286 vidisset
1317 2254 1439 2286 monile
1461 2254 1518 2296 (ut
1541 2255 1677 2296 opinor)
1697 2264 1740 2286 ex

1045 2311 1126 2333 auro
1155 2307 1193 2333 et
1215 2303 1368 2342 gemmis,
1391 2303 1644 2343 pulchritudine
1664 2303 1740 2344 ejus

1043 2349 1184 2381 incensa
1207 2351 1351 2382 salutem
1377 2351 1442 2383 viri
1464 2351 1652 2392 proderet!
1694 2353 1740 2384 Et

1043 2399 1088 2430 de
1114 2399 1250 2431 Invent.
1277 2408 1302 2431 1.
1327 2409 1361 2431 n.
1378 2403 1432 2432 94.
1452 2401 1464 2419 ⁶
1479 2401 1642 2442 Eriphyle
1658 2412 1740 2434 auro

1044 2447 1109 2479 viri
1139 2448 1243 2480 vitam
1273 2448 1452 2481 vendidit-⁹
1491 2450 1578 2490 Ejus
1603 2460 1740 2493 quoque

1043 2497 1198 2529 meminit
1223 2497 1327 2529 Plato
1351 2497 1395 2529 de
1412 2498 1560 2539 Republ.
1577 2507 1631 2530 rx.
1648 2500 1738 2541 quod

1043 2546 1078 2578 in
1092 2546 1275 2587 perniciem
1291 2547 1354 2579 viri
1374 2547 1497 2578 monile
1521 2557 1657 2580 aureum
1682 2557 1739 2580 nc-

1044 2596 1186 2637 ceperit.
1219 2595 1341 2636 Virgil.
1358 2595 1431 2628 AEn.
1448 2605 1500 2629 vr.
1513 2599 1590 2629 445.
1611 2599 1621 2616 ‘
1633 2598 1738 2631 Moes·

1045 2650 1181 2687 tamque
1196 2645 1381 2687 Eriphylen
1393 2645 1548 2678 Crudelis
1560 2647 1632 2681 nati
1646 2656 1738 2679 mon-

1043 2700 1209 2728 strantem
1224 2697 1364 2728 vulnera
1379 2696 1518 2729 cernit.'

1053 2749 1060 2754 ’
1086 2747 1126 2776 13
1150 2744 1279 2787 Diffidet
1299 2745 1420 2778 urbium
1434 2746 1551 2778 Portae
1569 2746 1618 2778 vir
1633 2746 1736 2781 Mace-
