1916 3190
226 243 313 285 350
704 255 750 294 Q.
785 253 995 286 uoRArn
1033 254 1208 287 nacci

455 348 678 391 Callidum
697 347 962 391 Promethea

515 417 714 459 Revexit
735 428 844 457 auro
863 418 1052 469 captus:
1083 415 1155 458 hic
1178 417 1413 471 superbum

455 485 707 535 Tantalum,
732 488 867 538 atque
888 483 1071 525 Tantali

513 553 668 595 Genus
689 552 888 595 coiircet:
919 553 989 594 hic
1007 553 1154 594 levare
1172 553 1371 595 sunctum

456 621 709 676 Pauperem
730 621 972 670 laboribus,

513 689 720 732 Vocatus
742 694 875 745 atque
895 702 985 731 non
1006 693 1195 732 vocatus
1216 690 1351 732 audit.
1630 690 1688 732 40

223 835 364 865 astutum
387 832 606 865 Prometheum
628 831 811 873 reportavit.
855 831 916 863 Ille
938 831 1103 863 Tantalum
1124 831 1309 872 Tantaliqae
1328 835 1469 872 posteros
1489 833 1584 862 tenet.
1629 829 1689 861 Ille

223 875 291 916 ipse
302 885 433 917 egenum
447 884 602 908 aerumnas
614 884 793 917 perpessum
803 874 869 906 sive
883 878 1026 915 rogatas,
1038 875 1104 907 eive
1117 885 1179 907 non
1201 879 1342 915 rogatus,
1365 874 1520 906 auscultat
1535 874 1685 914 levatque.

839 970 858 982 0

223 1036 304 1070 fert.
348 1038 359 1056 ‘
374 1037 454 1070 Non
481 1037 632 1079 dubium,
655 1036 737 1077 quin
764 1046 784 1068 a
811 1036 1046 1068 Grammatico
1071 1036 1130 1075 sit,
1154 1035 1213 1078 qui
1239 1041 1350 1067 metro
1374 1035 1535 1068 timeret!
1551 1035 1687 1068 danie*—

224 1083 268 1112 36
293 1080 450 1112 Revinxit
465 1079 605 1122 quidam
615 1079 718 1112 codd.
735 1079 904 1116 Lambini,
919 1080 1033 1121 plures
1047 1079 1231 1118 Torrentii,
1244 1079 1390 1111 Mentel.
1404 1082 1441 1111 et
1457 1078 1530 1110 Alt.
1544 1081 1578 1112 2.
1622 1078 1687 1111 Re-

220 1123 304 1155 vixit
318 1124 420 1155 Dess.
438 1126 467 1155 1.
484 1127 520 1155 et
536 1122 771 1154 Locher.—40
783 1122 932 1163 Cuning.
949 1123 1086 1154 emend.
1101 1132 1163 1154 non
1177 1125 1306 1154 vocatus
1320 1126 1427 1159 astat5
1442 1122 1510 1154 alia
1523 1121 1614 1162 conj.
1630 1131 1687 1162 ap.

224 1166 387 1206 eundem,
407 1176 469 1197 non
494 1169 624 1197 vocatas
636 1166 750 1203 «παίει,-
782 1175 852 1198 var.
875 1166 958 1198 lect.
985 1175 1042 1206 ap.
1057 1165 1177 1198 Jones.
1198 1174 1260 1196 non
1274 1168 1400 1197 vocatus
1414 1165 1492 1198 odit.
1535 1165 1545 1182 ⁶
1559 1163 1688 1197 Refero

220 1209 331 1283 ignare,
339 1209 382 1241 ad
397 1211 536 1249 vocatus,
560 1218 630 1248 non
647 1208 690 1240 ad
705 1208 809 1250 audit,
826 1209 919 1251 quod
936 1209 1016 1241 mihi
1034 1208 1171 1240 videtur
1187 1208 1319 1249 durius,
1343 1212 1381 1240 et
1406 1208 1548 1240 minime
1572 1205 1687 1240 feren·

250 1261 318 1284 um.
360 1252 489 1291 Wakefi

885 1314 1027 1348 NOTAE

222 1400 318 1423 suam
334 1389 489 1421 dimittat
504 1390 680 1430 praedam:
704 1399 822 1422 omnes
838 1400 928 1422 mor-

220 1442 308 1474 tales
321 1440 426 1481 rapit·
435 1440 584 1482 AEschyl.
595 1439 699 1472 Μόνος
710 1442 787 1472 θεῶν
794 1440 856 1482 ’γὰρ
865 1440 927 1472 Θά·

221 1503 313 1526 varos
321 1490 358 1523 οὔ
367 1490 468 1532 δώρων
481 1491 550 1532 ἐρᾷ.
574 1490 666 1523 Inter
676 1491 832 1523 Deossola
846 1500 929 1522 mors

219 1553 282 1575 non
297 1542 422 1584 capitur
433 1540 625 1573 muneribus.
648 1542 820 1582 Theognis
835 1553 844 1573 :
867 1542 929 1573 015-

220 1605 269 1625 τις
283 1592 398 1624 ἄποινα
414 1589 515 1622 &wotos
529 1589 663 1623 θάνατον
674 1591 782 1631 φύγοι.
826 1592 928 1623 Nemo

217 1643 358 1686 pretium
381 1641 518 1684 offer-em
531 1639 598 1674 s'ese
622 1652 643 1673 a
667 1644 767 1674 morte
786 1641 928 1674 redimit.

219 1694 310 1727 Vide
325 1703 434 1736 supra
449 1693 518 1726 od.
533 1702 590 1725 m.
602 1697 639 1725 et
652 1701 734 1725 xlv.

263 1744 401 1777 Satelles
424 1743 515 1784 Orci,
528 1742 601 1784 ξω]
635 1743 785 1783 Charon,
801 1742 844 1774 de
861 1752 928 1785 quo

221 1804 338 1837 supra,
356 1794 427 1826 Od.
444 1803 502 1826 111.
518 1793 561 1825 ad
579 1803 628 1826 vs.
639 1794 703 1825 ult.
718 1798 755 1825 et
770 1793 864 1832 alibi.

264 1849 305 1878 35
332 1846 493 1878 Callidum
515 1844 720 1886 Promethea]
755 1845 810 1876 De
835 1853 877 1876 eo
903 1852 930 1875 1.

222 1896 292 1928 Od.
320 1898 352 1927 3.
372 1898 425 1928 27.
449 1898 485 1926 et
500 1903 526 1926 1.
550 1894 623 1926 od.
639 1897 693 1926 16.
711 1897 765 1927 18.
800 1893 928 1926 Sensus

222 1949 295 1977 est:
322 1945 397 1977 Nec
414 1945 548 1976 Charon
564 1944 681 1976 oblato
702 1948 828 1986 captus
845 1953 928 1975 auro

220 1999 455 2027 transvectum
471 1995 506 2026 in
523 1995 666 2026 alteram
682 1995 806 2036 Cocyti
818 1995 927 2036 ripam

219 2044 463 2076 Prometheum
481 2045 618 2076 revexit
631 2044 674 2075 ad
688 2045 782 2076 vivos
795 2044 926 2076 reditu·
943 2051 946 2053 ’

221 2104 308 2126 rum.
337 2093 385 2125 Et
399 2094 625 2125 Prometheus
639 2094 857 2135 quantumvis
874 2103 926 2125 sa-

221 2153 302 2186 gax,
322 2144 379 2186 qui
407 2144 580 2175 hominem
609 2143 787 2184 sapienter
809 2153 828 2174 e
855 2144 926 2175 luto

221 2195 382 2232 finxerat,
407 2194 465 2235 qni
487 2193 662 2224 coelestem
683 2192 797 2232 ignem
818 2192 928 2224 ferula

222 2245 264 2277 ad
279 2245 367 2277 Solis
382 2253 519 2277 currum
531 2247 675 2274 extensa
686 2242 811 2274 callide
823 2240 926 2273 suffu-

222 2300 317 2327 ratus
339 2295 376 2326 in
405 2298 514 2326 terras
542 2294 726 2333 detulerat,
753 2294 782 2325 is
811 2297 924 2325 tamen

221 2354 286 2377 nec
301 2349 378 2376 astu
398 2353 461 2376 nec
482 2344 596 2385 pretio
619 2343 812 2385 Satellitem
838 2343 924 2376 Orci

221 2395 320 2435 vicit,
334 2398 374 2427 ut
395 2399 540 2426 mortem
563 2393 711 2426 evadere
731 2399 860 2435 posset.
884 2404 925 2427 11.

223 2447 336 2488 Epist.
347 2449 380 2480 2.
391 2456 470 2479 mox
485 2446 545 2479 cit.
558 2450 568 2465 ⁸
581 2446 681 2478 metit
694 2446 805 2478 Oreus
815 2446 926 2478 Gran-

223 2497 280 2531 dia
297 2507 373 2530 cum
387 2498 516 2541 parvis,
530 2506 598 2531 nou
613 2496 796 2530 exorabilis
811 2497 918 2530 auro.'

1026 1393 1069 1422 36
1092 1390 1160 1422 Hic
1192 1390 1359 1432 superbum
1395 1390 1578 1430 Tantalum,
1615 1389 1688 1432 850]

983 1440 1052 1472 Hic
1068 1441 1144 1481 ipse
1161 1441 1299 1472 Charon
1313 1450 1425 1482 neque
1447 1440 1611 1481 superbos
1629 1450 1687 1472 ve-

983 1495 1091 1526 retur.
1111 1490 1215 1521 immo
1227 1490 1356 1530 domat,
1380 1494 1417 1522 et
1438 1490 1472 1522 in
1488 1488 1615 1522 Inferis
1629 1500 1686 1523 co-

982 1539 1090 1573 ercet.
1116 1540 1172 1572 De
1184 1540 1329 1572 Tantalo
1340 1546 1456 1582 supra,
1470 1540 1540 1572 Od.
1555 1550 1624 1574 xn.
1642 1542 1686 1574 ad

983 1589 1097 1622 finem.
1158 1612 1169 1618 ν
1248 1603 1254 1609 ·

1025 1643 1066 1672 37
1093 1640 1220 1672 Tantali
1237 1641 1361 1683 Genus]
1382 1642 1562 1684 Pelopem,
1584 1642 1686 1675 Atre-

982 1700 1051 1731 um,
1065 1690 1371 1732 Agamemnonem,
1387 1692 1560 1725 Orestem.

1025 1743 1068 1772 38
1091 1741 1159 1773 Hie
1170 1742 1423 1782 levaresunctum
1430 1744 1686 1786 mamad-0]

982 1791 1081 1824 Idem
1096 1792 1155 1824 ille
1180 1794 1322 1834 pauperi
1339 1798 1469 1835 praesto
1483 1799 1559 1834 θεῖς
1581 1798 1688 1836 atque

981 1842 1151 1875 laboriosa
1165 1847 1201 1875 et
1216 1853 1407 1876 aerumnosa
1422 1843 1624 1877 defunctum
1639 1844 1688 1876 vi·

983 1896 1019 1924 ta
1041 1893 1132 1925 ultra
1155 1893 1327 1934 sublevat,
1350 1893 1474 1935 cymba
1495 1894 1629 1936 excipit
1650 1898 1688 1927 et

982 1942 1151 1975 transfert
1166 1944 1200 1975 in
1218 1944 1316 1976 sedes
1327 1946 1476 1986 quietas.
1506 1945 1579 1978 Cic.
1593 1944 1687 1977 Cati-

982 1993 1040 2024 lin.
1057 2001 1109 2024 1v.
1126 2003 1162 2026 n.
1176 1996 1207 2025 7.
1223 1994 1366 2026 scribit:
1389 1995 1399 2012 ‘
1411 1994 1564 2027 Mortem
1579 2003 1598 2026 a
1613 1994 1687 2026 Dii·

981 2043 1226 2076 immortalibus
1239 2054 1307 2076 non
1323 2054 1400 2076 esse
1411 2044 1571 2086 supplicii
1583 2054 1688 2078 causa

981 2093 1215 2133 constitutam,
1229 2095 1288 2125 sed
1305 2100 1364 2126 aut
1374 2094 1618 2128 necessitatem
1630 2104 1688 2127 na·

982 2146 1081 2179 turae,
1113 2148 1174 2174 aut
1209 2143 1360 2175 laborum
1397 2153 1438 2176 ac
1472 2144 1685 2176 miseriarum

981 2194 1131 2234 quietern
1149 2193 1247 2226 esse.’

1022 2247 1066 2275 40
1095 2245 1232 2276 Vocatus
1258 2247 1351 2286 atque
1372 2253 1433 2275 non
1456 2244 1597 2285 vocatae]
1621 2243 1681 2276 Al-

979 2294 1069 2325 ludit
1109 2295 1153 2326 ad
1192 2295 1381 2326 oraculum
1414 2295 1684 2327 Lacedaemoniis

978 2343 1173 2375 redditum:
1198 2343 1399 2383 Καλούμενος
1422 2344 1580 2383 ‘chamos
1607 2343 1684 2377 Θεὸς

978 2391 1142 2432 παρέσται,
1166 2394 1300 2427 Vocatus
1312 2397 1345 2427 et
1363 2405 1426 2427 non
1447 2399 1574 2428 vocatus
1594 2396 1683 2430 Dm

980 2445 1094 2477 aderit.
