1916 3190
679 248 950 280 censimum
988 249 1082 278 mu.
1117 248 1167 277 ιι.
1200 236 1269 277 18.

460 343 632 393 Africa,
653 355 796 397 neque
814 342 955 385 Attali

1596 236 1683 276 345

1656 340 1684 379 5

518 410 696 464 ignotus
717 410 855 451 haeres
874 410 1041 463 regiam
1061 407 1295 461 occupavi,

231 514 282 546 bes
293 514 473 546 innituntur
486 515 635 546 columis
653 518 794 547 extrem
807 514 842 546 ia
857 514 968 553 Africa
982 514 1106 546 excisis.
1149 512 1259 554 Neque
1272 510 1379 543 Attali
1393 510 1492 542 hares
1505 510 1682 550 incognitus

829 610 846 622 θ
851 610 867 621 e
870 609 1065 623 emm„

232 676 401 714 putarunt
427 673 488 704 viri
505 673 596 705 docti
610 682 686 705 esse
703 674 856 714 potuisse
882 675 998 706 trabes
1026 683 1245 710 marmoreas,
1267 672 1347 704 dum
1373 671 1512 714 proprie
1538 681 1680 712 accepe-

231 720 311 747 runt
325 715 368 747 de
384 715 536 751 trabibus
552 721 738 755 tectorum,
750 717 998 758 cubiculorum,
1014 723 1083 749 cet.
1126 717 1255 748 Trabes
1270 715 1392 747 ultima
1407 715 1533 746 recisas
1553 713 1682 754 Africa,

230 767 306 789 esse
321 758 562 799 intelligendas
578 758 717 798 cineas,
733 768 776 790 ex
793 760 931 798 arbore,
950 770 1050 800 quam
1064 759 1184 801 Tbyan
1208 758 1337 797 Graeci,
1351 757 1475 790 citrum
1496 757 1605 788 Latini
1626 768 1680 788 vo-

229 805 324 836 cent.
338 809 482 842 qunque
495 801 529 832 in
548 801 767 832 Mauretania
793 801 953 833 habitarit
970 812 980 841 ;
1004 803 1179 834 columnas
1195 801 1393 842 Hymettias
1417 801 1500 832 satis
1525 800 1680 831 celebres

229 851 318 874 esse.
355 843 424 875 Sed
442 844 488 874 ita
505 852 572 874 non
585 849 651 882 est,
665 843 756 885 quod
772 843 972 884 hrreamus,
987 850 1025 876 ut
1038 845 1152 886 potius
1164 844 1396 876 architectura
1409 843 1549 884 antiqua
1566 843 1683 883 vulga-

228 888 297 917 tam
315 889 463 917 tueatur.
507 886 707 928 Quanquam
733 885 924 924 fatendum,
949 887 1198 929 elegantiorem
1214 896 1324 929 prope
1341 885 1521 918 verborum
1534 890 1682 917 structu-

883 973 917 1005 N
921 973 1025 1005 01·AE

230 1035 261 1065 le
273 1034 409 1076 quidem
419 1034 606 1070 abundans,
614 1034 735 1076 insigni
750 1045 830 1068 vero
840 1045 927 1068 mar-

229 1094 324 1117 more
339 1086 462 1116 ciarus.
491 1085 581 1117 Plin.
599 1093 692 1117 xvn.
710 1088 740 1116 1.
755 1086 928 1118 columnas

230 1139 376 1175 quatuor
394 1133 565 1175 Hymettii
588 1137 765 1166 marmoris
789 1137 831 1168 ad
855 1147 928 1169 sce-

228 1193 307 1215 nam
321 1183 507 1216 ornandam
521 1184 683 1216 advectas
700 1185 819 1218 refert.
854 1187 928 1219 Has

230 1244 335 1276 porro
349 1240 487 1267 centum
506 1235 653 1266 minibus
670 1245 842 1268 nummum
859 1246 927 1269 em-

229 1290 281 1316 tas
297 1285 347 1316 ait
361 1285 440 1317 Val.
454 1285 550 1317 Max.
574 1285 669 1316 Idem
686 1286 776 1318 Pliu.
792 1296 926 1320 xxxvt.

228 1337 260 1367 8.
271 1335 321 1366 ita
329 1334 468 1366 scribit:
491 1335 501 1352 ‘
521 1335 560 1366 1..
568 1334 709 1366 Crassus
718 1335 847 1368 Orator
859 1337 926 1376 pri·

225 1392 300 1415 mus
329 1383 502 1424 peregrini
536 1384 715 1415 marmoris
751 1385 925 1416 columnas

224 1431 347 1464 babuit
361 1433 396 1464 in
409 1432 531 1464 eodem
555 1433 683 1473 palatio
700 1433 926 1475 Hymettias!

224 1483 303 1515 Val-
318 1483 414 1515 Max.
431 1492 482 1516 ιι.
501 1485 532 1515 l.
572 1487 582 1502 ⁴
597 1484 661 1516 Cn.
688 1485 860 1517 Domitius
886 1486 926 1518 1..

226 1533 351 1566 Crasso
363 1534 504 1576 collegae
516 1543 590 1573 suo,
601 1535 826 1567 altercatione
838 1541 926 1578 orta,

223 1583 352 1625 objecit
365 1583 457 1626 quod
481 1584 654 1616 columnas
671 1584 870 1626 Hymettias
890 1586 926 1617 in

222 1634 358 1676 porticu
369 1635 488 1666 domus
500 1634 665 1666 haberet!
686 1634 814 1675 Magna
824 1644 927 1675 porro

222 1685 276 1725 lis,
295 1684 468 1717 fuerintne
494 1685 612 1716 trabes
636 1685 703 1715 illae
726 1685 862 1726 lignea,
879 1696 923 1717 an

224 1745 436 1767 marmoreoe.
472 1735 600 1766 Verum
617 1734 707 1766 enim
722 1744 742 1765 e
758 1735 851 1775 ligno
867 1745 927 1776 po·

225 1785 294 1815 tius
310 1785 490 1826 Hymettio
512 1794 612 1826 quam
628 1794 647 1815 e
666 1793 834 1816 marmore
850 1795 925 1816 cre-

225 1832 392 1865 diderim:
407 1843 599 1875 quanquam
616 1838 651 1865 et
665 1843 708 1864 ex
722 1834 838 1874 lapide
855 1838 926 1865 tra-

226 1882 290 1914 bes
300 1883 470 1923 extitisse,
478 1883 571 1915 clare
582 1883 685 1914 docet
698 1883 788 1914 Plin.
797 1892 925 1916 xxxvi.

226 1936 258 1964 8.
275 1933 334 1965 nbi
349 1934 399 1964 sic
413 1933 536 1965 habet:
554 1935 564 1951 ‘
578 1933 680 1964 Circa
692 1933 829 1974 Syenen
842 1944 924 1966 vero

224 1982 407 2015 Thebaidis
430 1982 599 2024 Syenites,
610 1992 711 2024 quem
734 1987 814 2015 ante
837 1982 925 2024 Pyr·

225 2034 412 2074 ropoeeilon
440 2032 621 2065 vocabant.
663 2032 791 2064 Trabes
813 2042 857 2064 ex
881 2043 923 2065 eo

223 2082 340 2115 secere
356 2083 470 2124 Reges
485 2081 631 2124 quodam
645 2081 831 2114 certamine
844 2081 924 2114 obe-

222 2134 325 2166 liscos
335 2138 501 2166 vocantes
509 2133 598 2165 Solis
608 2133 737 2165 numini
748 2133 924 2166 sacratos!

222 2183 314 2216 vide
325 2183 485 2216 strabon.
496 2183 557 2215 lib.
569 2191 622 2215 ix,
634 2183 693 2215 ubi
702 2193 744 2215 ex
755 2184 922 2225 Hymetto

222 2233 387 2265 advectas
397 2233 513 2265 trabes
521 2233 637 2273 longas
645 2237 682 2265 et
693 2232 817 2265 densas
832 2243 923 2266 com-

222 2288 401 2316 memorat.
528 2317 533 2322 ,

264 2337 286 2366 ⁴
312 2334 431 2367 Uitam
451 2333 567 2366 recisas
592 2332 717 2374 Affiffl]
739 2333 922 2366 Columnas

221 2384 384 2426 intelligit
398 2393 418 2415 e
432 2393 600 2415 marmore
616 2383 812 2423 Numidico,
824 2384 922 2425 cujus

221 2434 371 2476 pretium
392 2433 513 2475 ingens
539 2432 641 2464 fuisse
673 2437 821 2464 testatur
850 2433 922 2465 Pli-

223 2484 298 2516 nius
313 2493 446 2517 xxxvi.
461 2485 494 2514 6.
509 2483 560 2514 bis
573 2482 708 2514 verbis:
732 2485 741 2500 ‘
753 2483 803 2514 M.
820 2483 921 2524 Lepi-

223 2533 286 2564 dus
299 2533 410 2565 Catuli
431 2533 467 2564 in
486 2532 672 2565 Consulatu
692 2532 838 2572 collega,
854 2533 922 2573 pri-

223 2590 296 2612 mus
310 2582 457 2615 omnium
472 2582 587 2614 limina
601 2592 620 2614 e
635 2581 818 2615 Numidico
833 2592 920 2613 mar-

225 2640 317 2662 more
332 2632 366 2661 in
387 2631 486 2662 domo
506 2632 629 2672 posuit,
653 2641 776 2673 magua
800 2641 920 2672 repre·

223 2679 411 2711 hensionis)
457 2681 619 2712 Numidia
628 2680 755 2713 Africae
768 2682 860 2723 regio
872 2683 921 2714 ul-

225 2730 322 2766 tima,
335 2733 371 2760 et
383 2729 527 2761 maxime
541 2731 773 2764 occidentalis.

264 2783 288 2811 5
312 2779 423 2822 Neque
433 2779 540 2812 Attali
550 2780 680 2820 Ignotus
688 2782 788 2814 haeres
801 2782 922 2822 regiam

981 1038 1140 1078 occupari]
1164 1037 1239 1068 Nec
1263 1035 1379 1067 divitis
1402 1035 1602 1076 cujusquam
1617 1034 1683 1066 hae-

982 1086 1164 1119 reditatem
1193 1086 1345 1128 captavi,
1369 1086 1479 1116 ullave
1504 1083 1624 1116 fraude
1648 1090 1683 1116 et

982 1143 1056 1169 arte
1083 1138 1172 1169 mala
1194 1136 1315 1173 invasi.
1337 1136 1522 1177 opulentus
1547 1145 1682 1177 quoquo

982 1188 1081 1220 modo
1097 1197 1170 1219 esse
1187 1188 1304 1219 volens
1316 1196 1326 1216 z
1349 1186 1440 1218 sicut
1465 1184 1681 1216 Aristonicus

980 1237 1096 1278 (quem
1112 1247 1195 1269 sane
1211 1236 1366 1277 respexit
1387 1236 1450 1266 boc
1472 1235 1548 1267 loco
1574 1235 1683 1266 Hora-

980 1287 1068 1329 tius)
1098 1297 1240 1329 reguum
1271 1286 1361 1318 Asiae
1392 1285 1455 1317 sibi
1487 1285 1683 1316 vindicavit.

980 1338 1060 1369 Duo
1081 1337 1221 1370 fuerunt
1246 1337 1359 1370 Attali
1376 1336 1536 1377 Pergami
1560 1335 1683 1376 Reges.

979 1386 1084 1418 Prior
1110 1387 1273 1419 Eumenis
1295 1385 1416 1426 frater,
1435 1386 1607 1426 posterior
1628 1395 1685 1417 au·

979 1441 1047 1468 tem
1063 1435 1165 1468 filius.
1210 1436 1279 1468 Hic
1306 1435 1430 1467 Attalo
1458 1440 1582 1476 patruo
1608 1445 1684 1467 suc·

979 1486 1084 1517 cessit
1101 1486 1135 1517 in
1151 1485 1247 1517 Asiae
1270 1484 1470 1525 Imperium.
1516 1485 1602 1516 Post
1621 1495 1683 1516 an-

979 1545 1040 1567 nos
1057 1545 1136 1568 vero
1150 1536 1302 1577 quinque
1318 1535 1447 1566 instare
1459 1534 1524 1566 sibi
1537 1540 1682 1566 mortem

979 1586 1130 1617 sentiens
1159 1585 1331 1626 Populum
1358 1585 1550 1616 Romanum
1578 1594 1682 1626 opum

981 1645 1116 1666 suarum
1131 1635 1294 1676 regnique
1318 1633 1489 1665 haeredem
1505 1643 1682 1674 nuncupa-

983 1685 1044 1716 vit.
1069 1684 1170 1718 Quod
1185 1689 1223 1716 ut
1237 1684 1376 1725 accepit
1391 1683 1602 1715 Aristonicus
1615 1685 1682 1716 Eu·

977 1734 1088 1766 menis
1110 1744 1154 1765 ex
1177 1734 1303 1774 pellice
1325 1733 1430 1772 filius,
1452 1733 1580 1773 regiam
1603 1734 1682 1766 stir-

977 1793 1054 1824 pem
1078 1788 1270 1823 ostentans,
1293 1783 1491 1822 conscripto
1513 1783 1683 1823 exercitu,

978 1832 1227 1872 Pergamenum
1251 1832 1389 1870 invasit,
1415 1833 1479 1863 &c.
1506 1832 1680 1873 principa-

978 1887 1051 1914 tum
1068 1892 1109 1914 ac
1123 1882 1385 1914 dominationem
1403 1881 1496 1913 Asiae
1519 1881 1680 1923 obtinuit,

978 1933 1093 1965 Crassi
1105 1942 1125 1964 a
1139 1932 1298 1964 Romanis
1307 1932 1403 1963 missi
1414 1931 1578 1963 Praetoris
1589 1931 1679 1964 frac-

977 1982 1020 2012 tis
1036 1981 1161 2014 viribus
1176 1988 1213 2014 et
1229 1981 1450 2014 auctoritate.
1475 1980 1561 2013 Post
1574 1991 1679 2014 annos

978 2040 1060 2064 vero
1074 2031 1150 2064 fere
1175 2037 1322 2074 quatuor
1343 2031 1540 2064 debellatus
1557 2042 1578 2064 a
1593 2032 1679 2064 Per-

977 2091 1103 2123 penna,
1110 2092 1258 2125 moxque
1269 2082 1313 2114 ab
1322 2081 1460 2123 Aquilio
1474 2079 1677 2115 Consulibus

977 2132 1077 2172 plane
1106 2132 1280 2164 extinctus
1308 2137 1375 2163 est.
1428 2131 1590 2165 Justinns
1616 2133 1678 2165 lib.

976 2189 1108 2213 xxxvt.
1124 2181 1188 2213 sub
1202 2180 1324 2213 finem:
1342 2185 1351 2199 ‘
1365 2181 1406 2213 1n
1422 2180 1504 2213 Asia
1520 2182 1595 2214 Rex
1612 2182 1678 2214 At-

975 2231 1065 2263 talns
1089 2229 1367 2263 florentissimum
1394 2237 1430 2263 et
1458 2232 1500 2263 ab
1525 2233 1677 2265 Eumene

974 2285 1100 2321 patruo
1129 2286 1311 2323 acceptum
1346 2290 1488 2322 regnum
1522 2281 1676 2313 caedibus

975 2330 1131 2363 foedabat
1144 2354 1153 2364 .
1170 2354 1179 2363 .
1194 2354 1203 2363 .
1222 2354 1231 2363 .
1246 2331 1399 2362 morbum
1427 2339 1470 2360 ex
1492 2330 1582 2360 Solis
1607 2329 1676 2361 fer-

976 2390 1057 2412 vore
1073 2381 1258 2418 contraxit,
1273 2386 1307 2410 et
1321 2379 1469 2419 septima
1484 2379 1541 2410 die
1557 2379 1677 2412 deces-

975 2431 1030 2461 sit.
1075 2430 1187 2469 Hujus
1214 2433 1420 2459 testamento
1436 2429 1546 2460 liaeres
1562 2429 1678 2469 Popu-

974 2481 1026 2511 lus
1055 2480 1225 2511 Romanus
1253 2483 1333 2509 tunc
1359 2478 1562 2510 instituitur.
1605 2480 1674 2512 Sed

974 2535 1047 2562 erat
1064 2539 1106 2561 ex
1123 2529 1275 2560 Eumene
1294 2527 1510 2572 Aristonicus
1525 2537 1591 2560 non
1600 2529 1676 2576 jug}-

975 2587 1011 2613 to
1034 2579 1266 2617 matrimonio,
1285 2578 1346 2610 sed
1365 2587 1408 2609 ex
1424 2578 1547 2618 pellice
1561 2580 1676 2620 Ephe-

974 2632 1025 2663 sia
1041 2631 1226 2661 citharistae
1243 2627 1419 2669 cujusdam
1436 2627 1507 2660 filia
1527 2630 1673 2670 genitus,

974 2681 1032 2723 qni
1050 2682 1285 2721 postmortem
1308 2677 1420 2709 Attali
1442 2678 1536 2710 velut
1561 2684 1674 2720 pater-

973 2740 1054 2762 num
1067 2738 1208 2770 regnum
1220 2727 1334 2759 Asiam
1346 2726 1567 2769 invasit‚’&c.
1582 2729 1671 2762 Vide

975 2785 1012 2813 et
1027 2780 1119 2812 Flor.
1144 2788 1187 2811 11.
1201 2781 1255 2811 20.
1270 2777 1330 2810 ubi
1346 2779 1357 2797 ‘
1369 2778 1607 2820 Aristonicus:
1620 2780 1671 2812 in.
