1916 3190
644 261 712 292 An
746 258 1030 291 cARMmUM
1066 258 1163 288 [AB.
1198 258 1228 288 Ι.
1580 249 1669 291 243

225 356 307 388 dere
322 355 424 388 etism
440 355 556 395 video,
571 359 610 388 nt
625 356 689 387 hoc
706 359 794 391 utar.
810 355 948 387 Baccho
961 358 999 386 et
1012 353 1151 386 Veneri.
1195 352 1275 384 Non
1291 355 1346 383 est
1361 361 1404 384 ex
1418 353 1566 395 antiquis
1583 354 1668 386 ideis

222 408 378 441 Bacchus
394 408 442 440 ita
456 408 610 440 ebriosus
624 407 891 448 acprofligatus,
907 407 1024 438 Venus
1041 407 1091 438 ita
1106 405 1228 446 turpis,
1242 405 1292 436 ita
1306 404 1478 446 impudica
1495 415 1533 436 ac
1549 405 1668 438 nefan-

222 461 279 500 da,
291 464 330 492 ut
342 465 458 492 nostra
473 464 558 492 aetas
573 460 636 492 sibi
652 453 837 492 informare
852 460 951 491 solet.
978 458 1060 491 vid.
1073 459 1199 500 Spenc.
1212 458 1348 497 Polym.
1367 457 1457 488 Dial.
1473 466 1525 488 rx.
1543 468 1575 498 p.
1593 462 1667 491 181.

222 512 278 545 lu.
296 512 449 553 Lessing.
463 512 542 544 Wie
556 512 613 543 die
627 511 733 544 Alten
758 512 795 544 d.
820 511 897 543 Tod
922 511 1000 551 μὴ.
1021 521 1055 552 p.
1070 514 1126 543 5⁵.
1169 508 1352 542 Winkelm.
1368 509 1414 542 G.
1430 509 1464 541 d.
1482 510 1526 541 K.
1544 521 1578 551 p.
1592 514 1668 543 166.

223 565 304 597 Non
319 564 552 605 possuntsatis
565 564 650 595 talia
664 565 794 595 moneri
811 563 1062 595 adolescentes.

225 620 232 649 ”,
263 617 374 649 Porro
388 625 466 656 cnm
480 616 659 656 Musicam,
671 615 766 657 (cnm
777 615 1031 656 Gymnastice,)
1044 614 1223 646 maximam
1239 613 1366 645 habere
1380 614 1446 645 vim
1462 614 1504 645 ad
1521 614 1666 646 forman-

222 670 286 702 dus
299 668 509 707 homine-,et
522 668 750 700 necessarium
764 678 838 700 esse
853 668 897 700 ad
912 669 1058 700 salutem
1075 667 1270 708 reipublicae
1286 667 1561 698 constituendam
1575 668 1670 709 adju-

222 725 386 762 meatum,-
398 720 580 753 crederent
591 725 727 752 veteres
740 719 829 762 (vid.
842 720 980 752 Platon.
994 720 1038 751 de
1055 719 1202 760 Repnbt.
1221 718 1281 750 lib.
1298 727 1356 750 ιιι.
1368 729 1401 759 p.
1415 721 1491 749 619.
1508 718 1592 760 sq.);
1609 720 1668 751 illa

222 774 327 807 etiam
348 773 437 815 (sive
453 773 603 814 proprie,
619 774 690 805 sive
705 783 768 814 pro
785 774 990 815 Eloquentia
1005 778 1043 805 et
1057 772 1158 805 Po'esi
1182 773 1298 813 prisca
1318 772 1481 814 accepta)
1503 773 1544 804 ad
1567 773 1668 804 Artes

220 825 376 868 pulchras
390 825 436 856 sit
449 823 646 865 referenda,
668 830 774 867 atque
790 826 831 857 ad
846 826 1007 858 honestas
1022 826 1280 863 oblectationes,
1295 825 1330 856 in
1345 835 1430 867 quas
1446 826 1596 856 incidere
1611 835 1667 856 ne-

220 887 314 910 cesse
328 882 404 910 erat
417 877 568 924 homines
581 878 796 910 humaniores
809 877 920 910 factos
932 889 942 916 ς
960 878 1059 909 facile
1075 878 1156 918 lyrae
1174 878 1346 918 inventor,
1357 882 1395 909 et
1407 878 1461 908 vel
1473 877 1552 909 hinc
1564 877 1667 909 etiam

219 929 408 962 Poetarum
421 930 518 962 Deus
533 930 724 962 Mercurius
739 930 935 962 declaratus
951 935 1015 962 est.

262 982 399 1024 ltaque,
410 982 439 1013 si
450 982 525 1024 q'uis
539 982 602 1013 boc
617 982 682 1014 sibi
697 987 877 1022 proponet,
890 983 1016 1021 omnia,
1027 992 1101 1023 quae
1116 982 1158 1013 ad
1171 981 1351 1021 Ingenium
1365 985 1402 1013 et
1415 982 1669 1023 Eloquentiam,

220 1034 264 1066 ad
278 1034 500 1074 Sapientiam,
512 1034 723 1074 Doctrinam,
739 1035 921 1066 Solertiam
944 1039 1118 1073 spectent,
1133 1035 1308 1065 Mercurio
1329 1043 1405 1065 esse
1429 1035 1610 1075 attributa,
1628 1035 1670 1073 si,

220 1094 443 1127 quacumque
456 1086 620 1118 hactenns
635 1087 816 1118 observata
833 1092 925 1126 sunt,
940 1090 1055 1118 mente
1078 1086 1223 1126 tenebit,
1246 1085 1444 1118 facillimum
1463 1087 1541 1124 erit,
1555 1087 1668 1118 omnia

219 1141 337 1170 cetera
351 1137 546 1176 declarare3
562 1147 593 1169 v.
608 1147 640 1170 c.
655 1147 716 1169 cur
729 1138 919 1169 Mercurius
933 1138 1096 1169 barbatus
1114 1143 1271 1169 occurrat
1287 1138 1320 1169 iu
1335 1147 1518 1171 monumm.
1551 1139 1667 1171 Etrus·

219 1190 269 1222 eis
283 1190 487 1232 (Winkelm.
505 1189 550 1222 G.
562 1190 596 1222 d.
612 1191 657 1221 K.
674 1199 707 1230 p.
719 1188 792 1230 88.)
807 1199 816 1220 :
842 1199 901 1230 np.
915 1189 958 1221 ob
985 1190 1202 1230 prudentiam
1219 1191 1377 1222 senilem:
1403 1200 1465 1222 cur
1477 1192 1587 1222 alatus
1601 1191 1666 1223 sit:

219 1251 298 1273 nam
312 1242 359 1273 nil
373 1246 488 1274 mente
502 1252 543 1274 ac
563 1251 719 1274 sermone
744 1242 915 1273 velocius:
939 1251 1002 1273 cur
1016 1242 1214 1274 Mercurius
1239 1243 1430 1274 Minervam
1455 1244 1667 1284 amplectens

220 1294 266 1327 sit
289 1293 324 1325 in
347 1303 530 1326 monumm.
573 1293 715 1335 (causei
730 1294 780 1326 Μ.
804 1295 845 1325 R.
870 1298 950 1326 tom.
967 1304 992 1325 1.
1017 1294 1102 1326 Tab.
1126 1303 1257 1326 nvm.
1282 1305 1316 1335 p.
1331 1294 1424 1336 ³2.):
1447 1305 1509 1327 cnr
1529 1296 1666 1337 utrique

220 1345 411 1378 communia
424 1343 551 1376 fuerint
561 1354 659 1376 sacra
673 1356 681 1375 ε
697 1354 760 1376 cur
775 1345 899 1376 mixtas
914 1345 1001 1376 adeo
1019 1346 1193 1385 posuerint
1208 1347 1242 1377 in
1253 1346 1447 1387 Gymnasiis
1460 1357 1480 1378 e
1492 1348 1667 1379 Mercurio

219 1402 260 1430 et
286 1398 445 1429 Minerva
473 1402 617 1436 statuas,
639 1398 650 1415 ‘
666 1397 935 1429 Hermathenas’
962 1398 1073 1429 dictas
1096 1398 1184 1439 (vid.
1210 1398 1284 1430 Cic.
1311 1398 1385 1431 Att.
1402 1407 1427 1430 ι.
1442 1399 1515 1439 ³.):
1537 1409 1597 1440 np.
1621 1400 1665 1431 ob

219 1450 425 1487 exercendas
439 1459 535 1491 oeque
549 1451 703 1491 corporis
719 1459 760 1482 ac
773 1450 876 1482 animi
892 1450 1000 1482 vires:
1018 1460 1079 1482 cur
1094 1451 1238 1482 Veneris
1255 1455 1292 1482 et
1305 1451 1501 1483 Gratiarum
1517 1452 1666 1494 πάρεδρος

219 1503 263 1534 sit
273 1500 286 1542 ;v
306 1502 373 1534 vid.
388 1510 415 1535 1.
430 1501 499 1534 Od.
512 1505 566 1534 30.
580 1507 670 1534 extr.
685 1512 746 1533 cur
774 1507 811 1534 et
835 1502 870 1534 in
897 1503 1125 1534 monumentis
1148 1502 1234 1534 bene
1257 1502 1442 1534 elaboratis
1463 1504 1538 1545 ipse
1554 1507 1666 1538 vultus

219 1555 476 1587 solertissimum
493 1555 795 1595 acutissimumque
811 1556 962 1586 Deorum
979 1554 1111 1595 prodat.

259 1607 327 1638 Sed
344 1607 423 1648 quid
439 1607 503 1638 sibi
519 1607 666 1648 denique
682 1608 755 1638 vult
766 1607 960 1638 Mercurius
976 1607 1183 1645 ψυχοπομπὸς
1196 1611 1232 1638 et
1247 1606 1371 1646 χθόνιος
1386 1608 1473 1648 (vid.
1487 1610 1530 1640 ad
1546 1610 1665 1642 Nostri

221 1659 333 1698 Carm-
353 1667 401 1689 vs.
417 1660 468 1690 1⁷.
489 1658 606 1698 sqq.)?
649 1658 726 1688 Una
749 1658 826 1689 idea
851 1667 894 1688 ex
920 1659 1028 1688 altera
1053 1658 1200 1689 derivari
1226 1659 1259 1689 in
1284 1660 1414 1699 Mythis
1435 1661 1534 1692 solet.
1579 1661 1663 1692 Cum

218 1711 325 1751 igitur
340 1710 533 1741 Mercurius
560 1710 665 1740 semel
688 1714 780 1740 esset
806 1709 956 1740 Nuntius
981 1719 1021 1740 ac
1044 1710 1202 1740 Minister
1218 1711 1384 1749 Deorum,
1406 1712 1559 1751 proclive
1576 1720 1664 1751 erat,

220 1772 297 1795 eum
312 1763 446 1794 illorum
461 1762 559 1802 jussu
576 1771 616 1792 ac
635 1763 811 1792 voluntate
834 1760 1028 1792 animai'ad
1056 1760 1190 1792 Inferos
1218 1761 1356 1793 ducere.
1402 1763 1555 1801 Accedit,
1573 1765 1664 1806 quod

219 1817 230 1848 .‘
246 1815 332 1846 bona
343 1816 442 1846 Mens
454 1814 680 1855 Religioque‚’
696 1814 879 1853 (Mercurii
892 1813 1015 1844 donum
1026 1813 1053 1853 ἰ)
1068 1815 1157 1844 omni
1173 1814 1336 1845 memoria
1345 1814 1464 1846 animae
1477 1816 1581 1848 vitam
1591 1826 1666 1849 cor·

220 1866 296 1907 pori
310 1865 529 1906 superstitem
547 1864 701 1904 promisit
717 1864 928 1896 mortalibus.
964 1865 1001 1895 Si
1016 1866 1119 1896 altius
1136 1871 1294 1906 repetere
1309 1875 1380 1897 rem
1398 1867 1494 1903 velia,
1506 1869 1613 1907 possis
1627 1874 1664 1901 et

219 1918 269 1949 sic
283 1926 357 1948 earn
373 1916 550 1957 expedire,
563 1917 665 1957 quod,
678 1926 755 1948 cum
770 1917 907 1948 humani
931 1917 1058 1958 ingenii
1079 1918 1271 1958 mentisque
1294 1916 1436 1949 formam
1452 1929 1473 1950 a
1487 1920 1561 1950 coeli
1579 1926 1663 1952 tem·

221 1971 317 2010 perie
339 1962 486 2009 solisque
509 1967 635 1999 virtute
661 1968 810 2008 pendere
834 1971 1008 2008 putarent,
1027 1969 1237 2000 Mercurium
1254 1969 1340 2000 adeo
1357 1979 1419 2010 pro
1437 1979 1479 2001 ea
1501 1972 1582 2004 solis
1596 1973 1662 2004 vir-

220 2026 308 2059 tute,
322 2025 360 2052 et
374 2020 428 2052 vel
443 2029 504 2061 pro
518 2020 589 2051 sole
610 2020 685 2060 ipso
703 2019 1053 2060 acci'pereinterdum
1067 2021 1254 2061 'theologia
1269 2022 1409 2063 antiqua
1424 2022 1580 2055 videatur
1595 2025 1661 2065 (cf.

220 2071 377 2106 macrob.
390 2071 527 2103 Saturn-
541 2080 568 2102 1.
582 2069 677 2111 1⁹.);
700 2076 738 2101 nt
753 2080 772 2101 e
785 2071 855 2102 sole
872 2080 960 2103 nunc
974 2081 1077 2113 supra
1091 2078 1196 2114 caput
1220 2083 1311 2105 nunc
1333 2073 1423 2106 infra
1447 2075 1550 2116 pedes
1565 2078 1662 2108 nobis

219 2128 376 2157 versante
390 2123 581 2156 Mei-curnis
595 2121 744 2161 ὂλῦμτως
758 2126 795 2154 et
806 2122 931 2162 χθόνιος
945 2126 1040 2156 ortus
1053 2125 1109 2156 sit.
1137 2125 1300 2157 Ceterum
1312 2135 1355 2157 ex
1369 2126 1432 2158 hoc
1444 2127 1555 2159 denuo
1569 2129 1662 2160 Mer-

218 2177 303 2210 curii
317 2185 456 2208 mnnere
477 2174 590 2214 fluxit,
604 2176 694 2216 quod
706 2182 831 2216 praeest
845 2176 990 2216 Magicis
1005 2177 1149 2214 artibus,
1165 2182 1203 2210 et
1215 2178 1494 2218 Necyomantiae3
1513 2179 1659 2222 denique

216 2229 306 2271 qnod
321 2228 582 2269 Expiationibus
595 2228 788 2268 aptissimus
803 2233 863 2260 est.
896 2229 977 2261 Vid.
993 2229 1036 2261 ad
1051 2239 1078 2261 1.
1095 2230 1165 2263 od.
1180 2233 1212 2263 2.
1224 2233 1280 2262 41.
1294 2236 1330 2262 et
1346 2231 1388 2263 ad
1406 2234 1457 2262 10.
1472 2236 1559 2266 extr,

703 2340 1043 2384 EXCURSUS
1091 2342 1177 2384 IV.

655 2424 661 2425 ’
796 2427 861 2460 ΑΒ
887 2427 968 2459 οι).
991 2429 1071 2461 xv.

520 2513 761 2564 vtNDtfflAE
793 2514 998 2543 PARIDIS
1032 2514 1092 2542 ET
1126 2512 1355 2542 HELENAE.

218 2588 356 2620 Maon
380 2593 543 2628 urgentur
570 2589 671 2621 hodie
696 2587 837 2620 infamia
851 2587 948 2618 Paris
962 2591 998 2618 et
1014 2586 1161 2625 Helena,
1184 2587 1279 2627 cujus
1300 2587 1329 2617 si
1355 2586 1388 2617 in
1410 2586 1590 2622 veritatem
1607 2588 1656 2620 in-

218 2637 398 2680 quiramus,
424 2641 523 2680 longe
550 2641 651 2672 alium
678 2642 855 2681 utriusque
888 2640 985 2671 nobis
1011 2638 1192 2670 informare
1222 2648 1383 2679 cogamur
1410 2640 1656 2673 characterem.

219 2690 317 2724 Paris
332 2691 479 2732 quidem,
493 2697 531 2724 ut
545 2693 586 2724 ab
601 2694 664 2724 hoc
679 2693 849 2733 incipiam,
863 2693 936 2733 jam
958 2691 1048 2732 apud
1075 2692 1241 2722 Romanos
1258 2690 1396 2732 Po'e’tas,
1409 2696 1512 2733 atque
1529 2693 1561 2723 iu
1578 2693 1652 2733 ipso

219 2746 335 2775 nostro
347 2742 515 2779 Carmine,
529 2748 582 2775 est
596 2745 704 2775 mollis
720 2745 832 2780 bomo,
847 2744 1001 2783 imbellis,
1017 2743 1162 2783 turpiter
1178 2742 1416 2780 effoeminatus,
1429 2745 1604 2785 voluptate
1619 2751 1654 2777 et
