1916 3190
259 238 345 279 540
705 266 710 270 -
855 254 1119 287 Excunsus

562 346 667 378 Catus
682 346 783 385 idem,
800 355 862 388 per
879 351 1035 388 apertum
1051 337 1222 390 fugientes

561 397 704 439 Agitato
722 408 828 440 grege
845 409 962 432 cervos
971 400 1133 441 jaculari,
1150 407 1186 433 et

559 449 661 482 Celer
676 451 746 483 alto
762 451 958 484 latitantem
978 452 1121 485 frutice·

560 507 594 534 to
609 504 775 545 excipere
793 514 925 547 aprum.

261 574 433 616 Apparet,
458 575 641 619 Cruquium
664 579 698 610 in
723 579 791 612 fine
815 591 854 613 ac
876 581 1048 622 principio
1070 591 1224 614 versuum
1242 583 1407 616 vocabula
1422 584 1591 627 divisisse,
1606 591 1722 620 tracta

261 628 305 659 ad
322 638 456 661 versum
469 630 522 662 vel
538 633 803 664 antecedentem
827 636 879 666 vel
896 639 1097 677 sequentem
1114 636 1255 677 syllaba,
1270 637 1330 668 nbi
1344 637 1404 669 illa
1419 637 1453 669 in
1469 638 1568 671 codd.
1584 639 1722 681 integra

261 680 303 711 ad
320 682 519 714 alterutrum
536 684 644 716 relata
657 690 789 725 essent;
805 687 896 728 quod
914 688 1023 728 ipsum
1041 693 1108 728 est,
1125 698 1199 720 cum
1215 689 1311 726 dicit,
1327 689 1464 722 codices
1484 700 1545 722 sua
1558 700 1624 733 ope
1641 701 1724 723 non-

259 734 344 766 nihil
360 744 436 766 esse
451 736 598 776 adjutos.
642 738 710 770 Sed
728 749 828 780 quam
851 740 970 781 inepta
993 751 1032 772 ac
1055 741 1216 774 deformis
1238 743 1283 774 sit
1307 743 1466 775 universa
1481 743 1548 776 ista
1563 753 1722 776 versuum

260 787 523 821 ordinandorum
541 791 641 830 ratio,
656 802 723 824 non
740 803 825 834 opus
850 798 904 825 est
927 795 1043 827 multis
1061 795 1256 827 ostendere.
1303 797 1382 827 Non
1399 796 1549 836 dubium,
1565 798 1645 838 quin
1663 808 1723 830 an-

260 841 403 881 gustiori
419 843 551 883 paginae
568 845 682 885 spatio
699 845 916 877 tribuendum
939 847 995 883 sit,
1021 849 1123 888 quod,
1142 858 1215 889 quae
1238 848 1312 879 fere
1339 849 1374 879 in
1398 849 1494 880 libris
1516 850 1601 881 Mss.
1618 859 1721 882 unum

260 902 393 925 versum
413 896 553 928 tertium
570 896 738 937 efficiunt,
755 897 788 928 in
805 897 905 929 dictis
922 898 1023 929 codd.
1040 899 1072 929 in
1089 899 1172 930 duas
1189 904 1305 939 partes
1319 909 1346 931 s.
1361 900 1471 932 lineas
1486 900 1597 933 divisa
1615 912 1719 944 appa·

258 950 378 986 reaut;
407 947 442 979 id
467 949 556 990 qnod
580 950 614 980 in
637 959 714 981 meo
733 949 869 991 quidem
886 951 1110 982 Dessaviensi
1127 952 1249 993 altero,
1266 951 1374 993 quiin
1389 951 1499 984 forma
1515 957 1638 985 octava
1653 958 1722 994 est,

261 997 489 1032 manifestum.

302 1049 344 1081 Iu
361 1052 488 1083 ceteris
512 1053 613 1085 codd.
641 1054 701 1096 (ne
726 1054 770 1086 de
799 1055 874 1087 aliis
896 1055 1169 1089 aberrationibus
1193 1056 1322 1099 dicam)
1347 1057 1397 1090 ita
1411 1056 1485 1090 fere
1502 1057 1627 1099 digesti
1641 1060 1719 1089 suut

258 1111 388 1143 versus,
414 1109 453 1135 ut
479 1105 545 1137 duo
574 1107 761 1140 Trimetros
787 1112 990 1150 sequeretur
1014 1111 1138 1142 tertius
1160 1110 1387 1152 Tetrameter‚
1410 1117 1447 1143 et
1470 1111 1519 1143 sic
1534 1110 1613 1143 Ode
1629 1114 1719 1142 esset

257 1154 398 1188 Dicolos
413 1157 630 1200 Tristrophos
644 1171 652 1191 :

599 1235 802 1268 Miserarum
819 1242 884 1278 est,
899 1247 1011 1280 neque
1026 1237 1131 1270 amori
1147 1237 1230 1270 dare
1247 1237 1379 1280 ludum,

603 1288 726 1330 Neque
744 1289 835 1321 dulci
852 1291 941 1322 mala
956 1291 1037 1322 vino
1052 1291 1181 1331 lavere,
1198 1295 1258 1322 aut
1274 1300 1333 1322 ex-

603 1341 745 1373 animari
760 1347 953 1375 metuentes
970 1346 1102 1384 patruae
1118 1342 1266 1375 verbera
1280 1343 1403 1383 linguae
1414 1352 1425 1373 ·.

257 1410 322 1442 nisi
339 1413 428 1453 quod
444 1413 479 1444 in
495 1414 622 1454 multis,
639 1421 678 1446 ut
692 1416 780 1447 solet
795 1416 882 1456 fieri,
898 1417 1004 1449 verba
1019 1417 1053 1448 in
1069 1416 1137 1448 fine
1152 1426 1192 1449 ac
1208 1416 1378 1458 principio
1394 1425 1551 1447 versuum
1567 1425 1635 1447 non
1653 1415 1717 1447 dis-

256 1469 351 1495 secta
366 1468 457 1504 sunt,
482 1465 541 1496 sed
566 1466 699 1506 integra
724 1467 944 1498 adhaeserunt
961 1469 1120 1499 alterutri
1137 1469 1264 1506 versui,
1280 1472 1359 1507 post
1374 1467 1449 1498 fere
1466 1467 1508 1498 ab
1525 1467 1716 1499 editoribus

255 1519 367 1547 metro
397 1517 653 1549 accommodate
677 1517 800 1549 divisa.
844 1518 957 1559 Igitur
981 1519 1072 1550 illam
1099 1519 1265 1550 rationem
1293 1523 1482 1560 sequuntur
1501 1528 1618 1551 omnes
1636 1525 1715 1552 ante

256 1567 454 1601 Bentleium
477 1574 545 1601 tam
573 1575 709 1602 veteres
726 1580 827 1613 quam
848 1571 1071 1610 recentiores,
1092 1575 1220 1612 praeter
1236 1564 1463 1612 Cruquianam
1479 1572 1628 1613 quidem,
1643 1572 1716 1604 edi-

255 1620 378 1653 tiones.
423 1620 572 1654 Accedit
598 1624 786 1654 auctoritas
812 1623 959 1655 Acronis
983 1627 1021 1655 et
1043 1624 1331 1656 Commentatoris
1347 1623 1546 1665 Cruquiani‚
1562 1625 1624 1655 nisi
1642 1635 1716 1657 cor-

254 1674 389 1714 ruptela
404 1675 532 1716 subest,
547 1681 585 1707 ut
601 1676 803 1714 videbimus,
819 1677 913 1715 item,
929 1686 1013 1718 quos
1030 1677 1146 1708 Bentl.
1163 1675 1294 1713 laudat,
1309 1676 1606 1717 grammaticorum
1624 1683 1715 1709 vete-

255 1735 345 1766 rum,
359 1727 457 1759 Atilii
473 1729 722 1770 Fortunatiani,
738 1741 771 1771 p.
788 1733 885 1762 2⁷04.
901 1734 938 1761 et
951 1730 1068 1770 Plotii,
1081 1739 1115 1771 p.
1127 1732 1224 1761 2660.
1240 1729 1380 1761 Putsch.
1403 1729 1493 1761 Nam
1510 1729 1714 1761 Diomedem

255 1778 393 1819 quidem
417 1785 453 1812 et
476 1781 690 1813 Victorinum
712 1782 769 1814 vix
787 1783 869 1814 satis
884 1786 980 1814 recte
993 1783 1073 1823 huc,
1094 1786 1132 1814 ut
1158 1782 1399 1823 intelligemus,
1419 1781 1510 1814 idem
1537 1782 1716 1815 Bentleius

255 1833 440 1874 pertraxit.

298 1886 421 1927 Fuere,
437 1887 495 1928 qui
512 1888 704 1929 rhythmum
722 1889 835 1930 potius
851 1889 921 1920 sive
935 1897 1128 1929 numerum,
1139 1897 1240 1930 quam
1258 1891 1418 1927 metrum,
1429 1887 1462 1918 in
1476 1887 1540 1919 hoc
1556 1886 1716 1919 Carmine

253 1947 328 1970 esse
343 1938 510 1972 dicerent.
554 1941 638 1972 Eam
656 1941 690 1972 iu
706 1942 994 1983 senteutiamjam
1011 1941 1233 1973 Acrouemet
1244 1941 1555 1972 Commentatorem
1573 1940 1714 1981 Cruqnii

254 1991 348 2023 abire
370 1992 535 2024 videmus.
581 1993 684 2034 Item,
698 1994 756 2036 qui
773 1999 809 2026 et
827 2005 847 2026 a
867 1994 983 2026 Bentl.
1008 1993 1182 2034 laudatur,
1209 1993 1433 2035 Hephaestion
1449 1993 1713 2033 Grammaticus,

252 2042 321 2083 περὶ
335 2043 454 2083 μέτρων
463 2045 514 2077 καὶ
530 2046 721 2088 ποιημάτων,
739 2057 771 2088 p.
787 2050 840 2079 66.
856 2047 968 2079 Paris.
983 2046 1050 2078 duo
1065 2047 1114 2078 ait
1128 2045 1233 2078 fuisse
1247 2046 1443 2078 lonicorum
1453 2046 1572 2077 talium
1584 2045 1714 2077 Carmi-

252 2104 333 2125 num
351 2106 500 2136 genera:
525 2109 640 2140 unum,
655 2100 745 2141 quod
762 2101 793 2139 ἐξ
806 2099 917 2139 ὁμοίων
933 2103 1046 2140 vocat,
1071 2099 1164 2131 nullo
1178 2097 1321 2130 definito
1339 2097 1465 2139 pedum
1481 2106 1636 2137 numero,
1651 2106 1713 2138 per

253 2146 434 2187 συνάφειαν,
449 2153 486 2180 ut
501 2152 691 2191 appellant,
705 2162 882 2194 quousque
892 2152 1025 2184 auctori
1043 2152 1150 2184 visum
1167 2151 1222 2192 sit,
1245 2150 1467 2192 procurrisse,
1483 2154 1711 2192 praeterquam

253 2200 346 2242 quod
362 2210 478 2233 omnes
502 2202 605 2243 pedes
629 2202 735 2234 Ionici
758 2204 809 2234 ἀπ’
833 2204 1000 2236 ἐλάττονος
1020 2203 1164 2244 fuerint,
1186 2203 1340 2235 omnibus
1363 2203 1495 2244 legibus
1517 2203 1713 2241 solut11m;²

254 2253 411 2291 alterum,
435 2254 523 2296 quod
540 2254 620 2286 κατὰ
642 2253 756 2294 σχέσιν
771 2255 828 2286 ille
844 2257 1008 2296 nominat,
1026 2257 1236 2298 descriptum
1252 2256 1358 2288 fuisse
1373 2255 1549 2292 clausulis,
1570 2264 1711 2297 quarum

254 2315 410 2348 quaeque,
427 2307 502 2348 pari
525 2308 650 2349 pedum
667 2316 819 2346 numero,
845 2317 922 2340 cum
948 2310 1128 2339 sententiae
1153 2310 1247 2340 exitu
1267 2309 1419 2340 desierit.
1463 2309 1547 2340 Tale
1563 2308 1712 2340 Garmen

254 2359 365 2392 Alcaei
380 2361 513 2401 laudat,
534 2360 615 2393 κατὰ
640 2359 715 2392 δέκα
737 2359 883 2400 συζυγίας
903 2358 1131 2400 γεγραμμένον,
1155 2360 1190 2390 h.
1212 2360 1260 2390 ita
1282 2361 1521 2400 compositum,
1542 2365 1580 2391 ut
1595 2369 1711 2390 omnes

254 2413 413 2446 clausulae
429 2420 546 2446 esseut
561 2414 680 2446 decem
697 2413 835 2455 pedum.
879 2413 991 2454 Igitur
1007 2412 1185 2444 Bentleius
1200 2410 1304 2443 etiam
1317 2416 1469 2442 nostrum
1484 2412 1548 2442 hoc
1564 2411 1711 2442 Carmen

254 2470 402 2507 quatuor
418 2466 542 2498 talibus
559 2466 753 2508 decapodiis
769 2477 794 2498 s.
811 2466 930 2499 decem
948 2466 1072 2508 pedum
1087 2464 1245 2497 clausulis
1260 2463 1390 2495 absolvi
1404 2461 1623 2502 contendit3b
1647 2462 1710 2494 sed

254 2529 332 2550 cum
347 2529 414 2551 non
432 2521 551 2561 possit,
565 2529 626 2561 per
645 2521 778 2562 paginae
795 2520 999 2562 angustiam,
1016 2528 1083 2551 una
1098 2519 1189 2550 linea
1202 2516 1350 2548 describi
1365 2513 1618 2556 decempedalis
1635 2524 1708 2547 ver-

254 2581 322 2612 sus,
349 2581 426 2603 eum
448 2573 483 2604 in
506 2576 621 2614 partes
645 2573 750 2605 dividi
773 2582 915 2606 necesse
937 2582 1023 2605 esse.
1079 2573 1209 2610 Quare,
1232 2569 1312 2611 quia
1335 2574 1371 2600 et
1395 2567 1622 2609 Hephaestion
1645 2568 1667 2600 l.
1688 2569 1714 2601 l.

253 2633 385 2656 versum
405 2625 510 2657 Alcaei
531 2626 684 2659 Ionicum
699 2636 720 2658 a
734 2626 864 2659 minore
878 2627 1128 2658 Tetrametrum
1143 2623 1273 2664 laudat,
1295 2626 1332 2654 et
1346 2621 1542 2654 Victorinus
1561 2621 1707 2663 primum

295 2739 311 2756 ⁸
333 2736 466 2769 Similia
484 2739 590 2770 tradit
610 2739 830 2772 Terentianus
850 2740 948 2772 Mau-
1046 2738 1060 2759 δ
1083 2737 1124 2769 Iu
1150 2745 1216 2779 quo
1240 2735 1273 2768 ei
1294 2732 1438 2767 assentit
1453 2731 1556 2765 etiarn
1574 2730 1701 2762 Baxte-

252 2787 321 2819 rus,
338 2788 372 2819 p·
386 2782 482 2812 2416.
497 2781 592 2814 2428.
610 2791 642 2812 v.
658 2783 774 2814 Bentl.
1003 2790 1073 2814 rus.
