1916 3190
273 259 358 303 126

750 272 793 309 Q.
827 271 1038 303 HORA'ru
1073 272 1247 306 pmice!

843 425 973 467 ODE
1003 417 1152 473 XHI'.

840 547 908 575 AD
942 547 1159 577 LYDIAM.

273 643 436 681 Horatius
461 646 580 675 amicae
602 654 685 684 suae,
701 654 800 686 quam
828 645 971 677 Poenico
994 646 1129 676 nomine
1152 645 1295 687 Lydiam
1320 646 1484 687 nominat,
1509 646 1553 678 ob
1573 656 1721 680 amorem

451 697 597 738 Telephi
614 697 730 729 Graeci
746 697 866 729 Poetae
882 703 988 738 atque
1003 698 1129 729 sodalis
1145 699 1197 730 sui
1213 698 1339 730 furiose
1355 700 1543 740 zelotypus,

443 782 555 824 CUM
578 787 637 832 tu,
658 782 815 836 Lydia,
835 782 1021 835 Telephi

502 849 725 891 cervicem
747 861 937 897 roseam,
959 861 1086 889 cerea
1105 847 1291 903 Telephi

445 914 623 956 Laudas
643 915 849 966 brachia;
880 915 972 955 vae!
1002 927 1147 955 meum

501 981 700 1022 Fervens
719 979 891 1022 difficili
913 981 1003 1022 bile
1023 984 1162 1022 tumet
1175 980 1317 1034 jecur.

319 1112 348 1142 Ο
369 1111 483 1152 Lydia,
509 1112 629 1152 quando
641 1114 678 1142 tu
691 1111 845 1142 collaudas
864 1110 975 1140 collum
997 1108 1232 1140 rubicundulum
1254 1109 1392 1150 Telephi,
1406 1113 1439 1141 et
1459 1111 1566 1142 molles
1585 1094 1726 1149 lacertu

275 1153 415 1198 Telephi,
430 1163 488 1194 vce,
503 1163 602 1186 meum
615 1154 711 1194 hepar
726 1152 878 1192 turgescit
892 1161 947 1182 act
949 1151 960 1182 i
970 1151 1092 1184 cholera
1115 1151 1351 1192 inflammatum.
1397 1152 1476 1188 Tum
1488 1161 1584 1194 neque
1597 1154 1722 1185 mimae

901 1245 1054 1257 ‘m
1057 1245 1093 1258 ‘0
1077 1246 1116 1258 00

315 1312 423 1343 Deest
444 1312 518 1343 haec
535 1310 613 1342 Ode
631 1309 780 1341 Editioni
797 1308 968 1340 Sanadon.
986 1308 1212 1349 Epigraphe
1203 1319 1237 1340 m
1254 1309 1456 1350 quibusdam
1474 1310 1576 1342 codd.
1593 1310 1645 1341 Ad
1658 1310 1722 1352 Ly·

271 1354 370 1391 diam,
383 1354 536 1388 Amicam,
551 1354 758 1390 meretricem,
770 1353 808 1382 de
826 1351 918 1390 Tetep
920 1351 967 1382 Ιιο.
968 1353 1031 1381 -1
1058 1351 1146 1382 Dum
1161 1354 1197 1382 tu
1210 1352 1336 1383 Venet.
1353 1355 1449 1384 1492.
1466 1355 1561 1384 1509.
1578 1353 1723 1384 Lot-her.

271 1402 309 1428 et
338 1396 489 1428 Mancin.
533 1394 630 1426 Lidia
655 1394 807 1426 nonnulli
830 1393 990 1424 Tou-‚ent
1036 1393 1132 1434 Telefi
1156 1394 1191 1424 in
1216 1394 1293 1424 aliis
1317 1395 1482 1435 ejusdem.
1485 1397 1548 1426 ——2
1574 1394 1721 1426 Memel.

272 1439 642 1470 Venett.1492.1509.
664 1437 809 1467 Ascens.
836 1441 872 1466 et
897 1435 1038 1466 Locher.
1056 1445 1174 1466 roseam
1197 1439 1238 1467 et.
1282 1436 1352 1467 Pro
1367 1446 1468 1476 cerea,
1486 1436 1576 1478 quod
1603 1444 1721 1471 omnes

271 1480 419 1512 omnium
435 1480 534 1511 codd.
549 1484 582 1510 et
596 1478 677 1511 edd.
694 1483 778 1510 vett.
796 1477 958 1509 exhibent
973 1477 1148 1508 Bentleius
1159 1478 1292 1508 emend.
1309 1488 1352 1509 ex
1367 1479 1483 1518 Capro
1498 1479 1650 1510 Gramm.
1669 1479 1723 1510 ed.

273 1523 415 1554 Putsch.

440 1522 725 1562 p.2242.1‹1ctea,
752 1525 787 1551 et
814 1520 889 1550 hoo-
900 1520 998 1550 lactea
1022 1519 1240 1559 arripuerunt
1264 1521 1508 1561 Fui-stenherg.
1524 1519 1662 1552 Wakef.
1685 1526 1722 1551 et

271 1564 442 1597 Kidd.—-3
458 1564 588 1595 Laudes
602 1564 750 1604 Franeq.
773 1571 822 1594 nae
838 1571 900 1602 pro
914 1571 962 1592 voe
978 1561 1112 1594 emend.
1129 1562 1305 1603 Heinsius,
1327 1568 1364 1594 et
1386 1565 1521 1604 recepit
1544 1564 1585 1595 R.
1600 1563 1722 1604 Steph.

282 1622 286 1627 ’
925 1644 1066 1678 Nora:

314 1713 392 1746 Ode
421 1718 475 1745 est
511 1713 650 1745 Dicolos
686 1711 901 1752 nisti-opum,
929 1714 967 1741 ut

271 1764 376 1796 tertia
391 1773 507 1805 supra,
521 1763 531 1781 ‘
541 1764 598 1795 Sic
615 1768 649 1795 te
667 1761 778 1798 Diva,’
790 1764 854 1795 &m

282 1810 285 1813 ’
314 1817 332 1844 1
351 1814 429 1845 Cum
444 1816 491 1848 tu,
507 1813 624 1854 Lydia,
643 1812 778 1852 Telephi,
793 1809 864 1851 qma]
889 1810 968 1841 Nou

269 1867 365 1894 caret
389 1868 465 1894 arte
501 1862 665 1903 repetitio
699 1861 792 1893 vocis
832 1860 967 1899 Telephi.

271 1912 359 1943 Nam
374 1916 410 1943 et
424 1912 481 1952 qui
502 1915 627 1948 amant,
649 1921 818 1952 nunquam
836 1911 918 1941 satis
933 1909 969 1940 id

269 1961 456 2001 loquuntur
469 1961 557 2002 quod
581 1966 712 1992 amant:
748 1966 784 1992 et
809 1961 969 1999 zelotypo

268 2009 352 2040 illud
381 2009 470 2040 idem
500 2013 554 2039 est
581 2008 806 2039 intolerabile.
861 2008 971 2046 Lydia

269 2059 439 2097 cervicem
457 2067 588 2089 roseam
605 2057 758 2097 Telephi,
774 2057 967 2096 iterumque

269 2117 370 2140 cerea
396 2107 535 2139 brachia
553 2107 695 2148 Telephi
720 2106 861 2137 laudare
886 2115 966 2145 gau-

270 2157 331 2189 det
348 2168 356 2188 :
380 2162 416 2189 at
435 2157 582 2189 Horatio
597 2156 630 2188 id
649 2157 717 2187 ciet
732 2156 846 2195 bilem,
859 2156 966 2187 dolet-

271 2206 432 2248 qdequod
445 2206 582 2237 rivalem
595 2206 729 2236 suumin
742 2214 801 2236 ore
809 2203 966 2246 frequen-

271 2256 339 2288 tius
362 2256 497 2287 habeat.
543 2255 654 2291 Unde,
670 2265 745 2285 cum
763 2258 965 2295 praesentem

270 2306 464 2337 convellere
486 2314 633 2336 amorem
660 2309 820 2345 nequeat,
842 2304 884 2335 de
914 2303 966 2336 fu·

274 2360 350 2386 tura
365 2355 438 2396 ejus
455 2354 690 2386 immutatione
705 2349 742 2385 se
757 2354 965 2385 consolatur.

315 2407 336 2438 2
360 2405 519 2436 emicem
532 2403 662 2444 roseam]
672 2404 852 2436 Pulchram
861 2405 968 2436 instar

272 2459 417 2494 rosae,et
428 2453 653 2495 fragrantem:
670 2454 725 2485 vel
737 2455 823 2486 rosei
835 2455 971 2487 coloris.

270 2504 425 2545 Scaliger
452 2504 508 2535 hic
530 2503 710 2535 Horatium
740 2504 891 2544 graviter
919 2514 970 2536 re-

275 2554 469 2593 prehendit,
492 2559 528 2585 et
551 2554 682 2585 lacteam
696 2553 763 2585 dici
779 2554 969 2594 oportuisse

274 2604 461 2643 contendit,
476 2613 541 2634 non
556 2612 686 2635 roseam.
710 2602 838 2634 Verum
853 2603 969 2645 quidni

275 2650 471 2683 adolescens
485 2662 597 2684 amore
616 2651 769 2684 fervidus
783 2660 885 2684 rosea·
895 2662 970 2684 cer-

275 2701 351 2733 vice
366 2707 402 2733 et
421 2702 644 2733 rubicundula
659 2702 871 2734 celebretur?
894 2702 969 2735 Vir-

275 2750 332 2792 gil.
345 2750 477 2784 AEneid.
492 2761 516 2783 ι.
543 2753 553 2770 ‘
566 2762 664 2784 rosea
676 2752 809 2785 cervice
819 2752 974 2786 refulsit!

1066 1708 1163 1739 Cerea
1185 1707 1324 1751 brachia]
1353 1709 1486 1746 Mollia,
1506 1713 1639 1748 tenera,
1653 1706 1722 1741 for-

1021 1761 1110 1788 tasse
1125 1757 1228 1789 etiam
1250 1758 1405 1798 candida,
1428 1758 1585 1799 politula,
1599 1756 1722 1798 nitida,

1023 1815 1122 1848 pura,
1143 1813 1241 1848 puta,
1258 1806 1403 1839 formosa
1417 1807 1527 1839 instar
1537 1807 1721 1847 imaginum

1023 1865 1213 1896 cereatum,
1239 1867 1314 1898 quse
1338 1857 1411 1888 sine
1435 1856 1580 1892 ossibus,
1595 1857 1724 1896 nervis,

1024 1907 1127 1948 pelle,
1144 1907 1234 1947 pilis.
1277 1906 1367 1938 Vide
1392 1906 1484 1938 Non.
1507 1905 1663 1938 Marcell.
1685 1905 1722 1936 in

1023 1965 1121 1995 voce,
1134 1957 1145 1974 ⁴
1158 1956 1285 1997 putus?

1067 2007 1086 2035 3
1109 2005 1182 2045 Vae]
1198 2006 1397 2046 Interjectio
1406 2005 1558 2038 dolorem
1567 2004 1724 2036 indicans

1024 2057 1129 2093 atque
1155 2054 1435 2094 indignationem.
1476 2055 1566 2086 Sunt
1588 2055 1647 2096 qui
1673 2055 1722 2086 le.-

1024 2107 1107 2141 gant
1120 2112 1182 2141 noe,
1196 2102 1257 2138 ναὶ,
1270 2103 1303 2134 id
1320 2108 1387 2143 est,
1402 2105 1412 2121 ‘
1425 2104 1546 2143 certe,'
1561 2104 1572 2122 ‘
1583 2104 1721 2135 hercle-⁹

1063 2154 1084 2183 4
1107 2152 1182 2183 Bile
1196 2153 1405 2194 tumetjecur]
1439 2152 1645 2187 Intuinescit
1658 2151 1729 2184 fel-⁷

1022 2201 1062 2232 lis
1078 2203 1330 2242 receptaculum
1340 2202 1452 2243 jecori
1467 2211 1648 2236 annexum.
1677 2203 1720 2238 In

1019 2249 1098 2282 felle
1114 2251 1174 2287 ira,
1190 2251 1225 2282 in
1242 2251 1362 2292 jecore
1379 2261 1472 2283 amor
1486 2261 1527 2283 ac
1548 2252 1669 2294 libido,
1682 2251 1723 2284 iu

1019 2302 1138 2343 splene
1154 2304 1254 2343 risus,
1278 2304 1312 2335 in
1335 2305 1439 2336 corde
1458 2305 1628 2346 sapientia
1643 2314 1720 2346 pro-

1021 2354 1095 2394 prie
1131 2354 1295 2386 resident.
1340 2355 1389 2387 At
1424 2356 1591 2388 Horatius
1619 2357 1720 2389 modo

999 2402 1005 2408 '
1020 2404 1194 2435 libidinem
1209 2405 1243 2436 in
1251 2405 1373 2446 jecore
1388 2407 1519 2446 statuit,
1533 2411 1571 2438 ut
1586 2415 1639 2439 lv.
1650 2406 1718 2438 Od-

1022 2456 1054 2485 1.
1075 2455 1085 2471 ‘
1098 2454 1133 2485 Si
1146 2458 1275 2486 torrere
1283 2456 1384 2496 jecur
1399 2456 1522 2497 quaeris
1536 2455 1718 2492 idoneum?

1021 2502 1115 2534 Alias
1131 2504 1352 2546 iracundiam,
1368 2512 1404 2537 ut
1421 2506 1476 2537 hic
1490 2516 1499 2536 :
1530 2506 1660 2546 pariter
1681 2511 1718 2538 et

1020 2555 1197 2588 ,luvenalis
1211 2556 1285 2588 Sat.
1306 2566 1333 2588 1.
1347 2560 1401 2588 45.
1432 2557 1442 2574 ‘
1454 2557 1544 2590 Quid
1570 2555 1715 2589 referam

1021 2611 1150 2647 quanta
1164 2606 1290 2638 siccum
1300 2607 1401 2648 jecur
1415 2606 1535 2639 ardeat
1550 2607 1600 2638 ira
1610 2606 1634 2639 i·
1653 2607 1715 2640 Se·

1021 2657 1092 2686 cuti
1108 2654 1264 2687 videntur
1278 2655 1518 2688 Archilochum
1524 2657 1717 2700 ,χολὴνοῦκ

1021 2703 1106 2746 ἔχεις
1125 2704 1174 2745 ἐφ’
1197 2705 1305 2744 ἥπατι,
1329 2706 1418 2738 bilem
1433 2716 1493 2737 non
1507 2706 1624 2738 habes
1612 2715 1646 2738 tu
1659 2705 1725 2742 1·ae-

1020 2758 1106 2796 pate,
1122 2755 1211 2797 apud
1226 2756 1351 2788 Athen.
1366 2765 1422 2790 m.
1437 2758 1489 2788 24.
1523 2776 1527 2780 -
