1916 3190
253 231 341 273 394

733 247 777 284 Q.
807 246 1019 278 HORATII
1053 247 1227 280 FLACCI

485 338 659 393 Regina
675 340 852 395 longum
875 342 1081 397 Calliope
1101 343 1260 394 melos,

542 406 632 448 Seu
651 420 764 448 voce
785 422 903 449 nunc
925 410 1069 452 mavis
1090 416 1242 461 acuta,

595 474 684 516 Seu
705 475 865 517 fidibus
884 477 1112 519 citharave
1133 477 1307 520 Phoebi.

480 540 694 583 Auditis?
726 555 782 584 an
802 557 873 584 me
894 544 1006 585 ludit
1027 545 1236 587 amabilis
1684 549 1713 590 5

483 609 701 651 Insania'l
734 611 884 652 audire
906 616 950 653 et
969 613 1127 654 videor
1144 613 1246 667 pios

540 676 697 719 Errare
712 691 788 733 per
802 679 946 730 IUCOS,
964 693 1155 722 amoenae

599 745 729 796 Quos
749 750 792 788 et
813 760 943 801 aquae
969 748 1156 789 subeunt
1178 751 1223 789 et
1243 760 1380 791 aurae.

249 858 354 899 placet
367 857 481 898 magis,
496 867 566 889 voce
579 857 677 896 clara,
692 858 741 890 vel
755 857 890 898 chordis,
903 862 957 890 aut
973 859 1044 899 lyra
1057 857 1222 899 Apollinis.
1246 858 1301 890 An
1314 859 1453 892 auditis?
1472 860 1526 892 An
1540 870 1588 892 me
1598 861 1714 902 decipit

245 901 405 938 jucundus
421 900 538 939 furor?
566 900 683 932 Videor
707 901 830 941 audire,
850 905 881 933 et
906 910 1032 932 cernere
1044 901 1133 933 illam
1147 902 1354 934 ambulantem
1368 903 1402 934 in
1417 904 1514 935 sacris
1527 904 1716 945 amoribus,

862 985 941 997 0000
945 984 1105 998 ‘mOOOO

252 1050 372 1084 Jones.
386 1050 475 1081 Sivr.
489 1050 583 1086 Jani,
595 1053 631 1081 et
645 1050 851 1091 Bipont.—4
867 1051 984 1084 Graev.
999 1051 1150 1083 Bentleii
1166 1061 1186 1083 a
1197 1061 1244 1083 m.
1260 1061 1314 1093 pr.
1325 1052 1518 1094 citharaque,
1529 1056 1566 1084 et
1581 1052 1643 1092 sic,
1656 1051 1714 1083 illo

253 1093 439 1134 probante,
455 1092 638 1124 ediderunt
654 1093 801 1134 Cuning.
817 1094 942 1126 Sanad.
961 1095 1050 1127 Sivr.
1070 1094 1165 1134 Jaui‚
1181 1094 1325 1135 Bipont.
1346 1095 1487 1127 Mitscb.
1508 1100 1545 1127 et
1565 1094 1712 1127 nidd.-

253 1139 274 1166 5
297 1135 446 1167 Audistis
461 1136 555 1176 Lips.
569 1139 600 1167 1.
615 1145 636 1167 a
648 1145 693 1167 m.
710 1139 829 1177 pr.——6
844 1137 966 1169 Barth.
981 1136 1130 1169 Advers.
1145 1146 1283 1170 xxxix.
1299 1140 1331 1170 9.
1347 1138 1481 1170 emend.
1503 1137 1622 1179 audiri,
1636 1136 1717 1179 quia

256 1179 366 1210 audiri
380 1188 419 1210 se
441 1178 537 1220 velit,
553 1178 664 1210 Musae
677 1179 925 1212 succinentem.
944 1180 1070 1221 piorum
1085 1180 1178 1222 conj.
1192 1181 1244 1212 vir
1258 1181 1381 1214 doctus
1404 1191 1462 1223 ap.
1487 1180 1604 1213 Bentl.
1624 1178 1716 1222 quod

911 1267 1055 1300 NoTAE

253 1331 319 1360 rat.
357 1328 451 1360 Hinc
467 1329 542 1371 ejus
568 1330 740 1372 Principis
756 1330 959 1363 moderatio-

253 1387 330 1409 nem
347 1383 383 1410 et
398 1379 613 1411 clementiam
641 1381 776 1412 extollit
795 1382 933 1422 egregie
948 1392 957 1412 ε

253 1437 363 1470 eoque
390 1429 559 1460 duntaxat
584 1435 774 1471 spectasse,
799 1440 867 1463 non
896 1431 958 1463 im-

252 1479 379 1510 merito
394 1479 565 1511 videatur.

297 1531 315 1559 l
341 1528 502 1560 Descende
520 1529 610 1571 caelo]
635 1529 758 1562 Gravis
783 1535 820 1562 et
848 1531 957 1563 solen-

254 1579 309 1610 nis
335 1578 505 1611 invocatio
526 1588 581 1610 res
605 1590 725 1621 graves
744 1585 855 1620 notat,
884 1590 960 1622 gra-

252 1636 399 1670 vemque
414 1628 684 1661 enthusiasmum
699 1630 872 1671 praesagit.

300 1678 400 1720 Coelo]
423 1679 501 1712 Illic
517 1679 622 1712 etiam
646 1681 758 1712 Musis
780 1690 842 1712 sua
860 1680 961 1713 sedes

252 1733 318 1762 est.
356 1729 502 1762 Hesiod.
525 1730 601 1762 init.
623 1731 798 1773 Theogon.
819 1740 885 1764 nec
909 1741 961 1763 se-

252 1780 332 1820 mei,
353 1780 472 1812 Musas
499 1786 677 1823 nuncupat
705 1782 715 1799 ‘
734 1781 960 1823 Olympiades

252 1831 352 1863 Jovis
390 1830 517 1863 filias:'
560 1832 698 1863 Pariter
739 1836 775 1864 et
813 1828 958 1864 Homer.

254 1881 386 1922 Hymn.
416 1882 451 1914 in
472 1883 627 1914 Mercur.
652 1884 718 1914 &c.
753 1883 856 1916 Iliad.
880 1893 961 1915 vero

253 1935 290 1962 B.
325 1932 360 1963 in
394 1933 481 1964 coelo
512 1933 630 1965 domos
659 1933 786 1965 habere
817 1934 958 1966 scribit:

248 1982 388 2014 ’Έσπετε
402 1985 455 2015 νῦν
469 1996 521 2022 μοι
533 1985 656 2016 Μοῦσαι
673 1984 832 2025 Ὀλύμπια
847 1986 960 2025 δώματ’

254 2032 397 2076 ἔχουσᾳι.
438 2035 568 2066 Ennius
597 2036 774 2069 similiter:
809 2038 959 2078 ⁴Musae,

253 2094 331 2126 quae
350 2084 496 2125 pedibus
507 2095 665 2126 magnum
681 2087 824 2127 pulsatis
839 2087 960 2128 Olym-

253 2134 360 2175 pum.'
403 2133 492 2165 Vide
521 2139 558 2166 et
594 2135 753 2167 Macrob.
783 2136 816 2167 in
841 2137 958 2169 Somn.

253 2184 350 2226 Scip.
368 2193 409 2216 11.
425 2187 457 2216 3.

296 2238 317 2267 2
329 2235 466 2275 Regina
485 2235 643 2277 Calliope]
664 2230 843 2268 Musarum
865 2238 958 2278 prin·

254 2295 353 2326 ceps,
375 2286 430 2317 vel
453 2289 556 2317 cantu
579 2285 653 2317 aliis
677 2290 865 2326 praestans:
891 2287 959 2318 Re-

255 2345 335 2378 gum
350 2335 455 2368 etiam
471 2344 600 2367 comes.
622 2335 765 2367 Hesiod.
781 2336 957 2377 Theogon.

256 2384 494 2429 προφερεστάτη
511 2383 670 2426 ἁπασέων,
688 2382 838 2417 Ouinium
861 2386 961 2418 excel-

257 2437 443 2470 lentissim.
473 2435 660 2472 βασιλεῦσιν
687 2433 806 2473 ὀπηδεῖ.
857 2436 963 2476 Reges

254 2489 434 2520 comitatur.
461 2486 566 2519 Diod.
580 2486 689 2518 Sicul.
706 2494 741 2517 v.
757 2488 788 2518 1.
823 2485 833 2503 ‘
851 2486 960 2518 Musis

255 2541 406 2577 nomina,
422 2539 547 2580 cuique
562 2549 581 2571 a
599 2538 739 2580 proprio
751 2547 892 2570 munere
904 2538 963 2570 tri-

255 2592 417 2624 buerunt.
455 2591 532 2623 Clio
553 2594 695 2631 propter
719 2590 875 2631 gloriam,
894 2591 961 2621 &c-

257 2665 266 2674 .
283 2663 292 2672 .
309 2662 318 2672 .
345 2641 524 2681 Calliopen
545 2640 638 2682 quod
654 2645 775 2672 cantus
791 2639 962 2672 suavitate

253 2696 403 2728 caeteras
418 2690 625 2722 antecedens
639 2690 752 2732 magui
769 2689 812 2722 ab
830 2689 963 2722 audito-

258 2741 353 2774 ribus
369 2739 585 2773 aestimetur!

298 2790 441 2832 Longum
462 2791 570 2832 melos]
594 2791 702 2825 Certe
724 2796 777 2824 est
792 2791 871 2825 Ode
886 2793 961 2825 haec

1012 1340 1032 1363 e
1045 1330 1269 1372 longioribus.
1292 1330 1383 1363 Vide
1398 1330 1491 1363 Gell.
1506 1338 1583 1362 xvi.
1601 1332 1653 1361 18.

1054 1384 1074 1413 3
1099 1382 1164 1414 Seu
1187 1391 1273 1422 voce,
1299 1381 1365 1414 Seu
1379 1381 1516 1422 fidibus,
1538 1380 1610 1422 ge]
1637 1379 1717 1411 Istis

1012 1441 1137 1472 nempe
1154 1435 1554 1472 constat‘exerceturque
1568 1429 1720 1469 Musica,

1013 1490 1110 1522 voce,
1127 1481 1212 1522 lyra,
1225 1480 1320 1512 tibia.
1343 1481 1398 1512 De
1410 1479 1543 1512 cithara
1552 1479 1597 1511 ab
1611 1479 1717 1521 Apol-

1011 1533 1081 1564 line
1093 1532 1246 1572 inventa‚
1263 1541 1290 1563 1.
1302 1531 1371 1564 Od.
1387 1534 1441 1564 21.

1056 1586 1076 1614 5
1098 1580 1255 1614 Auditis?
1276 1591 1318 1613 an
1333 1592 1381 1614 me
1404 1581 1582 1623 ludit‚&c.]
1614 1580 1647 1613 Ο
1663 1591 1717 1613 so·

1012 1631 1122 1673 dales,
1147 1641 1190 1663 an
1215 1641 1351 1663 mecum
1383 1632 1512 1664 auditis
1537 1631 1717 1673 Calliopen

1012 1686 1208 1725 canentem,
1225 1682 1375 1724 meisque
1383 1681 1455 1722 jam
1471 1682 1560 1715 votis
1577 1691 1717 1724 respon·
1759 1703 1765 1713 .

1011 1733 1152 1766 dentem
1164 1733 1176 1764 ?

1055 1785 1213 1818 Amabilis
1234 1784 1381 1826 Insania]
1396 1784 1624 1826 Voluptatem
1635 1793 1717 1816 sane

1012 1838 1194 1869 maximam
1211 1840 1359 1877 praestat
1382 1835 1486 1868 ardor
1508 1835 1662 1878 poeticus
1677 1835 1718 1867 iis

1015 1889 1074 1931 qui
1110 1888 1227 1920 divina
1252 1887 1312 1919 illa
1343 1885 1512 1919 facultate
1548 1890 1630 1919 sunt
1660 1885 1719 1918 do-

1014 1940 1100 1972 nati.

1057 1992 1078 2020 6
1101 1988 1225 2021 Audire
1249 1991 1281 2020 et
1302 1986 1408 2019 videor
1428 1986 1501 2028 pios
1520 1986 1643 2019 Ermre
1660 1996 1719 2027 per

1014 2038 1112 2079 lucos]
1128 2038 1247 2070 Veluti
1256 2036 1474 2079 praesentiam
1486 2036 1634 2068 numinis
1643 2045 1720 2068 sen-

1014 2090 1089 2128 tiat,
1102 2093 1206 2129 atque
1226 2087 1457 2119 enthusiasmo
1472 2092 1653 2129 correptus
1669 2086 1720 2119 ita

1013 2138 1174 2180 loquitur.

1057 2191 1077 2220 7
1100 2187 1215 2228 Lucos]
1239 2187 1281 2219 In
1297 2187 1461 2220 solitariis
1475 2187 1623 2220 maxime
1633 2186 1718 2219 locis

1014 2238 1159 2270 delubra
1193 2238 1391 2270 statuebant
1417 2242 1573 2270 veteres:
1602 2236 1719 2280 ibique

1016 2288 1114 2319 Deos
1146 2287 1337 2318 credebant
1370 2287 1534 2319 libentius
1563 2287 1718 2326 habitare

1014 2337 1070 2369 ubi
1085 2337 1182 2378 quies
1198 2340 1234 2367 et
1249 2337 1435 2377 silentium,
1454 2336 1514 2368 ubi
1530 2337 1631 2368 nullae
1646 2341 1719 2368 tur·

1015 2387 1068 2418 bae
1083 2391 1143 2418 ant
1159 2386 1326 2426 strepitus
1350 2381 1515 2418 mentium
1539 2386 1719 2426 integrita-

1014 2442 1085 2470 tem
1111 2435 1387 2468 labefactarentz
1414 2435 1474 2468 ubi
1503 2435 1718 2477 ‘Sapientiae

1013 2487 1239 2530 gymnasium,
1265 2486 1324 2518 ubi
1351 2495 1462 2518 mores
1479 2485 1568 2518 bene
1583 2486 1720 2518 institn-

1015 2545 1133 2579 untur,
1148 2542 1185 2570 et
1207 2537 1310 2569 animi
1328 2537 1478 2568 virorum
1502 2535 1718 2577 diriguntur-²

1015 2591 1103 2622 Haec
1119 2589 1208 2621 enim
1232 2588 1383 2620 solitudo
1410 2587 1556 2629 praebet,
1576 2597 1619 2619 ex
1635 2588 1719 2620 Plu-

1015 2641 1148 2674 tarcho-

1059 2693 1080 2722 8
1104 2691 1188 2727 Quos
1216 2692 1248 2721 et
1272 2698 1361 2730 aquae
1389 2687 1520 2721 subeunt
1554 2692 1587 2720 et
1616 2688 1717 2730 aare]

1016 2738 1234 2774 Perfluentes
1251 2749 1361 2780 aquae,
1383 2742 1421 2770 et
1443 2738 1636 2779 aspirantes
1656 2748 1717 2771 seu

1016 2789 1202 2834 perflantes
1218 2799 1309 2822 aurae
1334 2798 1375 2822 ac
1400 2788 1553 2831 Zephyri
1567 2797 1716 2822 amoenos
