1916 3190
234 234 318 276 492

707 253 750 290 Q.
783 250 992 281 nomam!
1029 250 1201 282 Fusci-n

518 342 566 383 Si
587 342 709 384 thure
730 344 922 397 placaris
941 346 985 384 et
1001 343 1141 386 horna

576 409 719 462 Fruge
738 409 889 459 Lares,
907 409 1127 464 avidaque
1147 423 1306 464 porca;

460 473 559 516 Nec
580 475 851 528 pestilentem
871 476 1033 516 sentiet
1052 474 1252 518 Africum
1651 478 1680 517 5

460 540 690 582 Foecunda
705 542 825 592 vitis,
845 555 927 584 nec
948 543 1140 583 sterilem
1159 555 1285 595 seges

512 606 791 660 Rubiginem,
813 614 890 650 aut
910 608 1062 650 dulces
1082 609 1246 650 alumni

575 673 802 716 Pomifero
824 687 954 728 grave
973 678 1148 730 tempus
1170 688 1299 717 anno.

233 789 332 822 Lares
349 789 520 830 placaveris
534 790 623 822 thure
637 794 667 822 et
682 791 1013 831 hornotiniesrugibus
1027 795 1118 832 atque
1132 801 1187 822 sue
1199 791 1286 823 edaci
1296 802 1309 829 ,·
1331 801 1426 833 neque
1440 791 1564 831 fertilis
1585 792 1676 824 vinea

232 834 407 872 experietur
423 833 566 871 Africum
587 833 804 872 perniciosum,
823 836 919 873 neque
942 835 1034 873 ιρὰ-ιε
1057 834 1234 872 rubiginem
1259 834 1438 866 sterilitatis
1460 844 1596 873 causum,
1620 845 1677 866 nec

232 875 333 906 teneri
337 875 437 914 soetm
451 875 577 906 noxiam
591 878 801 916 tempestatem
812 875 888 906 unni
900 879 991 916 parte
1006 875 1190 913 fructifera.
1233 876 1361 908 Etenim
1373 876 1473 908 hostia
1488 877 1564 908 Diis
1577 878 1678 908 doeti-

833 972 854 985 0

996 971 1056 984 000
1059 970 1078 982 0

232 1035 383 1077 Phyllide
397 1036 476 1069 Vet.
490 1037 673 1069 eumin-3
698 1037 806 1070 Codd.
829 1037 1001 1075 Torrentii
1016 1042 1053 1070 et
1069 1037 1161 1080 Lips.
1174 1040 1206 1070 1.
1220 1040 1252 1071 4.
1277 1041 1306 1070 et
1319 1041 1469 1070 orum—'1
1493 1037 1680 1078 Robigiuem

231 1077 379 1110 Blaudd.
394 1079 548 1120 Cruquii‚
569 1080 712 1112 Locher.
728 1081 844 1112 Bentl.
863 1081 1008 1121 Cuning.
1025 1081 1119 1122 Jani,
1134 1080 1275 1121 Bipont.
1291 1081 1428 1112 Mitsch.
1451 1084 1488 1112 et
1510 1081 1615 1113 Kidd.
1640 1086 1678 1113 et

230 1118 282 1150 ita
298 1120 383 1161 legit
397 1120 475 1153 Nic.
490 1120 651 1153 Heinsius
667 1122 710 1153 ad
724 1122 826 1153 Ovid.
842 1123 936 1154 Fast.
949 1132 1001 1155 iv.
1015 1126 1091 1155 907.
1127 1124 1206 1155 Vid.
1222 1123 1345 1155 Cellar.
1359 1123 1522 1163 Ortiiogr.
1538 1123 1613 1154 Lat.
1623 1123 1683 1154 ed.

231 1160 373 1195 Harles.
388 1166 471 1195 tom.
487 1171 512 1194 1.
528 1166 715 1205 p.3‹11.-8
737 1165 893 1204 Pomzferi
911 1175 1010 1206 grave
1035 1168 1156 1207 tempus
1175 1165 1250 1197 unni
1271 1165 1405 1197 emend.
1424 1164 1619 1197 Markland.
1634 1165 1678 1197 ad

884 1260 1028 1293 NOTAE

227 1327 324 1350 sacra
346 1319 450 1351 Lunae
475 1318 592 1353 facere
614 1321 709 1354 velut
733 1322 926 1363 plantarum
952 1321 956 1323 “

230 1369 344 1409 matri,
361 1370 487 1411 altrici,
503 1372 648 1402 custodi.

273 1418 420 1459 Phidyle]
433 1419 520 1450 Haec
537 1420 671 1451 videtur
686 1420 790 1453 fuisse
802 1423 926 1463 villica,

228 1476 290 1499 seu
326 1468 528 1500 Horatianae
563 1469 652 1501 villae
684 1472 900 1511 procuratrix
914 1483 923 1503 :

228 1517 392 1548 convenit
416 1526 551 1559 nomen,
579 1519 651 1550 sive
674 1520 847 1560 proprium
874 1520 926 1552 fu-

229 1566 306 1607 erit,
320 1576 380 1598 seu
394 1565 524 1599 factum
547 1567 591 1599 sit
606 1578 626 1599 a
641 1569 763 1602 Poeta.
784 1569 926 1611 φειδύλη,

224 1624 334 1656 parca,
349 1615 495 1655 Gallice,
508 1615 683 1656 menagere.

271 1667 291 1696 3
316 1664 431 1697 Hor-na
444 1665 569 1708 Fruge]
585 1666 674 1698 Vino
690 1666 745 1698 vel
755 1667 859 1708 spicis
869 1676 928 1700 no·

227 1713 327 1746 vellis
357 1717 460 1756 atque
486 1714 584 1755 hujus
607 1714 699 1747 anni.
742 1716 817 1747 Diis
835 1717 927 1748 enim

227 1763 396 1804 primitias
407 1768 444 1796 et
454 1765 545 1807 qnod
557 1774 681 1797 novum
693 1766 926 1809 optimumque

229 1810 344 1844 offerri
360 1823 494 1855 aequum
508 1818 574 1847 est.

270 1865 291 1894 4
314 1863 435 1905 Por-ca]
458 1864 535 1896 Hac
549 1868 671 1906 utpote
680 1863 841 1899 foecunda
854 1866 925 1907 pla-

227 1913 396 1946 cabantur
421 1915 481 1947 Dii
505 1915 611 1947 Lares
628 1920 666 1948 et
686 1916 867 1948 domestici
884 1916 926 1948 ad

227 1961 485 1996 foecunditatem
501 1963 640 1997 familiae
666 1975 707 1998 ac
722 1966 774 1998 rei
795 1965 928 1998 domes·

229 2010 308 2043 ticoe
326 2013 587 2053 impetrandam.

272 2063 291 2090 ⁵
302 2061 519 2094 Pestilentem
531 2063 693 2104 Africum]
705 2064 855 2096 Ventum
866 2064 928 2096 hu·

228 2108 355 2149 midum
367 2114 404 2141 et
416 2111 576 2151 calidum,
593 2113 749 2153 adeoque
764 2114 928 2154 pestilen-

230 2162 298 2189 tem
329 2162 367 2190 et
392 2159 529 2189 noxium
551 2159 704 2200 frugibus
734 2171 773 2193 ac
799 2162 926 2194 vitibus

227 2207 353 2239 Italiae.
387 2207 479 2239 Plin.
503 2215 546 2240 ιι.
568 2210 623 2239 47.
661 2209 717 2239 De
739 2218 780 2239 eo
799 2210 876 2249 jam
901 2220 927 2243 ι.

273 2308 294 2337 7
319 2304 525 2345 Ιέιώίς-ἱηεηι]
535 2305 628 2338 Gall.
642 2306 673 2337 la
682 2306 785 2346 nielle,
795 2315 862 2347 qua
877 2306 928 2337 ni·

229 2359 395 2396 grescunt
411 2355 514 2396 spicae
530 2358 568 2386 et
582 2355 812 2389 sterilescunt.
849 2355 928 2387 Ori-

229 2409 287 2437 tur
301 2414 345 2436 ex
360 2404 477 2445 pluvia
492 2404 547 2436 vel
562 2413 651 2444 rore,
665 2405 693 2436 si
710 2405 928 2447 quando-non

229 2456 374 2488 decussa
387 2455 519 2488 fuerint
533 2465 551 2486 e
570 2456 688 2496 spicis,
703 2456 763 2487 sed
779 2455 858 2488 Sole
873 2465 928 2487 su-

228 2505 452 2546 perveniente
462 2503 633 2536 calefacta
639 2508 928 2545 computrescant.

229 2554 288 2586 Ita
308 2553 475 2595 Scaliger.
501 2553 594 2585 Plin.
617 2562 730 2585 xvur.
751 2556 804 2586 1⁷.
827 2555 837 2572 ‘
852 2554 927 2586 Coe-

227 2604 316 2635 leste
324 2603 460 2644 frugum
470 2603 711 2644 vinearumque
723 2603 846 2635 malum
856 2603 928 2635 nul-

227 2654 262 2684 lo
288 2652 398 2684 minus
420 2653 559 2684 noxium
586 2657 640 2684 est
665 2652 800 2694 rubigo.
844 2653 926 2685 Fre-

229 2702 452 2744 quentissima
473 2704 548 2735 haec
577 2703 611 2734 in
642 2703 776 2735 roscido
799 2707 926 2744 tractu,

229 2751 519 2794 convallibusque,
535 2762 576 2785 ac
590 2751 770 2794 perflatum
787 2762 852 2786 non
867 2754 925 2786 ha-

978 1323 1148 1356 bentibus.
1194 1324 1224 1355 E
1245 1323 1381 1356 diverso
1402 1327 1523 1356 carent
1537 1333 1580 1356 ea
1595 1333 1677 1356 ven-

979 1377 1055 1404 tosa
1071 1378 1108 1404 et
1123 1373 1288 1405 excelsa!
1330 1375 1377 1405 Et
1390 1383 1468 1415 cap.
1484 1377 1537 1406 28.
1549 1374 1583 1405 in
1595 1373 1675 1406 fine.
1703 1368 1705 1370 ’

978 1421 1081 1453 ‘Alia
1107 1427 1187 1453 sunt
1215 1423 1317 1461 mala,
1347 1432 1423 1463 quae
1446 1423 1569 1454 silente
1591 1423 1676 1454 caelo

979 1470 1175 1511 serenisque
1192 1471 1349 1502 noctibus
1369 1470 1469 1506 fiunt,
1494 1471 1587 1503 nullo
1599 1481 1678 1503 sen-

978 1518 1087 1550 tiente
1109 1519 1175 1550 nisi
1191 1528 1266 1550 cum
1283 1519 1376 1552 facta
1395 1524 1474 1552 suut
1490 1542 1499 1552 .
1517 1543 1527 1552 .
1543 1542 1552 1552 .
1569 1541 1578 1550 .
1591 1520 1677 1553 Aliis

978 1569 1182 1609 rubiginem,
1208 1569 1284 1600 aliis
1304 1569 1493 1606 uredinem.
1516 1570 1591 1602 aliis
1606 1579 1680 1602 car-

979 1617 1161 1649 bunculum
1172 1618 1437 1658 appellantibus,
1447 1619 1603 1651 omnibus
1619 1629 1677 1651 ve-

978 1676 1017 1699 ro
1033 1667 1279 1699 sterilitatem:
1305 1666 1399 1699 Hine
1412 1667 1529 1699 Rome
1544 1668 1587 1700 ad
1601 1677 1677 1700 eam

980 1721 1114 1758 pestem
1129 1717 1352 1749 avertendam
1374 1715 1553 1748 colebatur
1574 1716 1680 1748 Rubi-

981 1776 1042 1808 gus
1070 1766 1185 1798 Deus:
1210 1770 1247 1798 et
1283 1765 1470 1806 agebantur
1499 1765 1680 1807 Rubigalia

979 1815 1070 1847 festa
1086 1816 1148 1848 sub
1159 1816 1262 1848 finem
1276 1815 1417 1857 Aprilis.
1461 1815 1554 1848 Pliu.
1567 1823 1680 1848 xvnr.

980 1868 1034 1897 29.
1051 1871 1061 1885 ⁴
1074 1865 1256 1907 Rubigalia
1271 1865 1385 1897 Numa
1397 1865 1576 1898 constituit
1590 1875 1679 1898 anno

980 1916 1076 1957 regni
1099 1916 1153 1948 sui
1182 1925 1225 1947 11.
1251 1926 1325 1957 quae
1353 1925 1441 1948 nunc
1464 1918 1612 1957 aguntur
1633 1915 1678 1947 ad

979 1973 1046 1997 vu.
1074 1964 1223 1997 Kalend.
1253 1964 1355 2005 Maii,
1382 1965 1564 2006 ‘quoniam
1594 1969 1678 1997 tunc

961 2013 1054 2051 ⁴fere
1079 2018 1228 2055 occupat
1255 2018 1392 2055 segetes
1418 2013 1560 2056 rubigo:
1586 2014 1678 2056 quod

979 2067 1115 2104 tempus
1130 2064 1241 2096 Varro
1255 2063 1463 2095 determinat
1482 2064 1562 2095 Sole
1575 2064 1679 2096 Tauri

980 2118 1115 2152 partem
1130 2111 1297 2144 decimam
1311 2111 1513 2145 obtinente!
1525 2113 1579 2144 Ex
1592 2112 1678 2144 Plu-

980 2162 1098 2194 tarcho
1114 2162 1243 2195 Quaest.
1256 2162 1415 2194 Natural.
1427 2165 1504 2203 post
1517 2161 1592 2193 init.
1607 2161 1677 2194 Ru-

981 2211 1061 2251 bigo
1091 2212 1325 2244 humescentia
1358 2216 1508 2252 occupat
1537 2211 1679 2244 semina.

980 2260 1070 2291 Vide
1090 2261 1314 2300 Theophrast.
1339 2260 1383 2292 de
1405 2260 1505 2292 Caus.
1519 2260 1677 2293 Plantar.

979 2316 1033 2338 lv.
1052 2310 1105 2339 15.
1122 2313 1158 2339 et
1174 2309 1269 2348 alibi,
1282 2311 1349 2340 &c.
1648 2349 1655 2353 p

1021 2357 1138 2388 Dulce-s
1151 2358 1285 2398 alumni]
1309 2358 1439 2389 Dulces
1462 2361 1499 2389 et
1522 2366 1618 2389 caros
1636 2357 1674 2388 fi-

977 2404 1042 2437 lios
1064 2405 1335 2446 interpretantur
1356 2405 1479 2446 aliqui:
1503 2406 1610 2446 magis
1624 2409 1675 2438 ta-

977 2464 1055 2486 men
1070 2454 1285 2495 intelligendi
1307 2454 1469 2485 videntur
1489 2454 1593 2486 catuli
1615 2464 1675 2496 pe·

979 2504 1114 2540 endum,
1130 2505 1219 2546 agui,
1241 2504 1403 2546 capreoli,
1425 2506 1488 2536 &c.
1512 2507 1552 2536 ut
1572 2514 1678 2546 supra

980 2553 1049 2586 Od.
1065 2562 1175 2586 xvur.
1191 2563 1242 2585 vs.
1255 2556 1288 2585 4.

1023 2606 1043 2635 8
1065 2602 1224 2641 Pomifero
1236 2612 1334 2642 grave
1344 2602 1565 2644 tempasanno]
1587 2603 1675 2636 Gra-

978 2661 1020 2683 ve
1037 2652 1265 2693 pestilensque
1279 2653 1414 2693 coelum,
1425 2651 1578 2694 adeoque
1588 2663 1675 2685 mor-

979 2701 1049 2742 bos,
1057 2701 1144 2733 haud
1157 2701 1307 2734 sentient
1317 2711 1437 2743 greges
1449 2711 1489 2734 ea
1499 2702 1578 2734 anni
1590 2706 1674 2735 tem-

979 2758 1124 2796 pestate,
1147 2763 1213 2795 qua
1234 2753 1367 2787 fructus
1379 2753 1594 2795 colliguntur,
1608 2754 1673 2786 sci-
