1916 3190
250 204 308 246 62
728 218 774 257 Q.
808 218 1020 250 HoRA'rn
1056 218 1230 250 rnAcci

422 311 650 353 Terrarum
673 312 872 354 dominos
893 313 1038 354 evehit
1061 313 1117 353 ad
1142 313 1281 354 Deos.

423 378 575 429 Hunc,
598 380 636 420 si
659 379 885 420 mobilium
908 380 1039 420 turba
1060 378 1303 429 Quiritium

421 445 572 488 Certat
590 446 846 499 tergeminis
867 446 1018 488 tollere
1039 446 1307 487 honoribus:

426 512 574 562 Illum,
595 513 633 554 si
655 512 832 567 proprio
854 511 1052 553 condidit
1072 511 1230 553 horreo

424 576 649 633 Quicquid
671 578 726 620 de
747 578 930 632 Libycis
949 577 1132 620 verritur
1153 578 1283 619 areis.
1651 580 1708 622 10

253 685 361 724 Hunc,
375 684 404 717 si
419 689 584 718 conventus
600 686 807 718 Romanorum
821 686 1064 718 inconstantium
1080 687 1223 718 certatim
1236 687 1336 719 evehit
1345 687 1387 718 ad
1400 687 1554 719 maximas
1567 687 1707 728 dignita·

253 732 299 760 tes
308 739 322 766 ‚·
340 728 440 770 illum,
453 729 482 760 si
495 730 650 769 congessit
663 730 698 761 in
711 738 801 760 suum
813 729 997 769 granarium
1012 729 1158 769 quicquid
1172 730 1335 770 colligitur
1346 739 1386 761 ex
1396 730 1479 762 areis
1493 729 1604 771 Libye
1611 740 1624 769 ,-
1632 739 1706 771 gee-

867 813 884 824 O
889 813 904 824 6
908 812 1001 825 “O'‘
1006 812 1103 825 ‘0090

255 866 369 907 picum
381 867 484 908 juvat
499 868 698 908 collegisse;
723 868 751 899 si
768 868 923 899 nimirum
939 873 976 900 et
1000 872 1093 900 meta
1107 868 1217 900 vitata
1241 866 1384 899 fervidis
1410 866 1510 907 rotis,
1535 870 1573 899 et
1595 867 1709 908 palma

255 909 380 940 nobilis
395 919 452 941 eos
467 909 509 940 ad
526 910 618 941 Deos
634 914 801 942 terrarum
817 910 969 942 dominos
986 910 1113 942 evehit.
1156 910 1325 942 Nimirum
1346 909 1513 950 scriptum
1527 908 1606 940 olim
1621 915 1710 950 erat,

251 951 411 991 neglecta
427 952 542 992 priore
557 952 670 991 litera,
693 953 707 983 i
729 953 844 992 vitata,
861 953 950 994 quod
975 962 1051 984 cum
1073 952 1167 984 nihili
1194 956 1300 988 esset,
1324 955 1492 983 mutatum
1515 951 1548 982 iu
1568 952 1710 991 Eoituta,

251 1003 327 1024 cum
344 993 456 1034 potius
479 993 517 1025 τὸ
531 993 558 1024 S
579 994 720 1035 appingi
746 994 801 1025 vei
824 995 949 1026 ascribi
964 993 1165 1026 debuisset.’
1207 994 1410 1034 Rutgersius
1425 997 1594 1034 punctum,
1611 994 1711 1034 ponit

252 1039 331 1075 post
345 1034 469 1075 nobilis,
488 1040 524 1067 et
540 1045 589 1066 vs.
606 1038 657 1067 10.
672 1039 749 1076 post
762 1036 866 1068 areis:
889 1035 978 1068 Edd.
994 1040 1082 1067 vett.
1098 1035 1173 1067 fere
1197 1044 1314 1067 omnes
1331 1040 1496 1076 punctum
1520 1039 1599 1074 post
1613 1035 1710 1075 Deos,

253 1078 353 1109 colon
370 1082 447 1118 post
461 1077 638 1116 honoribus,
655 1082 690 1109 et
705 1087 838 1109 comma
854 1083 932 1118 post
947 1078 1043 1114 areis,
1059 1082 1096 1108 et
1117 1077 1166 1108 ita
1181 1077 1384 1109 Giareauus.
1428 1076 1485 1109 Fr.
1502 1075 1629 1108 Hariua
1656 1086 1712 1109 ac·

252 1120 346 1151 cedit
362 1120 543 1151 sententiae
557 1129 688 1159 eorum,
699 1120 756 1161 qui
773 1125 938 1161 punctum
955 1119 1036 1160 poni
1051 1119 1170 1151 volunt
1185 1119 1227 1150 ad
1243 1128 1362 1151 vocem
1376 1118 1569 1150 nobilia—6
1593 1119 1710 1153 Benu.

253 1171 316 1202 pro
332 1161 445 1201 evehit,
460 1171 503 1193 ex
519 1163 719 1202 conjectura
740 1162 880 1202 scripsit
895 1162 1033 1200 evehere,
1051 1165 1159 1193 totum
1175 1161 1287 1193 locum
1303 1163 1354 1193 ita
1369 1161 1600 1193 constituens:
1625 1161 1712 1194 Sunt

251 1213 326 1244 quos
340 1214 368 1236 c.
383 1214 416 1244 p.
436 1204 476 1236 0.
495 1204 533 1235 C.
551 1204 660 1243 juvat,
675 1214 717 1236 m.
733 1204 846 1236 nobilis
863 1204 900 1235 T.
915 1205 949 1235 d.
966 1204 1093 1235 evehere
1106 1204 1146 1235 ad
1163 1203 1270 1235 Deos:
1293 1204 1402 1243 Hunc,
1423 1203 1454 1235 si
1467 1213 1509 1235 m.
1526 1206 1550 1234 t.
1568 1204 1611 1239 Q.
1628 1204 1666 1235 C.
1685 1207 1710 1236 t.

253 1249 279 1276 t.
294 1246 477 1278 honoribus.-
501 1246 612 1285 Illum,
627 1256 653 1277 ε.
663 1256 697 1286 p.
713 1257 739 1278 c.
757 1247 789 1278 Ιι.
807 1247 849 1283 Q.
861 1247 892 1277 d.
907 1246 948 1277 L.
963 1256 995 1278 v.
1010 1246 1105 1277 areis.
1131 1245 1339 1285 Gaudentem,
1353 1248 1407 1287 &a
1451 1245 1554 1277 Hanc
1569 1245 1709 1278 distinc-

255 1287 382 1320 tionem
405 1292 543 1320 servant
556 1289 700 1320 Wetzei.
724 1289 845 1320 Comb.
868 1286 1007 1320 Wakef.
1027 1291 1064 1319 et
1090 1286 1196 1327 Kidd,
1211 1289 1364 1328 quamvis
1380 1287 1499 1328 legant
1512 1287 1615 1319 evehit
1631 1297 1709 1319 cum

254 1331 408 1362 omnibus
426 1330 561 1371 scriptis
576 1335 611 1363 et
626 1331 770 1363 edd.—7
795 1330 902 1362 Brod.
921 1330 1022 1362 Gott.
1038 1339 1057 1361 a
1074 1340 1118 1362 m.
1135 1339 1187 1370 pr.
1205 1334 1243 1361 et
1259 1330 1342 1362 Exc.
1357 1330 1439 1362 Sax.
1455 1338 1544 1361 cum.
1562 1329 1660 1361 Harl.
1676 1332 1708 1362 2.

254 1375 286 1404 3.
302 1376 333 1404 5.
346 1376 379 1404 6.
392 1373 421 1404 si
436 1372 594 1405 nobilium.
615 1374 625 1391 ‘
637 1372 686 1405 At
699 1373 729 1405 εἰ
742 1373 903 1405 mobilium
918 1376 1013 1404 recte
1029 1372 1160 1403 habeut
1179 1371 1318 1413 codices
1334 1372 1551 1407 vetustiores,
1564 1377 1710 1413 quatuor

254 1415 428 1447 Biandinii
444 1415 535 1456 apud
548 1415 654 1457 Cruq.
668 1415 736 1447 duo
750 1415 841 1456 apud
858 1415 1097 1450 Pulmanuum,
1114 1414 1316 1445 Bersmanni
1338 1423 1436 1451 uuus,
1461 1419 1498 1445 et
1521 1422 1565 1445 ex
1583 1414 1708 1445 uostris

255 1457 374 1498 optimi
392 1457 488 1489 Leid.
500 1457 618 1489 Graev.
634 1462 671 1489 et
687 1467 749 1499 pro
766 1467 837 1489 var.
852 1458 933 1490 lect.
951 1456 1070 1488 eadem
1089 1462 1203 1488 tamen
1219 1465 1338 1496 mauu,
1351 1456 1462 1488 codex
1478 1456 1626 1497 Collegii
1641 1455 1710 1488 Re-

254 1499 366 1540 giuae3
388 1505 459 1532 tum
475 1500 577 1532 etiam
594 1505 691 1532 vetus
716 1498 946 1532 scholiastes?
970 1500 1145 1531 Reum-8
1169 1499 1277 1530 certet
1298 1498 1366 1530 duo
1393 1498 1493 1531 codd.
1508 1498 1710 1531 Bersmanni

902 1583 1042 1618 No'rAE

255 1648 396 1689 Pythia,
423 1648 600 1688 Nemeaea,
616 1649 759 1681 Isthmia
780 1649 957 1689 vicissent,

256 1698 374 1730 Graeci
388 1702 503 1730 tantos
518 1699 660 1730 bonores
673 1699 882 1740 tribuebant,
896 1699 907 1717 ‘
919 1703 958 1730 ut

255 1757 322 1780 uon
353 1747 453 1779 modo
476 1748 510 1779 in
532 1753 704 1780 conventu
727 1754 858 1781 stantes
881 1758 957 1780 cum

256 1797 369 1837 paima
384 1802 421 1828 et
436 1805 562 1828 corona
587 1796 717 1829 ferrent
736 1797 883 1838 landes,'
897 1797 959 1830 sed

256 1854 292 1878 et
303 1856 379 1878 cum
392 1851 650 1879 reverterentur
660 1848 694 1879 in
708 1858 786 1880 suas
798 1848 959 1881 civitates

257 1896 428 1937 quadrigis
471 1897 719 1937 triumphantes
758 1899 960 1931 inveheren-

259 1949 327 1984 tur,
355 1949 459 1985 atque
483 1945 709 1985 vectigalibus
725 1955 745 1977 a
766 1947 961 1986 Republica

258 1993 453 2026 constitutis
470 1994 575 2025 totius
587 1995 665 2025 vitae
682 1995 795 2035 spatio
805 1991 959 2027 frueren-

258 2048 327 2076 tur.
361 2043 449 2075 Haec
461 2042 596 2074 Vitruv.
612 2043 672 2074 lib.
683 2052 735 2075 tv.
770 2044 892 2075 Palma
903 2054 956 2076 ve-

259 2103 298 2126 ro
313 2093 446 2135 signum
461 2092 614 2125 victoriae
635 2094 758 2134 passim
780 2093 871 2134 apud
889 2103 958 2125 om-

259 2152 319 2175 nes
330 2143 504 2184 statuitur,
514 2152 558 2174 ex
568 2142 764 2180 Plutarcho.
775 2147 960 2184 propterea

261 2193 350 2235 quod
366 2203 407 2225 ea
428 2197 482 2224 est
502 2192 573 2234 ejus
588 2197 709 2224 natura
731 2192 828 2234 ligni,
851 2197 890 2225 ut
904 2202 959 2224 ur-

260 2243 420 2285 gentibus
453 2243 793 2284 opprimentibusque
822 2243 960 2275 minime

261 2293 374 2326 cedat.
418 2292 520 2326 Unde
542 2297 596 2325 est
616 2293 699 2325 illud
726 2292 855 2326 Alciati
879 2294 961 2335 Epi-

262 2352 434 2386 gramma:
455 2343 465 2361 ‘
480 2341 614 2377 Nititur
634 2343 668 2375 iu
690 2342 822 2384 pondus
838 2343 962 2385 palma,

262 2398 299 2426 et
313 2393 486 2435 consurgit
497 2394 533 2425 in
549 2394 676 2434 altum;
694 2394 839 2436 Quoque
855 2394 960 2435 magis

263 2443 439 2485 premitur,
452 2444 518 2476 hoc
538 2452 635 2485 mage
651 2443 741 2476 touit
754 2442 861 2476 onus!

306 2497 328 2526 6
351 2494 519 2526 Terrarum
555 2492 710 2534 minos]
751 2492 824 2525 Ista
857 2492 962 2525 verba

265 2543 402 2584 quidam
433 2543 606 2585 accipiunt
634 2543 679 2575 de
702 2543 877 2583 Romanis,
903 2542 962 2584 qui

263 2591 389 2624 fuerint
405 2593 549 2625 victores
565 2593 599 2624 in
616 2591 720 2625 Ludis
733 2591 963 2633 Circensibus,

264 2642 396 2675 scilicet
418 2643 463 2674 ob
490 2643 573 2675 illud
595 2643 745 2685 Virgilii,
770 2644 781 2661 ‘
795 2643 963 2675 Romanos

266 2701 379 2724 rerum
409 2692 560 2724 dominos
572 2693 593 2733 ;’
630 2693 781 2725 nonnulli
811 2692 965 2725 referunt

267 2741 310 2774 ad
332 2741 434 2774 vitam
458 2746 493 2775 et
516 2741 685 2775 fortunam
711 2742 963 2785 Olympionica-

1010 1658 1084 1680 rum
1110 1647 1354 1688 beatissimam,
1376 1657 1452 1690 quae
1472 1646 1558 1679 etin
1574 1655 1710 1688 prover-

1012 1697 1103 1729 bium
1134 1697 1234 1729 abiit.
1276 1697 1403 1729 Melius
1433 1700 1548 1728 tamen
1577 1696 1637 1727 alii
1668 1695 1711 1727 ad

1012 1747 1105 1788 ipsos
1121 1748 1216 1779 Deos
1228 1746 1322 1779 orbis
1334 1746 1574 1778 dominatores.

1057 1796 1173 1828 Eoehit
1187 1797 1229 1828 ad
1243 1796 1345 1837 Deon]
1367 1795 1422 1828 Ad
1436 1796 1590 1828 Deorum
1603 1794 1714 1829 felici·

1014 1850 1119 1878 tatem
1145 1846 1283 1878 videtur
1303 1846 1460 1878 evehere.
1503 1845 1596 1878 Hinc
1610 1850 1646 1878 et
1659 1855 1714 1879 xv.

1013 1897 1083 1929 Od.
1119 1899 1153 1929 2.
1176 1899 1229 1929 18.
1263 1897 1274 1915 ‘
1296 1896 1469 1930 coelestes’
1495 1896 1712 1938 appellantur
1755 1894 1762 1898 ”

1014 1945 1276 1986 Olympionicae.

1054 1999 1074 2027 7
1099 1995 1280 2036 Nobilium]
1311 1995 1460 2029 Quidam
1485 1996 1636 2029 nobilium
1664 1996 1715 2037 lq*

1013 2048 1117 2084 gunt:
1133 2048 1170 2076 at
1185 2043 1266 2075 illud
1283 2045 1494 2084 aptissimum
1511 2045 1627 2086 populi
1639 2044 1714 2086 epi·-

1013 2093 1157 2124 metum.
1203 2092 1389 2132 Quiritium,
1419 2102 1440 2124 a
1465 2093 1620 2130 Romulo,
1654 2094 1711 2135 qui

1014 2147 1092 2184 post
1108 2146 1251 2174 mortem
1273 2148 1309 2174 et
1322 2143 1533 2184 apotheosim
1548 2143 1711 2177 Quirinus

1014 2196 1166 2232 vocatus,
1181 2192 1334 2225 Quirites
1357 2193 1499 2225 Romani
1514 2197 1595 2225 sunt
1609 2193 1711 2226 dicti:

1012 2243 1022 2259 ‘
1039 2242 1117 2274 Sive
1149 2242 1239 2284 quod
1268 2243 1365 2274 hasta
1387 2243 1491 2285 quiris
1515 2243 1637 2285 priscis
1658 2248 1714 2276 est

1013 2291 1105 2324 dicta
1116 2291 1275 2324 Sabinis!
1319 2293 1421 2326 Ovid.
1435 2293 1526 2325 Fast.
1539 2302 1582 2326 11.
1593 2296 1670 2326 477.

1056 2344 1076 2373 8
1099 2341 1294 2382 Tergemini-3
1314 2342 1495 2383 honor-ibus]
1539 2342 1714 2385 Amplissi-

1012 2391 1088 2428 mis,
1099 2391 1304 2432 Tribunatu,
1318 2393 1512 2433 Quaestum,
1521 2391 1714 2433 AEdiiitnte,

1014 2440 1182 2481 Praetura,
1197 2441 1394 2482 Consulatu,
1410 2442 1576 2483 Censura,
1590 2441 1712 2475 Dicta-

1014 2495 1102 2523 tura.
1147 2489 1218 2524 Alii
1247 2491 1443 2533 intenigunt
1464 2491 1606 2523 iteratos
1635 2491 1712 2523 Ma·

1015 2542 1176 2583 giuti-atus
1188 2553 1199 2583 ς
1214 2542 1363 2574 nonnulli
1379 2542 1527 2574 sublatos
1539 2547 1576 2573 et
1588 2550 1713 2583 conge-

1015 2591 1158 2625 minatos
1186 2593 1324 2634 plausus
1354 2593 1388 2624 iu
1418 2592 1564 2628 theatro,
1594 2592 1712 2633 quales

1017 2642 1201 2674 Maeceuati
1230 2642 1421 2683 gratulatur
1444 2641 1607 2674 Horatius
1634 2642 1713 2675 Ode

1016 2695 1069 2724 20.
1084 2691 1183 2734 hujus
1194 2691 1285 2724 iibri.
