1910 3112
638 542 1211 598 SERENISSIMO

300 720 1476 800 ·DELPHINO.

194 1090 389 1148 Enseu
430 1105 600 1154 dextra,
637 1103 754 1145 laeva
791 1102 954 1144 librum
994 1107 1146 1143 tenens
1182 1099 1333 1143 Julius
1373 1101 1449 1143 ille
1497 1100 1644 1143 Divus

190 1171 416 1226 quondam
435 1171 483 1213 in
510 1169 772 1212 numismate
792 1168 934 1210 voluit
955 1166 1117 1221 effingi,
1137 1181 1236 1210 cum
1256 1169 1338 1211 hac
1362 1169 1615 1224 Epigraphe
1633 1181 1643 1211 :

190 1237 269 1281 Ex
292 1248 529 1288 u'rRoQuss
550 1235 748 1279 CAESAR.
787 1235 866 1277 Sic
882 1235 1034 1278 Roma
1048 1247 1180 1278 suum
1200 1236 1520 1292 Imperatorem
1539 1237 1646 1278 doc·

187 1308 283 1347 tum
301 1317 430 1359 aeque
449 1309 496 1346 et
508 1303 771 1346 bellicosum
790 1302 900 1344 ultro
919 1307 1124 1345 venerata
1141 1308 1224 1346 est.

245 1371 331 1422 Te,
350 1372 692 1414 Sssmzmssmss
719 1370 990 1421 Pan-icam,
1010 1370 1176 1421 Gallia,
1196 1370 1375 1426 Europa
1402 1374 1512 1421 tota,
1546 1371 1645 1425 pari

192 1438 343 1492 elogio
370 1439 621 1481 decoratum
651 1437 845 1490 salutat;
874 1451 1007 1492 quem
1040 1441 1085 1480 et
1118 1437 1319 1480 Minerva
1350 1438 1448 1479 suis
1478 1438 1647 1479 artibus

190 1505 394 1559 impense
414 1506 631 1556 excoluit,
647 1509 708 1546 -et
735 1505 913 1547 militari
944 1505 1084 1559 gloria
1104 1506 1307 1547 certatim
1328 1509 1519 1547 exornat
1544 1505 1650 1547 Pal-

191 1571 289 1624 lus3
317 1576 505 1627 utraque
526 1573 676 1615 lauros
696 1576 856 1627 sponte
876 1572 1079 1614 affundit.

222 1657 231 1667 -
250 1638 553 1693 Obmpes'cat
579 1646 688 1680 san'e
720 1638 973 1690 Germania,
1005 1641 1050 1681 in
1082 1652 1215 1693 quam
1246 1640 1390 1693 prima
1429 1651 1648 1680 armorum

191 1709 367 1748 tuorum
386 1706 569 1747 fulmina
587 1705 892 1755 detonuerunt,
914 1710 1039 1746 tanto
1058 1706 1233 1759 quidem
1249 1707 1442 1758 fragore,
1464 1710 1511 1745 ut
1530 1709 1648 1746 totus

194 1771 340 1813 adhuc
359 1772 544 1812 Rhenus
575 1772 898 1820 contremiscat,
919 1770 1087 1823 Aquila
1116 1783 1220 1811 vero
1239 1783 1409 1824 pavens
1429 1771 1551 1811 haud
1571 1783 1650 1811 vo-

194 1837 334 1879 latum
372 1841 546 1878 tentare
578 1837 720 1887 ausin
759 1837 895 1880 immo
926 1836 1072 1874 lucem
1106 1840 1162 1874 ac
1191 1834 1336 1874 solem
1377 1835 1542 1877 exinde
1580 1849 1650 1877 re·

193 1902 347 1956 fugiat.
471 1913 484 1917 ‘⁷
516 1908 523 1909 ’
652 1927 661 1932 ·

251 1965 371 2008 Hinc
400 1966 576 2008 attoniti
605 1965 816 2007 mirentur
844 1965 998 2009 hostes
1027 1967 1440 2023 Philippoburgum,
1461 1970 1650 2023 Mogun-

193 2035 318 2084 tiam,
334 2038 404 2078 tot
433 2033 547 2075 alias
574 2034 710 2075 urbes
740 2046 957 2089 arcesque
993 2037 1133 2089 probe
1165 2036 1355 2078 munitas
1387 2038 1511 2078 brevi
1541 2041 1649 2079 tem-

191 2101 316 2156 poris
354 2101 581 2142 intervallo
621 2105 666 2143 et
699 2114 838 2156 parvo
873 2108 1040 2144 conatu
1076 2108 1229 2157 raptas
1264 2108 1307 2146 et
1339 2110 1646 2158 expugnatas:

193 2169 300 2223 quin
318 2172 364 2209 et
381 2168 551 2224 hyemis
581 2174 627 2210 et
659 2170 871 2223 paludum
904 2175 948 2212 et
979 2170 1214 2212 fluviorum
1248 2171 1527 2214 difficultates
1552 2176 1645 2214 tam

192 2234 326 2293 facile
346 2236 504 2276 victas.
558 2235 653 2277 Vix
673 2242 793 2278 certe
814 2238 1048 2292 quisquam
1067 2243 1342 2292 posterorum
1374 2233 1531 2280 credat
1548 2239 1646 2281 haec

193 2313 292 2343 esse
330 2302 498 2344 militiae
535 2303 779 2346 rudimenta
822 2304 1056 2355 duntaxat,
1096 2309 1140 2346 et
1183 2306 1400 2359 quasdam
1439 2307 1560 2348 velut
1598 2307 1645 2347 in

194 2379 355 2424 campo
389 2368 554 2411 Martio
585 2371 876 2423 prolusiones.

250 2434 375 2485 Quid
414 2449 518 2477 vero
556 2437 675 2490 quod
715 2438 856 2479 altera
895 2438 1183 2492 expeditione
1217 2440 1646 2492 circumglomeratas

195 2501 394 2556 improbe
426 2504 737 2546 foederatorum
778 2505 935 2558 copias
975 2506 1041 2546 sic
1079 2504 1241 2547 Galliae
1276 2505 1436 2547 finibus
1464 2509 1646 2562 propul-

196 2569 321 2619 sasti,
350 2575 411 2626 ut,
430 2570 614 2612 hostiles
642 2572 774 2613 etiam
800 2573 998 2626 regiones
1024 2578 1254 2627 appetens,
1281 2574 1471 2627 propriis
1497 2587 1645 2617 eorum

196 2637 514 2678 commeatibus
552 2638 803 2691 opibusque
838 2640 1079 2680 exercitum
1112 2644 1235 2679 tuum
1269 2640 1444 2682 abunde
1472 2647 1644 2683 susten-

146 2751 149 2754 ,
197 2702 304 2742 taris
333 2701 573 2758 ditatisque
595 2717 707 2745 anno
732 2705 822 2747 sere
856 2706 1049 2758 integr03
1080 2707 1205 2760 ipsos
1232 2710 1374 2749 autem
1403 2708 1517 2749 fame
1538 2722 1644 2750 con—

268 2769 397 2818 'Delplu
421 2782 453 2810 et
473 2780 548 2811 ναν.
563 2780 648 2812 Che.
879 2781 997 2812 Horat.
1524 2786 1557 2816 A
