1916 3190
269 219 354 260 182
685 231 696 242 ·
746 233 790 271 Q.
822 233 1033 265 noRA'ru
1066 235 1240 266 FLAcci

442 313 567 366 Quid
585 314 828 356 Tiridatem
849 319 1024 367 terreat,
1048 318 1180 358 unice
1690 320 1718 360 5
1791 319 1818 343 ⁹

439 382 646 424 Securus.
707 382 747 423 Ο
770 396 872 436 quae
892 383 1091 425 fontibus
1111 383 1291 437 integris

495 448 889 503 Gaudes,·apricos
907 454 1031 491 necte
1051 449 1200 500 flores,

556 515 698 557 Necte
718 530 820 557 meo
844 517 1013 557 Lamiae
1036 530 1267 566 coronam,

441 581 647 636 Pimplea
667 583 835 625 dulcis:
867 585 924 624 nil
938 585 1041 640 ‘siue
1062 589 1106 625 te
1127 584 1214 624 mei

274 720 433 758 timeatur,
450 722 559 761 quidve
576 722 714 753 Tiridati
728 721 933 760 formidinem
948 723 1094 753 incutiat.
1141 723 1172 753 Ο
1184 722 1327 762 Pimplea
1340 724 1457 765 suam,
1474 733 1542 765 quoe
1553 725 1725 765 purisfon-

276 763 356 794 tibus
379 764 555 806 delectaris,
570 765 691 805 apricos
710 764 809 805 flores
830 765 955 806 colliga,
978 765 1123 796 corollam
1150 768 1220 796 texe
1236 775 1301 796 meo
1315 765 1446 798 Lamioe.
1489 766 1614 808 Absque
1630 772 1661 800 te
1674 768 1724 799 m*-

892 846 1133 860 etune-ermon

277 903 424 931 vem—4
449 899 589 931 Ascens.
604 905 639 931 et
657 901 791 932 Bonfin.
805 909 869 931 oroe
884 904 915 931 et
933 901 1029 938 Quid,
1043 902 1161 940 &stu—5
1185 902 1195 919 ‘
1209 901 1430 934 Mithridatem
1445 902 1581 943 quidam
1605 904 1725 936 Lamb.

275 942 482 982 nummum,
497 943 553 973 hb.
572 947 640 973 vet.
655 942 806 973 Turneb.
822 942 911 973 Adv.
928 951 1032 973 xxvr.
1046 946 1099 973 36.
1115 944 1168 983 [et
1183 944 1340 983 Venett,]
1374 945 1419 975 Et
1436 946 1485 976 sic
1500 945 1579 976 ded.
1595 946 1726 977 Bersm.

275 984 338 1016 Ro.
353 984 472 1024 Steph.
515 984 583 1015 Sed
599 993 709 1024 neque
726 984 769 1014 de
791 994 916 1023 magno
932 985 990 1015 illo
1005 984 1221 1020 Mithridate,
1238 985 1341 1016 Ponti
1357 986 1397 1017 R.
1414 986 1486 1026 jam
1513 996 1531 1017 a
1560 987 1727 1027 Pompeio

274 1025 381 1062 victo,
395 1034 505 1066 neque
518 1025 560 1056 de
575 1026 793 1063 Mithridate,
810 1025 981 1056 Armeniae
999 1035 1094 1065 rege,
1113 1027 1170 1067 qui
1187 1027 1320 1057 demum
1335 1027 1398 1058 sub
1413 1028 1550 1060 Tiberio
1565 1029 1729 1068 innotuit,

276 1077 387 1109 neque
403 1068 551 1108 denique
569 1068 611 1098 de
623 1068 840 1103 Mithridate,
855 1077 936 1107 rege
947 1068 1164 1104 Parthorum,
1177 1074 1257 1099 ante
1271 1069 1404 1100 cladem
1415 1069 1530 1101 Crassi
1541 1071 1612 1112 jam
1624 1072 1730 1103 truci-

278 1110 372 1150 dato,
385 1110 530 1144 cogitari
547 1110 602 1141 hic
619 1114 746 1150 potest.
792 1110 1022 1141 Mithradatem
1035 1110 1118 1141 edit.
1132 1111 1268 1141 Rouillii
1288 1110 1395 1152 Lugd.
1411 1114 1506 1143 1559.
1522 1118 1557 1144 et
1571 1114 1730 1155 quaedam

278 1152 367 1188 aliae,
393 1153 524 1184 solenni
551 1153 728 1183 varietate.
772 1152 966 1193 Tyridatem,
996 1151 1181 1194 Tiridatem,
1207 1153 1407 1194 Tyradntem,
1432 1154 1617 1196 Tyr-idaten,
1647 1156 1731 1188 Tin·-

277 1196 384 1231 duten,
403 1195 602 1226 varietates.
647 1194 789 1235 Optime
806 1201 890 1235 puto
906 1194 1010 1225 scribi
1029 1195 1208 1236 Teridaten,
1230 1194 1413 1236 Τηριδάτην,
1434 1202 1473 1227 ut
1489 1202 1541 1228 est
1555 1207 1611 1238 ap.
1627 1198 1732 1230 Dion.

278 1236 326 1267 Et
341 1237 390 1268 sic
402 1238 442 1269 Τ.
459 1237 581 1268 Faber.
597 1242 631 1267 et
649 1236 787 1268 Dacer.’
810 1237 901 1268 sani.
946 1237 1150 1268 Metridatem
1166 1237 1264 1268 Harl.
1281 1241 1312 1269 2.
1358 1239 1439 1275 Quis
1456 1239 1625 1272 stridentem
1641 1240 1731 1282 conj.
1753 1238 1756 1241 ’
1815 1274 1818 1275 ⁷

278 1279 415 1311 Marcii.
443 1279 587 1311 Ascens.
599 1283 635 1310 et
647 1280 764 1320 Steph.
782 1282 900 1310 terreat
915 1279 1019 1320 unice,
1029 1278 1238 1311 Securum—9
1252 1281 1261 1297 ‘
1275 1280 1463 1321 Piplea‚ve1
1475 1282 1618 1323 Pimplea
1630 1283 1731 1324 vulgo
1753 1268 1821 1304 s

930 1363 1068 1406 NOTAE

279 1426 371 1457 Ursa
392 1427 507 1468 Major
537 1431 573 1459 et
598 1427 726 1469 Minor,
751 1436 833 1469 quas
861 1427 979 1459 Graeci

281 1476 412 1516 ἄρκτους
443 1483 653 1518 nuncupant.
710 1478 764 1510 Ab
791 1478 844 1509 his
875 1478 979 1509 Polus

279 1526 444 1558 Areticus
465 1527 606 1569 dicitur,
632 1537 672 1559 ea
695 1537 772 1569 pars
792 1528 881 1559 orbis
905 1537 979 1568 quae

282 1577 338 1609 axi
351 1583 389 1609 et
401 1577 563 1619 Aquiloni
578 1579 767 1620 propinqua
780 1584 844 1610 est.
875 1578 979 1609 Ovid.

281 1628 378 1659 Fast.
401 1637 457 1659 111.
479 1630 553 1659 107.
586 1627 597 1644 ‘
615 1629 699 1659 Esse
732 1628 817 1659 duas
845 1627 983 1666 Arctos,

282 1686 425 1717 quarum
451 1677 631 1718 Cynosura
656 1681 796 1719 petatur
823 1677 984 1717 Sidoniis,

283 1726 434 1758 Helicen
448 1727 556 1759 Graia
571 1728 688 1759 carina
703 1732 800 1759 notet
811 1727 835 1758 ,θ’
862 1737 884 1760 a

326 1779 347 1807 4
364 1776 487 1808 Gelidoe
501 1776 579 1817 oroe]
601 1776 656 1808 Ad
674 1782 855 1818 utrumque
871 1777 983 1816 polum

284 1826 407 1857 saevire
422 1826 530 1867 frigus
548 1836 648 1858 nemo
663 1827 784 1859 nescit.
829 1826 883 1858 Ad
902 1826 988 1858 Arc-

284 1875 405 1914 ticum,
441 1885 535 1907 mare
569 1877 788 1917 congelatum
820 1886 879 1907 seu
915 1877 986 1917 gla-

286 1925 387 1965 ciale,
420 1925 510 1965 quod
535 1926 612 1956 anni
636 1933 736 1966 parte
759 1927 905 1957 maxima
932 1936 988 1966 ge-

285 1975 321 2004 lu
356 1978 552 2005 concretum
586 1975 643 2015 sit,
683 1975 840 2005 omnibns
870 1974 988 2005 auditu

287 2022 407 2054 saltem
436 2023 622 2062 cognitum.
667 2023 757 2054 Vide
781 2023 865 2054 Not.
888 2018 990 2062 supra

290 2071 359 2104 Od.
377 2080 472 2103 xxu.
491 2081 538 2102 vs.
551 2075 602 2103 17.
616 2076 652 2103 et
668 2082 738 2113 seq.
771 2073 885 2102 Terroe
903 2071 988 2102 Arc-

290 2122 370 2153 ticae
387 2130 504 2152 versus
518 2121 664 2152 Boream
681 2125 759 2152 sunt
776 2120 990 2160 Spstzberga,

291 2171 534 2211 Gronelandia,
551 2171 651 2202 Nova
667 2170 795 2210 Dania,
809 2170 993 2201 Estotilau-

292 2220 362 2264 dia,
377 2224 443 2253 διο.
488 2221 562 2252 Has
578 2230 658 2252 vero
674 2220 809 2252 omniuo
828 2219 992 2250 Boreales

291 2280 361 2302 non
375 2270 509 2302 videtur
523 2270 679 2302 habuisse
697 2270 732 2301 in
753 2269 865 2301 animo
883 2269 991 2300 Hora-

293 2323 384 2362 tius;
399 2322 458 2353 sed
475 2322 587 2362 potius
603 2321 711 2362 magis
725 2321 874 2361 cognitas
886 2320 991 2360 ipsius

293 2382 382 2412 aevo,
397 2375 434 2404 et
448 2372 547 2412 paulo
563 2372 669 2402 minus
680 2370 993 2411 Septemtrionales,

296 2431 421 2463 nempe
432 2421 659 2463 Britanniam,
675 2421 839 2461 Scotiam‚
853 2420 994 2453 Germa-

297 2473 401 2510 niam,
416 2471 577 2510 Daciam,
590 2472 781 2512 Scythiam,
795 2474 860 2503 διο.

342 2520 524 2560 Metuutur]
536 2521 687 2562 Respicit
698 2520 847 2553 fortasse
857 2520 899 2552 ad
913 2520 996 2552 duas

300 2571 414 2603 clades
426 2572 459 2602 in
472 2571 659 2603 Germania
671 2576 852 2612 acceptas;
868 2570 912 2602 de
925 2570 998 2612 qui-

300 2621 364 2652 bus
378 2621 519 2652 Sueten.
536 2621 665 2653 octav.
680 2631 710 2653 c.
727 2623 781 2652 23.

344 2673 363 2700 5
384 2669 469 2704 Quid
487 2670 659 2702 Tiridatem
674 2671 806 2712 terreat]
825 2670 873 2711 Is,
888 2669 1000 2712 ejecto

301 2720 337 2752 iu
360 2720 497 2752 exilium
523 2720 670 2753 Phraate
692 2721 893 2753 Parthorum
909 2729 1003 2761 rege,

1033 1427 1222 1460 nobilitatis
1249 1428 1397 1460 unanimi
1421 1428 1674 1469 conspiratione
1696 1428 1731 1460 iu

1034 1479 1145 1509 locum
1158 1478 1228 1519 ejus
1241 1477 1354 1509 fuerat
1366 1478 1588 1518 subrogatus:
1603 1482 1640 1510 at
1654 1487 1731 1511 cum

1034 1527 1185 1559 audisset
1211 1528 1355 1559 maximo
1377 1527 1582 1569 Scytharum
1607 1529 1735 1560 auxilio

1035 1576 1220 1608 Phraatem
1244 1577 1361 1618 juvari
1386 1577 1428 1608 ad
1463 1578 1733 1619 recuperandum

1036 1625 1227 1668 imperium,
1250 1628 1298 1658 ita
1321 1627 1527 1668 perterritus
1553 1632 1608 1660 est
1627 1632 1667 1660 ut
1690 1627 1735 1659 ad

1038 1675 1227 1716 Augustum
1267 1677 1387 1708 relicta
1422 1677 1560 1710 Parthia
1597 1677 1736 1718 fugerit.

1039 1725 1125 1756 Haec
1140 1724 1213 1756 fuse
1227 1725 1250 1757 J
1254 1725 1355 1758 nstin.
1369 1725 1428 1758 lib.
1439 1734 1530 1759 xut.
1545 1726 1609 1758 sub
1625 1724 1738 1759 finem.

1039 1774 1106 1805 Dio
1121 1775 1180 1806 lib.
1194 1783 1241 1807 m.
1256 1779 1291 1806 et
1305 1784 1368 1807 ιιι.
1383 1776 1562 1809 Plutarch.
1579 1777 1612 1808 in
1629 1776 1739 1809 Auto-

1040 1826 1109 1867 nio,
1125 1827 1191 1857 &c.

1088 1876 1187 1908 Unice
1201 1875 1352 1917 Secum]
1368 1875 1515 1909 Quidam
1529 1885 1658 1916 vocem,
1670 1876 1739 1908 uui-

1040 1936 1086 1967 ce,
1110 1925 1266 1958 referunt
1288 1925 1330 1957 ad
1356 1925 1497 1958 verbum
1524 1928 1662 1958 terreat.-
1683 1925 1740 1957 alii

1034 1975 1184 2015 jungunt
1208 1984 1285 2006 cum
1314 1974 1377 2005 hac
1407 1984 1506 2016 voce,
1529 1974 1683 2007 Secum:
1705 1974 1739 2006 id

1043 2028 1108 2062 est,
1119 2024 1340 2063 singulariter
1351 2033 1414 2064 ego
1428 2028 1464 2055 et
1475 2025 1622 2057 maxime
1634 2024 1742 2066 abJeci

1044 2080 1184 2111 magnas
1208 2080 1307 2102 curas
1334 2072 1376 2102 de
1399 2073 1604 2113 Republica,
1618 2079 1656 2106 et
1676 2075 1744 2106 Im-

1045 2120 1148 2161 periis
1174 2125 1369 2151 exterarum
1391 2121 1556 2161 gentium,
1570 2126 1610 2153 ut
1632 2123 1742 2154 Musis

1046 2179 1173 2201 vacem.

1088 2221 1109 2249 6
1134 2219 1164 2248 Ο
1188 2227 1258 2258 quoe
1275 2217 1421 2256 fontibus
1444 2218 1580 2259 integris
1604 2219 1744 2262 Gaudes,

1042 2268 1113 2309 ξω]
1129 2268 1160 2300 Ο
1177 2269 1289 2307 Musa,
1302 2273 1396 2300 tuum
1412 2273 1467 2300 est
1478 2270 1617 2302 laudare
1632 2280 1744 2303 meum

1046 2317 1193 2355 Lamiam
1205 2329 1214 2357 ;
1239 2327 1330 2350 meos
1344 2324 1485 2350 conatus
1498 2329 1616 2360 parum
1630 2322 1744 2354 valere

1045 2367 1224 2408 iutellig03
1258 2368 1365 2399 virum
1393 2369 1574 2401 immortali
1605 2370 1745 2412 dignum

1046 2416 1174 2448 honore
1190 2425 1210 2447 a
1226 2420 1260 2447 te
1276 2417 1443 2448 celebrari
1458 2419 1628 2451 convenit.
1654 2421 1746 2462 Ergo

1049 2466 1141 2508 quod
1163 2466 1242 2497 mihi
1267 2466 1465 2508 imprudens
1488 2478 1688 2510 sumseram,
1709 2478 1748 2503 tu

1050 2515 1112 2548 tibi
1128 2525 1276 2547 assumas
1287 2526 1421 2557 aequum
1437 2521 1502 2549 est.

1094 2568 1114 2598 7
1137 2565 1270 2606 apricos
1284 2569 1370 2598 necte
1385 2566 1503 2607 flores]
1526 2567 1640 2600 Necte
1653 2577 1749 2601 coro-

1053 2625 1123 2648 ram
1153 2626 1197 2648 ex
1227 2616 1364 2657 optimis
1393 2615 1533 2648 floribus
1561 2617 1594 2648 in
1630 2618 1749 2659 aprico

1052 2665 1283 2706 nascentibus,
1297 2665 1420 2707 quibus
1443 2675 1587 2698 exornes
1603 2676 1666 2708 pro
1681 2676 1749 2699 me-

1053 2716 1127 2748 ritis
1143 2725 1254 2748 meum
1270 2716 1415 2748 amicum
1428 2716 1549 2749 AElium
1566 2717 1728 2750 Lamiam.
