1916 3190
230 292 234 295 ἢ
267 238 352 280 468
745 250 788 288 Q.
820 248 1028 280 HoRA‘rn
1063 247 1238 279 susem

495 341 673 393 Quanto
694 343 882 396 quisque
903 342 986 383 sibi
1007 342 1134 395 plura
1153 342 1390 395 negaverit,

494 408 538 449 A
559 409 644 450 Dis
666 409 790 462 plura
808 409 931 450 seret.
991 407 1069 449 Nil
1090 408 1359 462 cupientium

497 475 659 517 Nudus
678 479 820 515 castra
841 479 967 528 peto;
992 479 1038 515 et
1057 474 1284 528 transfuga
1303 474 1484 516 divitum

666 541 824 582 Partes
843 541 1038 594 linquere
1058 540 1215 593 gestio,

496 606 740 649 Contemtae
762 607 959 648 dominus
979 606 1248 660 splendidior
1267 606 1345 656 rei,

497 672 643 723 Quam
662 674 714 725 si,
736 673 950 727 quicquid
971 677 1066 715 arat
1084 673 1268 727 impiger
1288 672 1477 726 Apulus,

1654 607 1711 648 25

269 795 345 824 gere
360 787 447 818 valde
459 787 660 827 splendidum.
699 789 769 824 Quo
783 788 899 828 nmjora
911 788 972 819 sibi
986 788 1111 829 quisque
1125 789 1288 825 ademerit,
1303 798 1337 820 eo
1351 787 1501 829 ampliora
1515 789 1712 826 consequetur

270 838 291 858 α
306 829 507 860 Numinibus.
552 830 676 870 Pauper
701 834 824 861 transeo
848 831 889 862 ad
909 834 1015 872 partes
1039 831 1120 862 nihil
1140 831 1367 871 appetentium5
1387 837 1479 870 atque
1500 830 1711 870 opulentorum

270 873 372 902 castra
378 870 539 911 fugitivus
552 873 690 904 deserere
703 873 826 903 exulto.-
841 872 985 903 bonorum
999 876 1173 912 spretorum
1184 882 1339 913 possessor
1351 873 1454 911 magis
1465 871 1611 910 illumi-is,
1621 879 1712 910 quom

267 912 296 943 si
310 913 387 944 meis
409 914 571 953 granariis
590 915 749 946 conderem
768 915 803 945 id
825 923 911 945 omne
931 916 1012 954 quod
1034 915 1109 945 colit
1134 914 1255 954 Apulus
1275 913 1442 946 laboriosus
1455 924 1481 952 ,·-
1498 923 1555 954 ego
1582 912 1710 945 interim

877 1004 1114 1018 000000000000

274 1068 456 1101 convenit!
476 1070 652 1102 Jani.—22
673 1069 724 1101 Ab
739 1069 803 1100 Dis
818 1068 917 1101 Harl.
928 1071 961 1100 2.
985 1078 1099 1100 omnes
1114 1068 1188 1101 fere
1202 1069 1363 1110 Bentleii,
1384 1074 1517 1111 septem
1541 1069 1642 1102 codd.
1655 1080 1713 1111 ap.

275 1111 418 1152 Cuning.
434 1111 579 1143 Mentel.
596 1111 689 1152 Lips.
705 1115 735 1143 1.
751 1114 783 1143 2.
798 1111 936 1143 Venett.
952 1113 1047 1143 1477.
1061 1114 1156 1143 1478.
1172 1114 1267 1144 1479.
1280 1112 1422 1144 Vascos.
1438 1112 1553 1144 Bentl.
1569 1112 1715 1152 Cuning.

274 1153 396 1184 Sanad.
411 1153 504 1194 Jani,
516 1154 655 1194 Bipont.
669 1158 704 1184 et
719 1154 860 1185 Mitsch.
901 1153 932 1185 A
948 1153 1013 1185 Dis
1025 1154 1136 1194 vulgg.
1160 1154 1170 1171 ‘
1182 1154 1261 1186 Non
1275 1153 1426 1193 dubium,
1441 1155 1522 1195 quin
1545 1159 1583 1185 et
1603 1154 1716 1186 ceteri

274 1196 424 1226 editores
439 1196 501 1227 hoc
516 1195 568 1226 Ab
583 1196 617 1226 in
633 1195 735 1227 codd.
757 1200 931 1236 repertum
946 1195 1183 1237 neglexerint!
1204 1196 1295 1227 Jam‘.
1341 1197 1433 1237 Lips.
1449 1198 1482 1229 1.
1503 1197 1595 1237 plura
1605 1197 1717 1235 refert.

273 1239 360 1268 —25
386 1237 546 1269 Contentae
566 1236 737 1279 Acronem
753 1238 875 1278 legisse
898 1238 1064 1278 colligunt
1079 1247 1123 1268 ex
1138 1238 1212 1279 ejus
1228 1242 1329 1269 nota:
1351 1238 1363 1256 ‘
1372 1239 1405 1270 h.
1419 1247 1450 1270 e.
1463 1238 1661 1279 compositae
1677 1242 1716 1270 et

274 1279 476 1312 mediocris.'
520 1280 623 1311 Certe
639 1281 689 1311 sic
711 1279 794 1311 Mss.
834 1279 957 1319 uidam,
980 1285 1019 1312 ut
1033 1280 1212 1311 Pnimanni
1229 1280 1359 1312 Diesth.
1375 1280 1443 1312 duo
1456 1281 1614 1312 Torreut.
1629 1289 1716 1312 unus

274 1321 408 1353 Bersm.
423 1322 539 1353 Bentl.
556 1322 675 1362 Regin.
691 1332 710 1352 a
725 1331 769 1353 m.
785 1332 813 1354 s.
865 1331 928 1354 ess.
942 1325 974 1353 2.
1018 1322 1151 1354 Probat
1165 1326 1202 1353 et
1225 1322 1361 1354 Canter.
1380 1323 1469 1356 Nov.
1485 1323 1598 1355 Lectt.
1615 1331 1668 1354 ιν.
1682 1324 1716 1354 2.

273 1362 357 1394 item
380 1372 446 1395 non
471 1363 632 1404 displicet
653 1364 757 1404 Cruq.
774 1373 815 1395 ac
838 1365 995 1395 Torrent.
1016 1365 1026 1381 ‘
1039 1364 1107 1396 Sed
1122 1374 1338 1406 quocumque
1362 1365 1461 1396 modo
1481 1364 1644 1405 accipias,
1667 1373 1718 1396 ree

273 1407 419 1436 contenta
433 1405 547 1436 Latini
562 1405 724 1436 sermonis
741 1406 812 1436 usui
828 1415 966 1446 prorsus
983 1410 1164 1446 repugnat.
1203 1407 1348 1447 Praestat
1363 1406 1512 1437 omnium
1524 1411 1718 1437 ceterorum

275 1445 378 1477 codd.
394 1449 430 1478 et
453 1446 554 1478 editt.
570 1450 653 1477 vett.
672 1446 771 1477 lectio
787 1446 970 1477 contemtaess
991 1447 1083 1479 Jani.
1130 1448 1301 1479 Contemtae
1315 1447 1413 1479 Gott.
1428 1448 1528 1478 Harl.
1545 1451 1575 1478 l.
1588 1450 1622 1479 2.
1637 1450 1669 1478 8.
1679 1449 1715 1479 4.

275 1491 306 1518 5.
323 1490 355 1519 6.
378 1492 447 1519 tres
462 1488 604 1519 Mediol.
625 1488 766 1519 Venett.
781 1490 877 1519 1477.
891 1490 985 1519 1478.
1001 1491 1096 1520 1479.
1112 1491 1207 1520 1486.
1232 1489 1375 1521 Locher.
1389 1489 1433 1520 al.
1457 1489 1619 1520 Contenta
1634 1489 1717 1522 Vet.

275 1529 478 1561 Comb.—26
502 1530 607 1561 Pauci
620 1529 722 1560 codd.
737 1534 776 1561 ut
792 1530 862 1561 Alt.
876 1528 906 1561 1.
922 1530 1012 1570 Lips.
1024 1533 1056 1561 3.
1073 1540 1136 1570 pro
1152 1540 1183 1561 v.
1199 1530 1221 1562 l.
1236 1530 1369 1571 Lips.4.
1385 1530 1528 1562 Locher.
1543 1535 1580 1562 et
1595 1531 1718 1563 Venet.

275 1573 371 1602 1492.
392 1580 454 1602 non
465 1571 581 1610 piger-,-
603 1571 693 1602 uude
717 1571 752 1601 in
779 1572 893 1611 plures
918 1571 998 1602 edd.
1016 1572 1128 1610 venit3
1150 1581 1226 1602 nam
1249 1572 1299 1602 sic
1320 1572 1438 1603 Basill.
1452 1573 1580 1604 Muret.
1595 1572 1717 1613 Steph.

275 1612 315 1643 Τ.
331 1612 413 1643 Fab.
430 1613 588 1653 Rutgers.
613 1612 658 1644 G.
684 1612 784 1643 Fabr.
807 1613 933 1644 Dacer.
952 1613 1066 1645 Jones.
1080 1613 1204 1654 Sanad.
1219 1613 1352 1645 Talbot.
1377 1618 1414 1644 et
1430 1614 1528 1648 Pine.
1569 1614 1636 1645 Sed
1657 1615 1716 1646 im-

273 1654 367 1694 piger
381 1654 494 1686 Schol.
509 1654 687 1686 duodecim
709 1653 879 1694 Lambini,
893 1663 1009 1686 omnes
1022 1654 1173 1696 Cruquii,
1185 1655 1367 1696 Torrentii,
1382 1655 1544 1697 Bentleii,
1554 1657 1715 1688 Pulmau-

930 1750 962 1781 N
967 1750 1071 1782 01⁸AE

319 1805 360 1834 21
386 1803 511 1839 Quanto
525 1803 651 1844 quisque
664 1803 725 1835 sibi
740 1804 833 1844 plura
843 1812 973 1843 negave-
1026 1803 1154 1839 orbem,
1170 1802 1337 1834 Passurus
1353 1802 1458 1843 gestis
1479 1802 1644 1845 oequanda
1659 1811 1718 1844 pe-

277 1851 340 1893 ric]
365 1852 502 1884 Quanto
518 1852 886 1894 paucioribusquisque
899 1851 973 1884 fue·
1027 1852 1135 1884 ricula
1150 1850 1276 1884 rebus!

277 1901 323 1933 rit
336 1906 531 1942 contentus,
545 1901 686 1934 infinitae
701 1902 881 1944 cupiditati
896 1901 974 1934 frae-

278 1960 359 1982 num
383 1952 554 1992 injiciens,
575 1962 774 1994 negansque
797 1953 974 1984 ambitioni

279 2000 369 2040 quod
395 2001 499 2041 petit,
522 2006 618 2033 tauto
641 2002 739 2042 plura
762 2001 931 2033 obtinebit
955 2010 976 2032 a

279 2048 372 2080 Diis.
394 2049 628 2091 Interrogatus
639 2051 807 2091 Epicurus
820 2060 885 2092 quo
897 2051 976 2091 pae-

280 2100 317 2128 to
344 2097 420 2138 quis
447 2098 645 2138 ditesceret,
668 2100 869 2140 respondit:
895 2100 974 2132 Non

280 2147 437 2189 pecuniae
451 2157 523 2179 suae
538 2157 727 2190 apponens,
740 2150 798 2180 sed
811 2151 919 2182 multa
931 2150 975 2182 de

280 2195 382 2227 rebus
410 2195 608 2229 necessariis
638 2202 828 2236 amputans.
879 2199 975 2230 Stob.

282 2245 391 2276 Serm-
403 2247 458 2276 39.

326 2296 368 2325 22
392 2295 452 2325 Nil
465 2294 652 2335 cupientium
672 2294 785 2326 Nudus
807 2297 911 2325 castra
923 2304 976 2334 pe-

283 2347 326 2379 to,
338 2343 408 2384 ξω]
443 2344 538 2375 Malo
550 2344 631 2375 nihil
645 2343 781 2388 habere,
795 2353 856 2375 seu
870 2344 976 2375 omni-

284 2393 345 2424 bus
361 2392 494 2430 nudari,
504 2397 541 2425 et
555 2393 638 2425 nihil
651 2402 800 2434 cupere;
814 2402 911 2435 quam
927 2393 976 2424 di-

284 2451 344 2473 ves
374 2451 449 2474 esse
478 2448 515 2475 et
544 2442 708 2475 solicitus.
761 2443 976 2476 Democritus

285 2491 399 2522 aiebat
413 2502 422 2524 :
440 2492 450 2509 ‘
459 2492 495 2523 Si
506 2493 612 2526 multa
620 2502 688 2524 uon
699 2492 887 2533 desideres,
897 2502 977 2534 pau·

285 2550 327 2572 ca
342 2541 405 2572 tibi
421 2542 527 2573 multa
543 2542 769 2575 videbuntur:
819 2542 977 2576 Juvenal.

286 2590 358 2622 Sat.
386 2598 461 2621 xiv.
490 2594 566 2623 311.
599 2592 609 2609 ‘
632 2591 746 2622 Sensit
778 2590 981 2632 Alexander,

288 2643 381 2670 testa
395 2649 471 2671 cum
488 2640 571 2672 vidit
586 2640 620 2671 in
635 2641 693 2671 illa
708 2641 870 2682 Magnum
885 2641 979 2672 habi-

289 2683 451 2725 tatorem,
473 2693 601 2731 quanto
625 2689 756 2722 felicior
776 2691 830 2722 hic
849 2691 903 2732 qni
922 2689 980 2722 Nil

289 2742 442 2778 cuperet,
452 2748 551 2780 quam
561 2739 619 2782 qui
632 2743 738 2772 totum
748 2740 812 2772 sibi
823 2743 980 2781 posceret

1069 1903 1111 1932 23
1136 1899 1314 1940 Transfuga
1347 1901 1480 1932 divitum
1507 1901 1623 1933 Partes
1658 1901 1718 1932 lin-

1027 1959 1119 1991 quere
1139 1949 1258 1990 gestio]
1294 1950 1400 1981 Ratus
1425 1950 1550 1981 divites
1567 1959 1644 1982 esse
1657 1949 1719 1981 mi-

1027 2000 1197 2039 serrimos,
1218 1999 1260 2030 ab
1275 1999 1327 2030 his
1342 2000 1451 2031 libens
1475 1999 1662 2040 transfugio
1674 1998 1720 2033 ad

1028 2058 1085 2081 eos
1101 2049 1159 2090 qui
1171 2047 1339 2081 beatiores
1353 2053 1432 2080 sunt
1443 2049 1524 2081 nihil
1539 2048 1719 2090 cupiendo,

1027 2108 1134 2140 parvo
1143 2098 1313 2130 conteuti.
1699 2138 1702 2140 η

1069 2151 1109 2180 2⁵
1126 2148 1297 2179 Contemtoe
1307 2148 1450 2179 dominus
1458 2147 1649 2189 splendidior
1657 2144 1721 2185 rei]

1029 2198 1120 2231 Quia
1131 2198 1311 2238 imperiose
1325 2197 1478 2229 dominor
1491 2197 1623 2239 exiguis
1637 2195 1720 2228 meis

1028 2248 1139 2287 bonis,
1165 2251 1201 2279 et
1229 2248 1357 2287 majora
1381 2247 1547 2288 despicio,
1573 2245 1721 2287 mihique

1029 2297 1104 2336 ipse
1131 2306 1173 2326 ea
1198 2296 1353 2336 denego;
1376 2296 1452 2328 binc
1473 2296 1651 2337 splendide
1666 2304 1720 2331 me

1029 2348 1175 2375 ostento.
1219 2344 1347 2374 Contra
1369 2344 1463 2376 dives
1485 2354 1604 2376 avarus
1627 2344 1720 2374 velut

1030 2393 1233 2433 mancipium
1247 2393 1351 2423 servit
1367 2393 1500 2433 opibus,
1514 2392 1718 2433 sordideque

1027 2442 1113 2473 vivit
1125 2453 1134 2471 ι
1157 2446 1277 2482 estque
1293 2442 1303 2458 ‘
1316 2440 1406 2472 inter
1420 2451 1502 2482 opes
1517 2442 1637 2484 inops.’
1658 2443 1720 2473 Se-

1028 2501 1104 2523 nec.
1119 2491 1227 2532 Epist.
1243 2493 1297 2523 74.
1312 2490 1323 2508 ‘
1337 2490 1530 2523 Occurrent
1540 2491 1647 2533 (quod
1660 2501 1719 2533 ge-
1756 2524 1767 2534 ,

1029 2551 1092 2573 nus
1105 2540 1266 2582 egestatis
1279 2540 1511 2580 gravissimum
1525 2540 1595 2582 est)
1618 2542 1652 2573 in
1668 2541 1719 2573 di-

1030 2591 1122 2623 vitiis
1137 2589 1276 2630 inopes-⁹
1298 2590 1384 2622 Nam
1399 2591 1409 2607 ‘
1424 2589 1522 2622 deest
1534 2600 1636 2624 avaro
1649 2595 1719 2627 tatu

1031 2639 1121 2682 quod
1143 2639 1257 2678 habet,
1279 2649 1378 2680 quarn
1402 2640 1491 2680 quod
1506 2649 1572 2671 non
1594 2639 1719 2672 habet!

1031 2689 1207 2722 claudian.
1221 2689 1255 2720 in
1271 2688 1348 2720 Ruf.
1364 2698 1389 2720 1.
1403 2691 1478 2721 200.
1495 2689 1655 2731 ‘Semper
1668 2690 1718 2726 iu-

1031 2748 1093 2782 ops
1107 2739 1305 2781 quicumque
1319 2737 1437 2779 cupite
