<?xml version="1.0" encoding="UTF-8"?>
<!DOCTYPE html PUBLIC "-//W3C//DTD XHTML 1.0 Transitional//EN"
    "http://www.w3.org/TR/xhtml1/DTD/xhtml1-transitional.dtd">
<html xmlns="http://www.w3.org/1999/xhtml" xml:lang="en" lang="en">
 <head>
  <title>
</title>
<meta http-equiv="Content-Type" content="text/html;charset=utf-8" />
  <meta name='ocr-system' content='tesseract 3.04.00' />
  <meta name='ocr-capabilities' content='ocr_page ocr_carea ocr_par ocr_line ocrx_word'/>
</head>
<body>
  <div class='ocr_page' id='page_1' title='image "./operazeune01horauoft_0038.png"; bbox 0 0 1916 3190; ppageno 0'>
   <div class='ocr_carea' id='block_1_1' title="bbox 271 231 1107 272">
    <p class='ocr_par' dir='ltr' id='par_1_1' title="bbox 271 231 1107 272">
     <span class='ocr_line' id='line_1_1' title="bbox 271 231 1107 272; baseline -0.004 0"><span class='ocrx_word' id='word_1_1' title='bbox 271 231 328 272; x_wconf 81' lang='lat'><strong>30</strong></span> <span class='ocrx_word' id='word_1_2' title='bbox 894 241 956 271; x_wconf 64' lang='lat' dir='ltr'><strong>ns</strong></span> <span class='ocrx_word' id='word_1_3' title='bbox 993 240 1107 270; x_wconf 70' lang='lat' dir='ltr'><strong>vri-A</strong></span> 
     </span>
    </p>
   </div>
   <div class='ocr_carea' id='block_1_2' title="bbox 271 329 1718 452">
    <p class='ocr_par' dir='ltr' id='par_1_2' title="bbox 271 329 1718 452">
     <span class='ocr_line' id='line_1_2' title="bbox 271 329 1718 387; baseline -0.003 -8"><span class='ocrx_word' id='word_1_4' title='bbox 271 337 330 380; x_wconf 89' lang='lat' dir='ltr'><strong>U.</strong></span> <span class='ocrx_word' id='word_1_5' title='bbox 352 336 404 378; x_wconf 89' lang='lat' dir='ltr'><strong>C.</strong></span> <span class='ocrx_word' id='word_1_6' title='bbox 423 335 522 379; x_wconf 67' lang='lat'><strong>728.</strong></span> <span class='ocrx_word' id='word_1_7' title='bbox 583 334 735 377; x_wconf 83' lang='lat' dir='ltr'><strong>Caesar</strong></span> <span class='ocrx_word' id='word_1_8' title='bbox 762 333 990 387; x_wconf 86' lang='lat' dir='ltr'><strong>Augustus</strong></span> <span class='ocrx_word' id='word_1_9' title='bbox 1011 342 1120 372; x_wconf 74' lang='lat' dir='ltr'><strong>viu.</strong></span> <span class='ocrx_word' id='word_1_10' title='bbox 1169 330 1223 373; x_wconf 80' lang='grc' dir='ltr'><strong>Τ.</strong></span> <span class='ocrx_word' id='word_1_11' title='bbox 1246 331 1447 374; x_wconf 84' lang='lat' dir='ltr'><strong>Statilius</strong></span> <span class='ocrx_word' id='word_1_12' title='bbox 1466 329 1644 374; x_wconf 85' lang='lat' dir='ltr'><strong>Taurus</strong></span> <span class='ocrx_word' id='word_1_13' title='bbox 1668 343 1718 374; x_wconf 84' lang='lat'><strong>11.</strong></span> 
     </span>
     <span class='ocr_line' id='line_1_3' title="bbox 726 398 1266 452; baseline -0.009 -8"><span class='ocrx_word' id='word_1_14' title='bbox 726 400 783 443; x_wconf 86' lang='lat' dir='ltr'><strong>A.</strong></span> <span class='ocrx_word' id='word_1_15' title='bbox 808 401 859 443; x_wconf 89' lang='lat' dir='ltr'><strong>C.</strong></span> <span class='ocrx_word' id='word_1_16' title='bbox 881 400 954 442; x_wconf 90' lang='grc'><strong>26.</strong></span> <span class='ocrx_word' id='word_1_17' title='bbox 994 398 1174 440; x_wconf 80' lang='lat' dir='ltr'><strong>Horatii</strong></span> <span class='ocrx_word' id='word_1_18' title='bbox 1193 402 1266 452; x_wconf 53' lang='lat'><strong>{7}-</strong></span> 
     </span>
    </p>
   </div>
   <div class='ocr_carea' id='block_1_3' title="bbox 271 475 1724 590">
    <p class='ocr_par' dir='ltr' id='par_1_3' title="bbox 271 475 1724 590">
     <span class='ocr_line' id='line_1_4' title="bbox 329 475 1724 533; baseline -0.001 -11"><span class='ocrx_word' id='word_1_19' title='bbox 329 481 437 522; x_wconf 86' lang='lat' dir='ltr'><strong>Sex.</strong></span> <span class='ocrx_word' id='word_1_20' title='bbox 457 480 680 533; x_wconf 89' lang='lat' dir='ltr'><strong>Apuleius</strong></span> <span class='ocrx_word' id='word_1_21' title='bbox 701 492 758 521; x_wconf 84' lang='lat' dir='ltr'><strong>ex</strong></span> <span class='ocrx_word' id='word_1_22' title='bbox 778 479 1003 532; x_wconf 83' lang='lat' dir='ltr'>Hispania</span> <span class='ocrx_word' id='word_1_23' title='bbox 1023 477 1277 532; x_wconf 85' lang='lat' dir='ltr'><strong>triumphat.</strong></span> <span class='ocrx_word' id='word_1_24' title='bbox 1337 476 1428 518; x_wconf 86' lang='lat' dir='ltr'><strong>Sed</strong></span> <span class='ocrx_word' id='word_1_25' title='bbox 1449 475 1660 519; x_wconf 84' lang='lat' dir='ltr'><strong>Cantabri</strong></span> <span class='ocrx_word' id='word_1_26' title='bbox 1679 483 1724 520; x_wconf 84' lang='lat' dir='ltr'><strong>et</strong></span> 
     </span>
     <span class='ocr_line' id='line_1_5' title="bbox 271 546 1012 590; baseline -0.004 0"><span class='ocrx_word' id='word_1_27' title='bbox 271 548 457 590; x_wconf 83' lang='lat' dir='ltr'><strong>Astures</strong></span> <span class='ocrx_word' id='word_1_28' title='bbox 477 560 583 588; x_wconf 88' lang='lat' dir='ltr'><strong>mox</strong></span> <span class='ocrx_word' id='word_1_29' title='bbox 603 552 812 589; x_wconf 87' lang='lat' dir='ltr'><strong>renovant</strong></span> <span class='ocrx_word' id='word_1_30' title='bbox 835 546 1012 588; x_wconf 87' lang='lat' dir='ltr'><strong>bellum.</strong></span> 
     </span>
    </p>
   </div>
   <div class='ocr_carea' id='block_1_4' title="bbox 273 661 1719 782">
    <p class='ocr_par' dir='ltr' id='par_1_4' title="bbox 273 661 1719 782">
     <span class='ocr_line' id='line_1_6' title="bbox 273 661 1719 716; baseline -0.002 -13"><span class='ocrx_word' id='word_1_31' title='bbox 273 661 330 703; x_wconf 91' lang='lat' dir='ltr'><strong>U.</strong></span> <span class='ocrx_word' id='word_1_32' title='bbox 361 662 412 704; x_wconf 93' lang='lat' dir='ltr'><strong>C.</strong></span> <span class='ocrx_word' id='word_1_33' title='bbox 443 663 545 705; x_wconf 83' lang='lat'><strong>729.</strong></span> <span class='ocrx_word' id='word_1_34' title='bbox 617 663 771 706; x_wconf 88' lang='lat' dir='ltr'><strong>Caesar</strong></span> <span class='ocrx_word' id='word_1_35' title='bbox 804 662 1036 716; x_wconf 86' lang='lat' dir='ltr'><strong>Augustus</strong></span> <span class='ocrx_word' id='word_1_36' title='bbox 1073 673 1148 703; x_wconf 82' lang='lat' dir='ltr'><strong>lx.</strong></span> <span class='ocrx_word' id='word_1_37' title='bbox 1218 662 1283 704; x_wconf 91' lang='lat' dir='ltr'><strong>M.</strong></span> <span class='ocrx_word' id='word_1_38' title='bbox 1321 662 1504 704; x_wconf 77' lang='lat' dir='ltr'><strong>Junius-</strong></span> <span class='ocrx_word' id='word_1_39' title='bbox 1527 661 1719 703; x_wconf 85' lang='lat' dir='ltr'><strong>Silanus.</strong></span> 
     </span>
     <span class='ocr_line' id='line_1_7' title="bbox 735 729 1261 782; baseline -0.008 -11"><span class='ocrx_word' id='word_1_40' title='bbox 735 730 791 771; x_wconf 88' lang='lat' dir='ltr'><strong>A.</strong></span> <span class='ocrx_word' id='word_1_41' title='bbox 810 729 859 770; x_wconf 90' lang='lat' dir='ltr'><strong>C.</strong></span> <span class='ocrx_word' id='word_1_42' title='bbox 881 730 950 770; x_wconf 81' lang='lat'><strong>25.</strong></span> <span class='ocrx_word' id='word_1_43' title='bbox 992 729 1171 771; x_wconf 85' lang='lat' dir='ltr'><strong>Horatii</strong></span> <span class='ocrx_word' id='word_1_44' title='bbox 1189 731 1261 782; x_wconf 52' lang='grc' dir='ltr'><strong>ἓ-ῗ.</strong></span> 
     </span>
    </p>
   </div>
   <div class='ocr_carea' id='block_1_5' title="bbox 270 805 1724 983">
    <p class='ocr_par' dir='ltr' id='par_1_5' title="bbox 270 805 1724 983">
     <span class='ocr_line' id='line_1_8' title="bbox 330 805 1724 860; baseline -0.001 -12"><span class='ocrx_word' id='word_1_45' title='bbox 330 807 569 860; x_wconf 83' lang='lat' dir='ltr'><strong>Expeditio</strong></span> <span class='ocrx_word' id='word_1_46' title='bbox 603 805 795 859; x_wconf 85' lang='lat' dir='ltr'><strong>Augusti</strong></span> <span class='ocrx_word' id='word_1_47' title='bbox 826 807 870 847; x_wconf 93' lang='lat' dir='ltr'><strong>in</strong></span> <span class='ocrx_word' id='word_1_48' title='bbox 904 806 1167 848; x_wconf 88' lang='lat' dir='ltr'><strong>Cantabros.</strong></span> <span class='ocrx_word' id='word_1_49' title='bbox 1229 806 1410 848; x_wconf 86' lang='lat' dir='ltr'><strong>Initium</strong></span> <span class='ocrx_word' id='word_1_50' title='bbox 1439 806 1545 848; x_wconf 92' lang='lat' dir='ltr'><strong>belli</strong></span> <span class='ocrx_word' id='word_1_51' title='bbox 1570 810 1724 847; x_wconf 86' lang='lat' dir='ltr'><strong>contra</strong></span> 
     </span>
     <span class='ocr_line' id='line_1_9' title="bbox 270 873 1721 928; baseline 0 -14"><span class='ocrx_word' id='word_1_52' title='bbox 270 873 482 916; x_wconf 85' lang='lat' dir='ltr'><strong>Arabiam</strong></span> <span class='ocrx_word' id='word_1_53' title='bbox 500 877 544 914; x_wconf 87' lang='lat' dir='ltr'><strong>et</strong></span> <span class='ocrx_word' id='word_1_54' title='bbox 564 874 835 928; x_wconf 88' lang='lat' dir='ltr'><strong>AEthiopiam</strong></span> <span class='ocrx_word' id='word_1_55' title='bbox 856 874 1025 915; x_wconf 86' lang='lat' dir='ltr'><strong>faciunt</strong></span> <span class='ocrx_word' id='word_1_56' title='bbox 1043 875 1189 915; x_wconf 92' lang='lat' dir='ltr'><strong>AElius</strong></span> <span class='ocrx_word' id='word_1_57' title='bbox 1212 873 1375 915; x_wconf 80' lang='lat' dir='ltr'><strong>Gallus</strong></span> <span class='ocrx_word' id='word_1_58' title='bbox 1403 877 1447 915; x_wconf 92' lang='lat' dir='ltr'><strong>et</strong></span> <span class='ocrx_word' id='word_1_59' title='bbox 1473 873 1721 915; x_wconf 83' lang='lat' dir='ltr'><strong>Petronius.</strong></span> 
     </span>
     <span class='ocr_line' id='line_1_10' title="bbox 272 940 1549 983; baseline -0.002 0"><span class='ocrx_word' id='word_1_60' title='bbox 272 941 517 983; x_wconf 85' lang='lat' dir='ltr'><strong>Marcellus</strong></span> <span class='ocrx_word' id='word_1_61' title='bbox 535 941 564 982; x_wconf 89' lang='lat' dir='ltr'><strong>J</strong></span> <span class='ocrx_word' id='word_1_62' title='bbox 570 942 702 982; x_wconf 88' lang='lat' dir='ltr'><strong>uliam</strong></span> <span class='ocrx_word' id='word_1_63' title='bbox 723 941 855 983; x_wconf 90' lang='lat' dir='ltr'><strong>ducit.</strong></span> <span class='ocrx_word' id='word_1_64' title='bbox 915 941 1131 983; x_wconf 84' lang='lat' dir='ltr'><strong>Horatius</strong></span> <span class='ocrx_word' id='word_1_65' title='bbox 1151 941 1307 982; x_wconf 86' lang='lat' dir='ltr'><strong>scribit</strong></span> <span class='ocrx_word' id='word_1_66' title='bbox 1327 951 1380 982; x_wconf 91' lang='lat'><strong>11.</strong></span> <span class='ocrx_word' id='word_1_67' title='bbox 1401 940 1488 982; x_wconf 84' lang='lat' dir='ltr'><strong>Od.</strong></span> <span class='ocrx_word' id='word_1_68' title='bbox 1507 941 1549 981; x_wconf 88' lang='grc'><strong>4.</strong></span> 
     </span>
    </p>
   </div>
   <div class='ocr_carea' id='block_1_6' title="bbox 272 1059 1723 1181">
    <p class='ocr_par' dir='ltr' id='par_1_6' title="bbox 272 1059 1723 1181">
     <span class='ocr_line' id='line_1_11' title="bbox 272 1059 1723 1114; baseline 0.001 -14"><span class='ocrx_word' id='word_1_69' title='bbox 272 1059 327 1102; x_wconf 91' lang='lat' dir='ltr'><strong>U.</strong></span> <span class='ocrx_word' id='word_1_70' title='bbox 352 1059 402 1102; x_wconf 84' lang='lat' dir='ltr'><strong>C·</strong></span> <span class='ocrx_word' id='word_1_71' title='bbox 425 1061 525 1103; x_wconf 84' lang='lat'><strong>7:30.</strong></span> <span class='ocrx_word' id='word_1_72' title='bbox 584 1061 736 1103; x_wconf 86' lang='lat' dir='ltr'><strong>Caesar</strong></span> <span class='ocrx_word' id='word_1_73' title='bbox 771 1062 1002 1114; x_wconf 89' lang='lat' dir='ltr'><strong>Augustus</strong></span> <span class='ocrx_word' id='word_1_74' title='bbox 1037 1072 1088 1102; x_wconf 87' lang='lat' dir='ltr'><strong>x.</strong></span> <span class='ocrx_word' id='word_1_75' title='bbox 1147 1061 1201 1102; x_wconf 91' lang='lat' dir='ltr'><strong>C.</strong></span> <span class='ocrx_word' id='word_1_76' title='bbox 1242 1061 1479 1103; x_wconf 85' lang='lat' dir='ltr'><strong>Norbanus</strong></span> <span class='ocrx_word' id='word_1_77' title='bbox 1516 1061 1723 1102; x_wconf 86' lang='lat' dir='ltr'><strong>Flaccus.</strong></span> 
     </span>
     <span class='ocr_line' id='line_1_12' title="bbox 731 1126 1256 1181; baseline 0.004 -13"><span class='ocrx_word' id='word_1_78' title='bbox 731 1126 783 1169; x_wconf 88' lang='lat' dir='ltr'><strong>A.</strong></span> <span class='ocrx_word' id='word_1_79' title='bbox 802 1127 852 1169; x_wconf 93' lang='lat' dir='ltr'><strong>C.</strong></span> <span class='ocrx_word' id='word_1_80' title='bbox 873 1128 943 1169; x_wconf 84' lang='lat'><strong>24.</strong></span> <span class='ocrx_word' id='word_1_81' title='bbox 984 1127 1165 1169; x_wconf 88' lang='lat' dir='ltr'><strong>Horatii</strong></span> <span class='ocrx_word' id='word_1_82' title='bbox 1183 1130 1256 1181; x_wconf 43' lang='lat'><strong>{⁸}-</strong></span> 
     </span>
    </p>
   </div>
   <div class='ocr_carea' id='block_1_7' title="bbox 270 1203 1727 1725">
    <p class='ocr_par' dir='ltr' id='par_1_7' title="bbox 270 1203 1726 1525">
     <span class='ocr_line' id='line_1_13' title="bbox 329 1203 1725 1259; baseline 0.001 -15"><span class='ocrx_word' id='word_1_83' title='bbox 329 1203 544 1245; x_wconf 84' lang='lat' dir='ltr'><strong>Phraates</strong></span> <span class='ocrx_word' id='word_1_84' title='bbox 564 1204 724 1245; x_wconf 85' lang='lat' dir='ltr'><strong>iterum</strong></span> <span class='ocrx_word' id='word_1_85' title='bbox 744 1204 866 1258; x_wconf 89' lang='lat' dir='ltr'><strong>pellit</strong></span> <span class='ocrx_word' id='word_1_86' title='bbox 894 1204 1157 1254; x_wconf 86' lang='lat' dir='ltr'><strong>Teridatem,</strong></span> <span class='ocrx_word' id='word_1_87' title='bbox 1179 1206 1255 1258; x_wconf 92' lang='lat' dir='ltr'><strong>qui</strong></span> <span class='ocrx_word' id='word_1_88' title='bbox 1289 1205 1333 1246; x_wconf 91' lang='lat' dir='ltr'><strong>in</strong></span> <span class='ocrx_word' id='word_1_89' title='bbox 1370 1205 1636 1259; x_wconf 88' lang='lat' dir='ltr'><strong>Hispaniam</strong></span> <span class='ocrx_word' id='word_1_90' title='bbox 1667 1204 1725 1247; x_wconf 90' lang='lat' dir='ltr'><strong>ad</strong></span> 
     </span>
     <span class='ocr_line' id='line_1_14' title="bbox 272 1269 1726 1325; baseline 0.001 -13"><span class='ocrx_word' id='word_1_91' title='bbox 272 1271 493 1313; x_wconf 87' lang='lat' dir='ltr'><strong>Caesarem</strong></span> <span class='ocrx_word' id='word_1_92' title='bbox 515 1269 763 1325; x_wconf 91' lang='lat' dir='ltr'><strong>Augustum</strong></span> <span class='ocrx_word' id='word_1_93' title='bbox 785 1271 919 1325; x_wconf 86' lang='lat' dir='ltr'><strong>sugit:</strong></span> <span class='ocrx_word' id='word_1_94' title='bbox 949 1272 1051 1313; x_wconf 87' lang='lat' dir='ltr'><strong>vide</strong></span> <span class='ocrx_word' id='word_1_95' title='bbox 1071 1271 1252 1325; x_wconf 84' lang='lat' dir='ltr'><strong>Argum.</strong></span> <span class='ocrx_word' id='word_1_96' title='bbox 1274 1284 1305 1312; x_wconf 94' lang='lat'><strong>1.</strong></span> <span class='ocrx_word' id='word_1_97' title='bbox 1327 1271 1411 1313; x_wconf 90' lang='lat' dir='ltr'><strong>Od.</strong></span> <span class='ocrx_word' id='word_1_98' title='bbox 1431 1272 1502 1313; x_wconf 87' lang='lat'><strong>26.</strong></span> <span class='ocrx_word' id='word_1_99' title='bbox 1546 1271 1726 1325; x_wconf 85' lang='lat' dir='ltr'><strong>Augus-</strong></span> 
     </span>
     <span class='ocr_line' id='line_1_15' title="bbox 271 1337 1723 1392; baseline 0.001 -14"><span class='ocrx_word' id='word_1_100' title='bbox 271 1342 344 1378; x_wconf 89' lang='lat' dir='ltr'><strong>tus</strong></span> <span class='ocrx_word' id='word_1_101' title='bbox 365 1337 598 1378; x_wconf 86' lang='lat' dir='ltr'><strong>Cantabris</strong></span> <span class='ocrx_word' id='word_1_102' title='bbox 619 1339 748 1379; x_wconf 88' lang='lat' dir='ltr'><strong>victis</strong></span> <span class='ocrx_word' id='word_1_103' title='bbox 777 1338 970 1379; x_wconf 88' lang='lat' dir='ltr'><strong>Romam</strong></span> <span class='ocrx_word' id='word_1_104' title='bbox 1001 1342 1104 1392; x_wconf 89' lang='lat' dir='ltr'><strong>post</strong></span> <span class='ocrx_word' id='word_1_105' title='bbox 1132 1339 1366 1380; x_wconf 88' lang='lat' dir='ltr'><strong>triennium</strong></span> <span class='ocrx_word' id='word_1_106' title='bbox 1401 1339 1525 1390; x_wconf 86' lang='lat' dir='ltr'><strong>redit,</strong></span> <span class='ocrx_word' id='word_1_107' title='bbox 1546 1352 1646 1381; x_wconf 88' lang='lat' dir='ltr'><strong>cum</strong></span> <span class='ocrx_word' id='word_1_108' title='bbox 1665 1339 1723 1380; x_wconf 92' lang='lat' dir='ltr'><strong>ob</strong></span> 
     </span>
     <span class='ocr_line' id='line_1_16' title="bbox 270 1404 1724 1457; baseline 0.001 -13"><span class='ocrx_word' id='word_1_109' title='bbox 270 1404 471 1446; x_wconf 85' lang='lat' dir='ltr'><strong>morbum</strong></span> <span class='ocrx_word' id='word_1_110' title='bbox 491 1404 662 1445; x_wconf 89' lang='lat' dir='ltr'><strong>diutius</strong></span> <span class='ocrx_word' id='word_1_111' title='bbox 693 1404 932 1455; x_wconf 89' lang='lat' dir='ltr'><strong>abfuisset;</strong></span> <span class='ocrx_word' id='word_1_112' title='bbox 967 1412 1011 1447; x_wconf 90' lang='lat' dir='ltr'><strong>et</strong></span> <span class='ocrx_word' id='word_1_113' title='bbox 1031 1404 1195 1446; x_wconf 84' lang='lat' dir='ltr'><strong>Janum</strong></span> <span class='ocrx_word' id='word_1_114' title='bbox 1226 1407 1385 1447; x_wconf 83' lang='lat' dir='ltr'><strong>iterum</strong></span> <span class='ocrx_word' id='word_1_115' title='bbox 1405 1405 1601 1457; x_wconf 81' lang='lat' dir='ltr'><strong>claudit3</strong></span> <span class='ocrx_word' id='word_1_116' title='bbox 1633 1405 1724 1447; x_wconf 89' lang='lat' dir='ltr'><strong>Dio</strong></span> 
     </span>
     <span class='ocr_line' id='line_1_17' title="bbox 275 1471 1676 1525; baseline 0 -14"><span class='ocrx_word' id='word_1_117' title='bbox 275 1482 383 1513; x_wconf 83' lang='lat'><strong>1.111.</strong></span> <span class='ocrx_word' id='word_1_118' title='bbox 403 1485 450 1525; x_wconf 88' lang='lat' dir='ltr'><strong>p.</strong></span> <span class='ocrx_word' id='word_1_119' title='bbox 470 1472 567 1513; x_wconf 83' lang='lat'><strong>515.</strong></span> <span class='ocrx_word' id='word_1_120' title='bbox 627 1471 760 1514; x_wconf 88' lang='lat' dir='ltr'><strong>Canit</strong></span> <span class='ocrx_word' id='word_1_121' title='bbox 781 1472 998 1514; x_wconf 86' lang='lat' dir='ltr'><strong>Horatius</strong></span> <span class='ocrx_word' id='word_1_122' title='bbox 1019 1483 1093 1512; x_wconf 89' lang='lat'><strong>111.</strong></span> <span class='ocrx_word' id='word_1_123' title='bbox 1115 1471 1199 1513; x_wconf 89' lang='lat' dir='ltr'><strong>Od.</strong></span> <span class='ocrx_word' id='word_1_124' title='bbox 1222 1474 1291 1513; x_wconf 88' lang='grc'><strong>14.</strong></span> <span class='ocrx_word' id='word_1_125' title='bbox 1312 1474 1419 1514; x_wconf 88' lang='lat' dir='ltr'><strong>item</strong></span> <span class='ocrx_word' id='word_1_126' title='bbox 1442 1484 1473 1513; x_wconf 92' lang='lat'><strong>1.</strong></span> <span class='ocrx_word' id='word_1_127' title='bbox 1496 1473 1583 1514; x_wconf 91' lang='lat' dir='ltr'><strong>Od.</strong></span> <span class='ocrx_word' id='word_1_128' title='bbox 1602 1473 1676 1514; x_wconf 86' lang='lat'><strong>36.</strong></span> 
     </span>
    </p>

    <p class='ocr_par' dir='ltr' id='par_1_8' title="bbox 271 1537 1727 1725">
     <span class='ocr_line' id='line_1_18' title="bbox 330 1537 1727 1593; baseline 0.001 -14"><span class='ocrx_word' id='word_1_129' title='bbox 330 1537 590 1589; x_wconf 83' lang='lat' dir='ltr'><strong>Quintilius,</strong></span> <span class='ocrx_word' id='word_1_130' title='bbox 609 1540 852 1580; x_wconf 86' lang='lat' dir='ltr'><strong>communis</strong></span> <span class='ocrx_word' id='word_1_131' title='bbox 870 1539 1049 1580; x_wconf 88' lang='lat' dir='ltr'><strong>Horatii</strong></span> <span class='ocrx_word' id='word_1_132' title='bbox 1071 1546 1118 1580; x_wconf 90' lang='lat' dir='ltr'><strong>et</strong></span> <span class='ocrx_word' id='word_1_133' title='bbox 1136 1538 1309 1593; x_wconf 87' lang='lat' dir='ltr'><strong>Virgilii</strong></span> <span class='ocrx_word' id='word_1_134' title='bbox 1325 1540 1509 1590; x_wconf 87' lang='lat' dir='ltr'><strong>amicus,</strong></span> <span class='ocrx_word' id='word_1_135' title='bbox 1528 1540 1727 1581; x_wconf 88' lang='lat' dir='ltr'><strong>moritur.</strong></span> 
     </span>
     <span class='ocr_line' id='line_1_19' title="bbox 274 1605 1724 1649; baseline 0.001 -3"><span class='ocrx_word' id='word_1_136' title='bbox 274 1605 461 1647; x_wconf 88' lang='lat' dir='ltr'><strong>Hieron.</strong></span> <span class='ocrx_word' id='word_1_137' title='bbox 485 1605 644 1647; x_wconf 88' lang='lat' dir='ltr'><strong>Chron.</strong></span> <span class='ocrx_word' id='word_1_138' title='bbox 668 1605 830 1648; x_wconf 89' lang='lat' dir='ltr'><strong>Euseb.</strong></span> <span class='ocrx_word' id='word_1_139' title='bbox 852 1606 910 1648; x_wconf 90' lang='lat' dir='ltr'><strong>ad</strong></span> <span class='ocrx_word' id='word_1_140' title='bbox 929 1606 1000 1649; x_wconf 93' lang='lat' dir='ltr'><strong>Ol.</strong></span> <span class='ocrx_word' id='word_1_141' title='bbox 1020 1607 1120 1649; x_wconf 76' lang='lat'><strong>189.</strong></span> <span class='ocrx_word' id='word_1_142' title='bbox 1142 1607 1184 1648; x_wconf 90' lang='lat'><strong>1.</strong></span> <span class='ocrx_word' id='word_1_143' title='bbox 1221 1607 1490 1649; x_wconf 91' lang='lat' dir='ltr'><strong>Consolatur</strong></span> <span class='ocrx_word' id='word_1_144' title='bbox 1509 1606 1724 1648; x_wconf 87' lang='lat' dir='ltr'><strong>Horatius</strong></span> 
     </span>
     <span class='ocr_line' id='line_1_20' title="bbox 271 1672 769 1725; baseline 0.004 -12"><span class='ocrx_word' id='word_1_145' title='bbox 271 1672 507 1725; x_wconf 89' lang='lat' dir='ltr'><strong>Virgilium</strong></span> <span class='ocrx_word' id='word_1_146' title='bbox 533 1684 562 1713; x_wconf 87' lang='lat'><strong>1.</strong></span> <span class='ocrx_word' id='word_1_147' title='bbox 588 1673 675 1714; x_wconf 90' lang='lat' dir='ltr'><strong>Od.</strong></span> <span class='ocrx_word' id='word_1_148' title='bbox 697 1672 769 1715; x_wconf 88' lang='lat'><strong>24.</strong></span> 
     </span>
    </p>
   </div>
   <div class='ocr_carea' id='block_1_8' title="bbox 272 1792 1727 1914">
    <p class='ocr_par' dir='ltr' id='par_1_9' title="bbox 272 1792 1727 1914">
     <span class='ocr_line' id='line_1_21' title="bbox 272 1792 1727 1847; baseline 0.002 -12"><span class='ocrx_word' id='word_1_149' title='bbox 272 1793 330 1835; x_wconf 89' lang='lat' dir='ltr'><strong>U.</strong></span> <span class='ocrx_word' id='word_1_150' title='bbox 352 1792 403 1835; x_wconf 89' lang='lat' dir='ltr'><strong>C.</strong></span> <span class='ocrx_word' id='word_1_151' title='bbox 424 1794 523 1835; x_wconf 80' lang='lat'><strong>7:31.</strong></span> <span class='ocrx_word' id='word_1_152' title='bbox 574 1793 727 1836; x_wconf 86' lang='lat' dir='ltr'><strong>Caesar</strong></span> <span class='ocrx_word' id='word_1_153' title='bbox 747 1792 980 1847; x_wconf 84' lang='lat' dir='ltr'><strong>Augustus</strong></span> <span class='ocrx_word' id='word_1_154' title='bbox 1002 1805 1077 1834; x_wconf 80' lang='lat' dir='ltr'><strong>xr.</strong></span> <span class='ocrx_word' id='word_1_155' title='bbox 1127 1794 1185 1836; x_wconf 91' lang='lat' dir='ltr'><strong>A.</strong></span> <span class='ocrx_word' id='word_1_156' title='bbox 1206 1794 1434 1836; x_wconf 88' lang='lat' dir='ltr'><strong>Terentius</strong></span> <span class='ocrx_word' id='word_1_157' title='bbox 1464 1793 1607 1835; x_wconf 86' lang='lat' dir='ltr'><strong>Varro</strong></span> <span class='ocrx_word' id='word_1_158' title='bbox 1626 1793 1727 1838; x_wconf 86' lang='lat' dir='ltr'><strong>Mu-</strong></span> 
     </span>
     <span class='ocr_line' id='line_1_22' title="bbox 320 1859 1688 1914; baseline -0.001 -13"><span class='ocrx_word' id='word_1_159' title='bbox 320 1873 453 1902; x_wconf 85' lang='lat' dir='ltr'><strong>raena.</strong></span> <span class='ocrx_word' id='word_1_160' title='bbox 474 1861 573 1901; x_wconf 88' lang='lat' dir='ltr'><strong>suff.</strong></span> <span class='ocrx_word' id='word_1_161' title='bbox 594 1861 677 1902; x_wconf 92' lang='lat' dir='ltr'><strong>Cn.</strong></span> <span class='ocrx_word' id='word_1_162' title='bbox 699 1860 966 1914; x_wconf 89' lang='lat' dir='ltr'><strong>Calpurnius</strong></span> <span class='ocrx_word' id='word_1_163' title='bbox 988 1861 1111 1902; x_wconf 91' lang='lat' dir='ltr'><strong>Piso.</strong></span> <span class='ocrx_word' id='word_1_164' title='bbox 1172 1859 1229 1902; x_wconf 88' lang='lat' dir='ltr'><strong>A.</strong></span> <span class='ocrx_word' id='word_1_165' title='bbox 1244 1861 1294 1903; x_wconf 94' lang='lat' dir='ltr'><strong>C.</strong></span> <span class='ocrx_word' id='word_1_166' title='bbox 1314 1861 1385 1903; x_wconf 78' lang='lat'><strong>23.</strong></span> <span class='ocrx_word' id='word_1_167' title='bbox 1416 1860 1597 1902; x_wconf 84' lang='lat' dir='ltr'><strong>Horatii</strong></span> <span class='ocrx_word' id='word_1_168' title='bbox 1614 1863 1688 1914; x_wconf 51' lang='lat'><strong>42-3.</strong></span> 
     </span>
    </p>
   </div>
   <div class='ocr_carea' id='block_1_9' title="bbox 273 1937 1729 2445">
    <p class='ocr_par' dir='ltr' id='par_1_10' title="bbox 273 1937 1729 2256">
     <span class='ocr_line' id='line_1_23' title="bbox 330 1937 1729 1993; baseline 0.001 -16"><span class='ocrx_word' id='word_1_169' title='bbox 330 1937 544 1978; x_wconf 87' lang='lat' dir='ltr'><strong>Phraates</strong></span> <span class='ocrx_word' id='word_1_170' title='bbox 564 1938 736 1989; x_wconf 83' lang='lat' dir='ltr'><strong>legatos</strong></span> <span class='ocrx_word' id='word_1_171' title='bbox 758 1938 892 1993; x_wconf 85' lang='lat' dir='ltr'><strong>mittit</strong></span> <span class='ocrx_word' id='word_1_172' title='bbox 914 1937 1124 1986; x_wconf 87' lang='lat' dir='ltr'><strong>Romam,</strong></span> <span class='ocrx_word' id='word_1_173' title='bbox 1153 1939 1391 1990; x_wconf 88' lang='lat' dir='ltr'><strong>repetitum</strong></span> <span class='ocrx_word' id='word_1_174' title='bbox 1411 1937 1668 1979; x_wconf 86' lang='lat' dir='ltr'><strong>Teridatem</strong></span> <span class='ocrx_word' id='word_1_175' title='bbox 1686 1941 1729 1979; x_wconf 86' lang='lat' dir='ltr'><strong>et</strong></span> 
     </span>
     <span class='ocr_line' id='line_1_24' title="bbox 273 2002 1728 2059; baseline 0.001 -16"><span class='ocrx_word' id='word_1_176' title='bbox 273 2003 414 2055; x_wconf 88' lang='lat' dir='ltr'><strong>filium</strong></span> <span class='ocrx_word' id='word_1_177' title='bbox 433 2015 575 2043; x_wconf 91' lang='lat' dir='ltr'><strong>suum.</strong></span> <span class='ocrx_word' id='word_1_178' title='bbox 621 2002 736 2052; x_wconf 82' lang='lat' dir='ltr'><strong>Quae</strong></span> <span class='ocrx_word' id='word_1_179' title='bbox 758 2015 826 2043; x_wconf 89' lang='lat' dir='ltr'><strong>res</strong></span> <span class='ocrx_word' id='word_1_180' title='bbox 848 2002 952 2042; x_wconf 91' lang='lat' dir='ltr'><strong>dum</strong></span> <span class='ocrx_word' id='word_1_181' title='bbox 973 2003 1020 2042; x_wconf 90' lang='lat' dir='ltr'><strong>in</strong></span> <span class='ocrx_word' id='word_1_182' title='bbox 1039 2003 1208 2044; x_wconf 86' lang='lat' dir='ltr'><strong>Senatu</strong></span> <span class='ocrx_word' id='word_1_183' title='bbox 1227 2004 1430 2055; x_wconf 84' lang='lat' dir='ltr'><strong>agitatur,</strong></span> <span class='ocrx_word' id='word_1_184' title='bbox 1450 2003 1560 2059; x_wconf 88' lang='lat' dir='ltr'><strong>facit</strong></span> <span class='ocrx_word' id='word_1_185' title='bbox 1582 2004 1728 2044; x_wconf 87' lang='lat' dir='ltr'><strong>Hora-</strong></span> 
     </span>
     <span class='ocr_line' id='line_1_25' title="bbox 273 2066 1727 2122; baseline -0.001 -12"><span class='ocrx_word' id='word_1_186' title='bbox 273 2070 364 2110; x_wconf 91' lang='lat' dir='ltr'><strong>tius</strong></span> <span class='ocrx_word' id='word_1_187' title='bbox 386 2080 416 2109; x_wconf 92' lang='lat'><strong>1.</strong></span> <span class='ocrx_word' id='word_1_188' title='bbox 456 2067 540 2109; x_wconf 86' lang='lat' dir='ltr'><strong>od.</strong></span> <span class='ocrx_word' id='word_1_189' title='bbox 561 2069 631 2110; x_wconf 78' lang='lat'><strong>26.</strong></span> <span class='ocrx_word' id='word_1_190' title='bbox 664 2068 789 2122; x_wconf 87' lang='lat' dir='ltr'><strong>cujus</strong></span> <span class='ocrx_word' id='word_1_191' title='bbox 812 2067 900 2109; x_wconf 87' lang='lat' dir='ltr'><strong>vid.</strong></span> <span class='ocrx_word' id='word_1_192' title='bbox 920 2066 1101 2121; x_wconf 88' lang='lat' dir='ltr'><strong>Argum.</strong></span> <span class='ocrx_word' id='word_1_193' title='bbox 1128 2067 1355 2121; x_wconf 87' lang='lat' dir='ltr'><strong>Augustus</strong></span> <span class='ocrx_word' id='word_1_194' title='bbox 1383 2067 1566 2109; x_wconf 87' lang='lat' dir='ltr'><strong>Phraati</strong></span> <span class='ocrx_word' id='word_1_195' title='bbox 1587 2068 1727 2110; x_wconf 89' lang='lat' dir='ltr'><strong>filium</strong></span> 
     </span>
     <span class='ocr_line' id='line_1_26' title="bbox 273 2135 1727 2188; baseline -0.001 -11"><span class='ocrx_word' id='word_1_196' title='bbox 273 2136 428 2185; x_wconf 87' lang='lat' dir='ltr'><strong>reddit,</strong></span> <span class='ocrx_word' id='word_1_197' title='bbox 462 2135 547 2177; x_wconf 88' lang='lat' dir='ltr'><strong>hac</strong></span> <span class='ocrx_word' id='word_1_198' title='bbox 582 2135 688 2188; x_wconf 91' lang='lat' dir='ltr'><strong>lege,</strong></span> <span class='ocrx_word' id='word_1_199' title='bbox 719 2139 766 2176; x_wconf 92' lang='lat' dir='ltr'><strong>ut</strong></span> <span class='ocrx_word' id='word_1_200' title='bbox 800 2135 1004 2188; x_wconf 90' lang='lat' dir='ltr'><strong>captivos</strong></span> <span class='ocrx_word' id='word_1_201' title='bbox 1038 2141 1085 2176; x_wconf 92' lang='lat' dir='ltr'><strong>et</strong></span> <span class='ocrx_word' id='word_1_202' title='bbox 1118 2135 1244 2188; x_wconf 86' lang='lat' dir='ltr'><strong>signa</strong></span> <span class='ocrx_word' id='word_1_203' title='bbox 1273 2135 1481 2176; x_wconf 87' lang='lat' dir='ltr'><strong>Romana</strong></span> <span class='ocrx_word' id='word_1_204' title='bbox 1511 2135 1727 2177; x_wconf 87' lang='lat' dir='ltr'><strong>restituat.</strong></span> 
     </span>
     <span class='ocr_line' id='line_1_27' title="bbox 273 2201 1453 2256; baseline -0.001 -12"><span class='ocrx_word' id='word_1_205' title='bbox 273 2203 469 2244; x_wconf 88' lang='lat' dir='ltr'><strong>Teridati</strong></span> <span class='ocrx_word' id='word_1_206' title='bbox 489 2203 714 2256; x_wconf 86' lang='lat' dir='ltr'><strong>permittit,</strong></span> <span class='ocrx_word' id='word_1_207' title='bbox 735 2201 893 2243; x_wconf 80' lang='lat' dir='ltr'><strong>Romae</strong></span> <span class='ocrx_word' id='word_1_208' title='bbox 914 2214 1107 2243; x_wconf 90' lang='lat' dir='ltr'><strong>manere.</strong></span> <span class='ocrx_word' id='word_1_209' title='bbox 1139 2201 1228 2242; x_wconf 92' lang='lat' dir='ltr'><strong>Dio</strong></span> <span class='ocrx_word' id='word_1_210' title='bbox 1251 2212 1360 2242; x_wconf 78' lang='lat' dir='ltr'><strong>L111.</strong></span> <span class='ocrx_word' id='word_1_211' title='bbox 1379 2201 1453 2244; x_wconf 84' lang='lat'><strong>33.</strong></span> 
     </span>
    </p>

    <p class='ocr_par' dir='ltr' id='par_1_11' title="bbox 274 2268 1728 2445">
     <span class='ocr_line' id='line_1_28' title="bbox 332 2268 1728 2322; baseline 0.001 -11"><span class='ocrx_word' id='word_1_212' title='bbox 332 2270 559 2322; x_wconf 88' lang='lat' dir='ltr'><strong>Augustus</strong></span> <span class='ocrx_word' id='word_1_213' title='bbox 580 2269 701 2322; x_wconf 82' lang='lat' dir='ltr'><strong>gravi</strong></span> <span class='ocrx_word' id='word_1_214' title='bbox 721 2270 871 2310; x_wconf 92' lang='lat' dir='ltr'><strong>morbo</strong></span> <span class='ocrx_word' id='word_1_215' title='bbox 890 2269 1136 2319; x_wconf 81' lang='lat' dir='ltr'><strong>decumbit3</strong></span> <span class='ocrx_word' id='word_1_216' title='bbox 1167 2268 1243 2309; x_wconf 89' lang='lat' dir='ltr'><strong>sed</strong></span> <span class='ocrx_word' id='word_1_217' title='bbox 1267 2269 1551 2310; x_wconf 89' lang='lat' dir='ltr'><strong>convalescit.</strong></span> <span class='ocrx_word' id='word_1_218' title='bbox 1596 2270 1728 2312; x_wconf 88' lang='lat' dir='ltr'><strong>Brevi</strong></span> 
     </span>
     <span class='ocr_line' id='line_1_29' title="bbox 274 2335 1728 2391; baseline -0.001 -13"><span class='ocrx_word' id='word_1_219' title='bbox 274 2342 378 2391; x_wconf 88' lang='lat' dir='ltr'><strong>post</strong></span> <span class='ocrx_word' id='word_1_220' title='bbox 402 2336 642 2378; x_wconf 90' lang='lat' dir='ltr'><strong>Marcellus</strong></span> <span class='ocrx_word' id='word_1_221' title='bbox 657 2335 837 2390; x_wconf 86' lang='lat' dir='ltr'><strong>juvenis</strong></span> <span class='ocrx_word' id='word_1_222' title='bbox 858 2336 1049 2378; x_wconf 88' lang='lat' dir='ltr'><strong>moritur.</strong></span> <span class='ocrx_word' id='word_1_223' title='bbox 1093 2335 1216 2378; x_wconf 90' lang='lat' dir='ltr'><strong>Inter</strong></span> <span class='ocrx_word' id='word_1_224' title='bbox 1231 2336 1327 2378; x_wconf 84' lang='lat' dir='ltr'><strong>haec</strong></span> <span class='ocrx_word' id='word_1_225' title='bbox 1344 2336 1434 2377; x_wconf 90' lang='lat' dir='ltr'><strong>duo</strong></span> <span class='ocrx_word' id='word_1_226' title='bbox 1454 2335 1573 2378; x_wconf 88' lang='lat' dir='ltr'><strong>facta</strong></span> <span class='ocrx_word' id='word_1_227' title='bbox 1591 2336 1728 2390; x_wconf 88' lang='lat' dir='ltr'><strong>scrip-</strong></span> 
     </span>
     <span class='ocr_line' id='line_1_30' title="bbox 276 2403 761 2445; baseline -0.004 0"><span class='ocrx_word' id='word_1_228' title='bbox 276 2409 364 2445; x_wconf 89' lang='lat' dir='ltr'><strong>tum</strong></span> <span class='ocrx_word' id='word_1_229' title='bbox 385 2407 453 2445; x_wconf 88' lang='lat' dir='ltr'><strong>est</strong></span> <span class='ocrx_word' id='word_1_230' title='bbox 472 2403 620 2445; x_wconf 89' lang='lat' dir='ltr'><strong>Carm.</strong></span> <span class='ocrx_word' id='word_1_231' title='bbox 643 2414 674 2443; x_wconf 83' lang='grc' dir='ltr'><strong>ι.</strong></span> <span class='ocrx_word' id='word_1_232' title='bbox 692 2403 761 2445; x_wconf 85' lang='grc'><strong>12.</strong></span> 
     </span>
    </p>
   </div>
   <div class='ocr_carea' id='block_1_10' title="bbox 278 2516 1725 2638">
    <p class='ocr_par' dir='ltr' id='par_1_12' title="bbox 278 2516 1725 2638">
     <span class='ocr_line' id='line_1_31' title="bbox 278 2516 1725 2562; baseline -0.003 0"><span class='ocrx_word' id='word_1_233' title='bbox 278 2519 337 2562; x_wconf 87' lang='lat' dir='ltr'><strong>U.</strong></span> <span class='ocrx_word' id='word_1_234' title='bbox 358 2519 409 2562; x_wconf 91' lang='lat' dir='ltr'><strong>C.</strong></span> <span class='ocrx_word' id='word_1_235' title='bbox 430 2519 530 2562; x_wconf 83' lang='grc'><strong>732.</strong></span> <span class='ocrx_word' id='word_1_236' title='bbox 592 2519 655 2560; x_wconf 91' lang='grc' dir='ltr'><strong>Μ.</strong></span> <span class='ocrx_word' id='word_1_237' title='bbox 692 2518 760 2562; x_wconf 91' lang='lat' dir='ltr'><strong>Cl.</strong></span> <span class='ocrx_word' id='word_1_238' title='bbox 793 2518 1036 2560; x_wconf 90' lang='lat' dir='ltr'><strong>Marcellus</strong></span> <span class='ocrx_word' id='word_1_239' title='bbox 1068 2518 1348 2560; x_wconf 86' lang='lat' dir='ltr'><strong>AEserninus.</strong></span> <span class='ocrx_word' id='word_1_240' title='bbox 1410 2518 1460 2560; x_wconf 88' lang='lat' dir='ltr'><strong>L.</strong></span> <span class='ocrx_word' id='word_1_241' title='bbox 1493 2516 1725 2558; x_wconf 89' lang='lat' dir='ltr'><strong>Aruntius.</strong></span> 
     </span>
     <span class='ocr_line' id='line_1_32' title="bbox 739 2585 1266 2638; baseline -0.002 -11"><span class='ocrx_word' id='word_1_242' title='bbox 739 2585 798 2627; x_wconf 86' lang='lat' dir='ltr'><strong>A.</strong></span> <span class='ocrx_word' id='word_1_243' title='bbox 815 2585 866 2628; x_wconf 92' lang='lat' dir='ltr'><strong>C.</strong></span> <span class='ocrx_word' id='word_1_244' title='bbox 887 2585 958 2627; x_wconf 87' lang='lat'><strong>22.</strong></span> <span class='ocrx_word' id='word_1_245' title='bbox 996 2585 1177 2627; x_wconf 90' lang='lat' dir='ltr'><strong>Horatii</strong></span> <span class='ocrx_word' id='word_1_246' title='bbox 1195 2588 1266 2638; x_wconf 54' lang='lat' dir='ltr'><strong>*ffi-</strong></span> 
     </span>
    </p>
   </div>
   <div class='ocr_carea' id='block_1_11' title="bbox 278 2661 1726 2784">
    <p class='ocr_par' dir='ltr' id='par_1_13' title="bbox 278 2661 1726 2784">
     <span class='ocr_line' id='line_1_33' title="bbox 335 2661 1725 2717; baseline -0.002 -12"><span class='ocrx_word' id='word_1_247' title='bbox 335 2663 443 2705; x_wconf 90' lang='lat' dir='ltr'><strong>Non</strong></span> <span class='ocrx_word' id='word_1_248' title='bbox 463 2665 599 2705; x_wconf 92' lang='lat' dir='ltr'><strong>solum</strong></span> <span class='ocrx_word' id='word_1_249' title='bbox 621 2664 666 2705; x_wconf 90' lang='lat' dir='ltr'><strong>in</strong></span> <span class='ocrx_word' id='word_1_250' title='bbox 685 2663 770 2705; x_wconf 89' lang='lat' dir='ltr'><strong>fine</strong></span> <span class='ocrx_word' id='word_1_251' title='bbox 791 2663 891 2705; x_wconf 85' lang='lat' dir='ltr'><strong>anni</strong></span> <span class='ocrx_word' id='word_1_252' title='bbox 912 2663 1162 2717; x_wconf 83' lang='lat' dir='ltr'><strong>superioris,</strong></span> <span class='ocrx_word' id='word_1_253' title='bbox 1178 2662 1255 2703; x_wconf 89' lang='lat' dir='ltr'><strong>sed</strong></span> <span class='ocrx_word' id='word_1_254' title='bbox 1275 2662 1361 2704; x_wconf 94' lang='lat' dir='ltr'><strong>hoc</strong></span> <span class='ocrx_word' id='word_1_255' title='bbox 1381 2662 1557 2703; x_wconf 86' lang='lat' dir='ltr'><strong>ineunte</strong></span> <span class='ocrx_word' id='word_1_256' title='bbox 1577 2661 1725 2711; x_wconf 86' lang='lat' dir='ltr'><strong>etiam,</strong></span> 
     </span>
     <span class='ocr_line' id='line_1_34' title="bbox 278 2728 1726 2784; baseline -0.002 -11"><span class='ocrx_word' id='word_1_257' title='bbox 278 2742 447 2784; x_wconf 82' lang='lat' dir='ltr'><strong>magnae</strong></span> <span class='ocrx_word' id='word_1_258' title='bbox 478 2730 655 2774; x_wconf 84' lang='lat' dir='ltr'><strong>Tiberis</strong></span> <span class='ocrx_word' id='word_1_259' title='bbox 686 2730 995 2772; x_wconf 88' lang='lat' dir='ltr'><strong>inundationes</strong></span> <span class='ocrx_word' id='word_1_260' title='bbox 1030 2734 1335 2773; x_wconf 87' lang='lat' dir='ltr'><strong>memorantur.</strong></span> <span class='ocrx_word' id='word_1_261' title='bbox 1396 2728 1599 2769; x_wconf 73' lang='lat' dir='ltr'><strong>Fulmina</strong></span> <span class='ocrx_word' id='word_1_262' title='bbox 1619 2728 1726 2771; x_wconf 77' lang='lat' dir='ltr'><strong>ictae</strong></span> 
     </span>
    </p>
   </div>
  </div>
 </body>
</html>
