1910 3112
267 237 299 278 2
873 245 1130 277 EplsronA.

267 342 409 384 sectos
449 344 493 383 et
531 344 785 384 consumtos
824 353 964 394 prope
1003 340 1062 382 ad
1104 331 1323 381 interitum
1370 337 1618 391 redegeris?
1687 337 1727 378 Ο

266 409 493 452 Achillem
522 408 770 451 Gallicum!
831 407 870 448 Ο
902 408 1152 448 Lunovrci
1195 406 1371 447 MAGNl
1412 406 1730 447 incrementum

267 477 464 519 illustre!
523 476 563 518 Ο
587 479 906 518 consummatae
921 476 1014 529 jam
1036 474 1211 516 virtutis
1232 487 1285 515 ac
1306 473 1509 514 militaris
1529 472 1725 514 scientiae

267 545 554 598 magistrum!
612 544 690 586 Sic
723 557 800 598 per
834 546 878 585 te
912 542 1058 584 fracta
1096 554 1256 595 nempe
1294 543 1364 582 tot
1395 539 1590 581 hostium
1626 552 1729 581 con-

267 614 477 655 tumacia.
537 612 614 653 Sic
640 611 859 653 Liliorum
892 609 1207 652 Francicorum
1239 606 1516 662 splendorem
1549 607 1636 648 nen
1661 609 1730 647 tu-

269 680 354 722 eris
372 680 519 730 modo,
537 679 617 720 sed
636 680 745 720 mire
767 691 903 732 auges
924 682 972 719 et
991 676 1252 731 amplificas.

326 747 444 800 Ergo
475 748 514 788 si
543 747 713 789 viveret
743 745 963 787 Horatius
997 747 1146 785 noster
1179 743 1248 784 his
1283 742 1571 797 temporibus,
1596 753 1729 796 quam

269 818 446 856 strenue
480 815 628 857 Druso
661 813 871 868 majorem
901 811 1173 854 celebraret!
1224 808 1409 860 Quanto
1445 809 1635 852 alacrius
1674 808 1730 849 de

270 886 329 932 te,
349 883 693 925 SEREmsslME
716 881 989 930 ancssps,
1011 879 1300 933 praedicaret:

820 947 1048 989 Vindelici
1070 977 1081 988 .
1103 976 1114 988 .
1136 977 1146 988 .

497 1016 680 1059 Sensere
701 1015 808 1070 quid
826 1029 952 1057 mens
972 1015 1069 1065 rite,
1088 1015 1195 1070 quid
1216 1013 1390 1056 indoles

501 1083 683 1125 Nutrita
702 1083 860 1124 faustis
880 1083 963 1124 sub
983 1082 1285 1136 penetralibus

559 1151 732 1192 Posset.

330 1220 473 1262 Porro
493 1222 668 1261 crescat
686 1217 871 1267 interim,
901 1215 1090 1257 feliciter
1116 1214 1359 1264 adolescat,
1381 1215 1510 1257 bonis
1529 1216 1734 1258 omnibus

273 1288 523 1343 disciplinis
562 1286 816 1328 instituatur
854 1288 987 1339 atque
1015 1283 1209 1325 firmetur
1245 1283 1411 1338 triplex
1449 1283 1593 1338 Regni
1628 1297 1735 1339 spes

275 1360 319 1397 et
359 1356 583 1397 columen:
624 1353 944 1395 Serenissimos
983 1352 1086 1393 dico
1125 1350 1356 1405 Principes
1393 1351 1734 1401 BURGUNmAE‚

274 1423 741 1471 ANDEoAvnNst,
764 1421 1062 1462 Bl'rumoum
1087 1418 1238 1460 Duces
1254 1433 1263 1459 :
1279 1431 1401 1473 *quos
1414 1424 1588 1461 tuarum
1602 1422 1735 1473 atque

275 1491 525 1532 LUDovmi
562 1490 739 1531 MAGNI
775 1489 983 1531 virtutum
1017 1487 1204 1529 aemulos
1234 1486 1466 1528 universus
1496 1487 1619 1529 orbis
1636 1486 1735 1541 jam

269 1557 454 1613 jamque
488 1561 653 1613 sperat,
693 1560 926 1606 reveretur,
965 1554 1236 1597 reformidat.
1310 1553 1526 1598 Crescant
1559 1555 1639 1606 illi,
1679 1554 1737 1596 ad

274 1631 472 1667 nostrum
494 1626 751 1681 praesidium
769 1638 793 1677 32
814 1625 994 1667 dotibus
1013 1623 1145 1677 regiis
1165 1623 1430 1664 instruantur
1448 1622 1507 1663 ad
1526 1626 1737 1663 terrorem

276 1692 494 1745 hostium3
526 1696 767 1746 augeantur
786 1692 1020 1732 virtutibus
1042 1691 1100 1732 ad
1122 1690 1372 1743 Religionis
1392 1689 1737 1740 firmamentum;

277 1760 466 1814 denique
482 1760 552 1801 his
573 1760 778 1801 omnibus
796 1759 841 1801 in
861 1759 959 1800 dies
978 1758 1287 1807 inclarescant,
1309 1756 1367 1798 ad
1386 1756 1535 1799 Patris
1554 1754 1736 1810 Avique

277 1827 428 1878 gloriae
448 1827 687 1868 cumulum.

337 1892 428 1932 His
448 1892 626 1943 quidem
644 1893 747 1930 illos
767 1893 886 1930 votis
909 1893 1069 1933 Franci
1104 1905 1257 1934 omnes
1293 1891 1602 1935 amantissime
1633 1903 1740 1946 pro-

282 1960 544 2011 sequuntur3
576 1955 678 1996 dum
718 1958 766 1995 tu
809 1967 926 2014 nova
963 1968 1097 2008 paras
1127 1956 1260 2004 bella,
1289 1968 1521 2009 novosque
1550 1957 1740 2001 adornas

279 2023 539 2077 triumphos.
598 2022 694 2074 Ego
723 2021 898 2063 demum
927 2021 1141 2075 obsequio
1177 2021 1414 2075 studioque
1446 2034 1536 2063 non
1560 2022 1741 2064 ultimus

281 2091 437 2133 saltem
456 2089 679 2132 accinam:

511 2156 737 2199 Contende
755 2156 867 2198 felix
888 2156 942 2197 ad
963 2156 1106 2199 decus
1124 2156 1355 2210 optimum,

514 2225 783 2267 DEnPfflNE
805 2224 1037 2278 Princeps,
1060 2223 1217 2266 Gloria
1236 2224 1308 2265 cui
1328 2224 1483 2278 praeit:

570 2292 892 2346 Quodcumque
910 2291 1000 2348 (sic
1019 2291 1124 2334 fatis
1143 2290 1382 2346 statutum)

629 2361 937 2420 BORBOMUM
959 2364 1044 2410 est,
1064 2358 1194 2401 decet
1212 2372 1313 2401 esse
1333 2372 1570 2404 summum.
