1916 3190
267 234 352 276 384
748 250 792 287 Q.
825 249 1031 278 tioRA‘rn
1070 248 1242 280 unAcffl

551 340 599 381 Si
618 341 781 382 fractus
801 342 1005 383 illabatur
1025 344 1156 392 orbis,

608 408 891 461 Impavidum
911 409 1071 452 ferient
1088 411 1238 451 ruinae.

496 473 600 516 Hac
623 481 718 516 arte
740 475 907 517 Pollux
927 480 972 518 et
992 490 1130 530 vagus
1150 477 1375 519 Hercules

495 541 676 593 Enisus‚
697 556 819 585 arces
842 544 991 597 attigit
1011 545 1165 598 igneas
1183 558 1194 596 ;

551 608 678 659 Quos
698 610 811 651 inter
830 610 1062 663 Augustus
1082 612 1344 653 recumbens

607 675 838 730 Purpureo
854 678 969 719 bibit
990 691 1066 719 ore
1085 683 1249 719 nectar.

1661 547 1717 587 10

265 799 338 828 ruat
350 797 457 829 mundi
470 798 571 830 soluta
585 808 746 840 compages
759 800 949 841 intrepidum
960 801 1113 842 opprimet
1125 811 1223 833 casus.
1251 801 1321 833 Ista
1335 802 1454 843 pellem
1468 802 1584 833 virtute
1598 799 1718 832 Pollux

266 842 297 870 ee
311 840 502 872 errabundus
516 841 669 873 Hercules
682 844 763 874 oedes
776 844 817 874 ad
830 843 951 883 ignitas
964 845 1125 876 ascendit.-
1146 845 1228 876 inter
1253 854 1328 885 quos
1349 844 1512 885 Augustus
1536 845 1644 875 sedens
1666 852 1719 873 ore

873 949 890 960 e
895 949 1111 961 ”vomo

265 1009 408 1042 Wetzel.
424 1009 559 1042 Wakef.
585 1014 621 1042 et
644 1010 749 1043 Kidd.
773 1010 1021 1053 mag-ndmeinua
1044 1015 1147 1047 Jocis.
1193 1015 1290 1046 Harl.
1309 1017 1342 1046 2.
1357 1017 1390 1046 3.
1414 1013 1484 1055 alii,
1507 1023 1584 1045 cnm
1601 1013 1716 1054 vnlgg.

266 1063 383 1092 mog-na
397 1053 488 1083 Jovis
503 1062 635 1091 manu-u
659 1053 841 1087 Gemblac.
855 1059 885 1087 l.
912 1057 1104 1097 Pulmanni,
1124 1067 1241 1096 magna
1254 1058 1362 1088 domus
1375 1055 1541 1088 heim—7
1565 1055 1719 1087 Bentleii

266 1095 362 1127 Leid.
388 1102 425 1126 et
450 1095 611 1127 Petrens.
627 1095 774 1129 Mentel.
791 1102 827 1129 et
850 1099 942 1139 Lips.
959 1102 990 1131 1.
1008 1110 1028 1131 a
1043 1109 1088 1130 m.
1106 1110 1157 1140 pr.
1173 1099 1395 1131 illamam—9
1417 1098 1561 1139 Cnning.
1581 1097 1718 1129 emend.

265 1138 323 1169 hac
334 1146 452 1176 vagum
475 1142 512 1168 et
527 1137 576 1168 sic
591 1137 715 1170 Sanad.
730 1139 849 1172 Jones.
864 1141 1041 1174 Simu—10
1057 1142 1191 1174 Innixus
1206 1143 1299 1183 quid.
1314 1142 1418 1183 Cruq.
1435 1141 1535 1173 Harl.
1551 1143 1584 1172 6.
1600 1139 1674 1182 Alt.
1685 1142 1719 1172 2.

265 1185 304 1211 et
316 1179 464 1211 Helmst.
480 1189 500 1209 a
515 1189 559 1210 in.
575 1189 602 1211 a.
619 1180 762 1212 Venett.
778 1183 920 1215 Locher.
938 1184 1020 1216 Asc.
1037 1184 1154 1216 Basill.
1169 1184 1287 1216 Lamb.
1300 1184 1464 1216 Glarean.
1482 1182 1583 1215 Fabr.
1597 1182 1719 1222 Steph.

264 1223 372 1262 Rutg.
389 1221 470 1253 Fab.
485 1221 605 1253 Heius.
624 1222 748 1256 Dacer.
763 1225 852 1256 Sivr.
868 1231 904 1258 et
920 1228 1062 1269 vulgati.
1106 1227 1236 1259 Iuniana
1258 1227 1376 1259 Bentl.
1395 1227 1513 1259 Graev,
1536 1229 1573 1257 et
1594 1225 1717 1265 Regii„

265 1269 334 1296 tres
353 1265 450 1296 Torr.
467 1263 582 1304 plures
598 1265 717 1297 Lamb.
738 1266 837 1299 Harl.
856 1271 884 1301 1.
899 1272 933 1302 4.
959 1270 1051 1311 Lips.
1066 1273 1098 1302 2.
1113 1273 1144 1301 3.
1169 1270 1269 1301 Dess.
1284 1270 1317 1302 2.
1342 1269 1411 1301 duo
1426 1269 1561 1301 Bersm.
1577 1268 1719 1299 Vascon-

266 1307 405 1345 Invisus,
428 1315 557 1346 errore,
583 1307 676 1348 quid.
705 1309 810 1351 Cruq.
828 1310 899 1342 Alt.
915 1315 948 1344 2.
976 1323 996 1344 a
1018 1323 1063 1344 m.
1090 1323 1143 1352 pr.
1162 1313 1253 1354 Lips.
1269 1314 1301 1343 4.
1328 1312 1448 1344 Zarot.
1493 1310 1612 1342 Enim
1625 1308 1718 1350 quid·

264 1350 385 1380 Lamb.
402 1348 563 1380 Blandin.
587 1350 767 1391 antiquiss.
794 1358 831 1384 et
847 1359 993 1394 quatuor
1015 1356 1069 1386 alii
1087 1356 1191 1396 Cruq.
1214 1365 1301 1386 unus
1327 1355 1425 1386 Torr.
1449 1353 1598 1385 Bentleii
1623 1352 1719 1384 Leid.

266 1392 353 1431 Reg.
377 1391 454 1422 Soc.
471 1390 632 1422 Peneus.
649 1397 686 1423 et
700 1394 842 1432 Vigorn.
860 1396 966 1428 Brod.
983 1398 1076 1437 Lips.
1091 1401 1122 1429 1.
1146 1398 1292 1429 Mentel.
1310 1397 1459 1437 Franeq.
1486 1399 1522 1426 et
1548 1395 1596 1426 sic
1611 1394 1717 1434 Cruq.

264 1433 400 1465 Mai-cil.
416 1433 532 1463 Bentl.
548 1433 634 1474 (ξω).
649 1432 731 1466 San.
745 1436 862 1469 Jones.
882 1439 982 1470 Baxt.
999 1441 1008 1456 ‘
1024 1440 1135 1471 Recte
1150 1441 1157 1470 !
1176 1449 1253 1470 nam
1268 1442 1277 1457 ⁴
1292 1439 1378 1469 eniti
1389 1438 1398 1452 '
1411 1446 1526 1469 eorum
1545 1435 1718 1477 proprium

265 1482 332 1512 est,
355 1475 412 1516 qui
434 1474 620 1506 ascendere
645 1476 678 1506 in
703 1477 808 1510 altum
825 1485 1017 1519 conanturg
1040 1491 1117 1512 cum
1141 1487 1150 1500 ¹
1164 1481 1263 1513 inniti
1278 1480 1287 1494 '
1308 1481 1354 1512 sit
1376 1479 1485 1511 fulcro
1509 1478 1718 1519 incumbere,

266 1518 357 1559 quod
373 1518 405 1548 li.
423 1517 445 1549 l.
464 1517 574 1548 minus
586 1521 715 1558 aptum.
758 1520 914 1564 Denique
935 1524 1056 1555 Enixus
1070 1523 1143 1556 Alt.
1160 1527 1190 1556 1.
1203 1524 1311 1554 minus
1325 1522 1413 1554 bene
1428 1532 1438 1561 3
1460 1522 1523 1552 hoc
1537 1520 1626 1552 euim
1642 1519 1718 1552 fere

267 1561 310 1592 de
336 1564 436 1601 partu
458 1558 611 1590 dicitur!
633 1561 722 1591 dani.
766 1564 884 1597 Em‘sus
907 1566 1037 1598 habent
1061 1567 1167 1599 etiam
1195 1566 1294 1598 Harl.
1309 1567 1343 1597 2.
1359 1567 1390 1596 3.
1402 1568 1434 1597 5.
1455 1563 1550 1604 Jani,
1577 1562 1717 1604 Bipont.

264 1602 406 1634 Mitsch.
421 1601 564 1632 Wetzel.
581 1602 716 1634 Wakef.
731 1604 849 1638 Comb.
867 1612 904 1639 et
923 1608 1115 1640 Kidd.-12
1134 1609 1292 1649 Purpureo
1307 1608 1390 1639 bibet
1404 1607 1564 1641 Jannoct.
1579 1609 1616 1636 et
1632 1614 1716 1636 unns

265 1645 349 1677 Vat.
366 1642 484 1676 Lamb.
498 1642 595 1675 Harl.
609 1646 640 1675 2.
654 1648 688 1678 4.
705 1649 737 1678 5.
759 1647 874 1681 Pulm.
891 1650 1070 1682 Gemblac.
1082 1653 1114 1682 1.
1132 1657 1168 1682 et
1179 1651 1306 1682 Beller.
1319 1649 1411 1691 quid.
1424 1649 1532 1691 Cruq.
1547 1652 1584 1680 et
1600 1647 1717 1679 Bentl.

517 1739 534 1746 x

920 1749 1063 1784 NOTAE

308 1828 327 1858 7
354 1826 393 1858 Si
401 1827 529 1866 fractus
544 1829 694 1862 illabatur
711 1828 808 1870 orbis]
833 1826 965 1860 Alludit
1020 1828 1241 1859 monumenta
1255 1821 1408 1863 reliquit.
1547 1868 1566 1876 ..

265 1876 308 1907 ad
333 1882 485 1909 veterum
522 1880 733 1921 quorundam
758 1879 964 1919 opinionem,
1065 1880 1105 1908 10
1116 1876 1214 1908 Arces
1225 1873 1336 1913 attigit
1350 1870 1474 1912 igneas]
1491 1867 1585 1913 Adiit
1597 1868 1718 1901 eoelum

265 1927 386 1957 coelum
399 1933 558 1960 constare
572 1930 753 1970 lapidibus,
765 1934 800 1960 et
812 1929 962 1970 aliquau—
1018 1927 1189 1960 sideribus
1205 1926 1333 1956 micans
1348 1927 1385 1954 et
1398 1920 1532 1952 urdene.

265 1974 309 2006 do
338 1975 518 2009 ruiturum.
563 1979 652 2010 Vide
677 1979 824 2011 Aristot.
851 1979 962 2010 Meta·
1063 1980 1102 2009 ll
1129 1977 1213 2012 Quos
1234 1975 1318 2006 inter
1331 1972 1509 2012 Augustus,
1530 1967 1600 2010 ξα]
1625 1969 1718 2000 Deo-

264 2024 364 2064 phys.
394 2035 428 2057 v.
456 2027 600 2068 Diogen.
630 2029 746 2061 Laert.
772 2030 830 2060 lib.
860 2037 901 2060 ιι.
930 2029 962 2059 in
1018 2037 1091 2059 rum
1110 2026 1220 2067 epulis
1240 2022 1444 2057 accumbens
1463 2025 1585 2052 nectar
1607 2023 1719 2060 potat,

265 2073 486 2114 Anaxagora,
532 2077 639 2110 Celtae
667 2079 835 2120 quaerenti
858 2078 962 2110 Alex·
1013 2076 1086 2118 jam
1103 2082 1174 2107 tum
1191 2085 1267 2106 cum
1281 2074 1314 2105 in
1328 2072 1427 2105 terris
1448 2071 1591 2111 degeret
1606 2067 1719 2100 factus

266 2123 386 2163 andro,
401 2125 480 2166 quid
500 2126 708 2166 potissimum
725 2128 963 2167 formidarent,
1018 2127 1148 2165 Divus3
1165 2126 1322 2157 nimirum
1339 2127 1418 2164 post
1431 2121 1638 2154 debellatum
1651 2129 1719 2151 om-

264 2173 328 2204 boc
350 2174 613 2215 responderunt,
633 2185 676 2207 ne
704 2177 848 2208 cadente
877 2178 963 2209 coelo

265 2224 552 2264 opprimerentur.
598 2225 717 2258 Quint.
750 2226 847 2257 Curt.
900 2227 964 2257 Est

265 2279 302 2304 et
328 2273 487 2315 proverb.
514 2270 605 2316 apud
631 2275 764 2308 Erasm.
787 2276 797 2292 ‘
815 2275 907 2308 Quid
935 2276 962 2306 si

265 2324 387 2356 coelum
404 2329 481 2356 ruat
491 2323 513 2356 ?’

308 2376 330 2405 9
353 2373 427 2405 Hac
440 2379 510 2407 arte
525 2374 654 2416 Pollux,
670 2377 740 2418 ξω]
762 2376 813 2408 Ea
822 2376 963 2411 virtute,

266 2423 429 2465 aequitate
444 2430 481 2456 et
492 2426 686 2457 constantia
698 2426 817 2457 beroeis
829 2425 963 2457 immor-

267 2474 436 2506 talitatem
453 2475 583 2516 adepti,
599 2475 798 2518 divinosque
822 2476 965 2508 bonores

266 2529 345 2556 sunt
389 2527 575 2566 consecuti,
610 2527 748 2566 Pollux,

269 2627 322 2656 12.

315 2674 419 2714 Vagus
448 2676 614 2719 Hercules]
638 2679 705 2712 Qui
736 2679 845 2710 varias
875 2677 965 2710 orbis

267 2725 424 2764 regiones
441 2729 647 2769 peragravit,
662 2734 696 2760 et
710 2729 817 2760 multa
829 2728 965 2771 passim,

269 2775 430 2806 monstris
447 2777 547 2808 etiam
577 2778 724 2818 domitis,
738 2778 874 2810 virtutis
894 2787 962 2809 suae

788 2527 969 2567 Hercules,

266 2575 435 2617 Bacchus,
452 2576 629 2614 Romulus,
653 2577 697 2610 de
722 2578 842 2620 quibus
858 2587 884 2610 ι.
899 2576 967 2610 od.

1017 2177 1098 2208 uiuo
1114 2176 1210 2207 Sext.
1227 2173 1442 2215 Pompeium.
1485 2171 1542 2202 De
1558 2178 1624 2211 quo
1641 2167 1717 2199 vide

1017 2225 1164 2266 Appian.
1182 2224 1225 2255 de
1249 2223 1337 2254 Bell.
1358 2221 1458 2253 Civil.
1481 2218 1540 2251 lib.
1557 2227 1592 2249 v.
1615 2221 1717 2248 antea

1018 2279 1132 2305 tamen
1149 2282 1299 2314 quoque,
1314 2270 1375 2302 sed
1398 2279 1458 2311 per
1474 2267 1718 2305 adulationem,

1018 2325 1066 2355 ita
1094 2323 1238 2363 Virgilio
1276 2321 1479 2361 appellatus,
1522 2317 1653 2357 Ecloga
1691 2324 1718 2347 ι.

1017 2375 1027 2393 ‘
1045 2374 1143 2406 Deus
1159 2371 1254 2403 nobis
1270 2372 1346 2402 haee
1360 2369 1431 2400 otia
1445 2366 1553 2399 fecit!

1062 2426 1101 2455 12
1119 2423 1280 2463 Purpureo
1296 2419 1374 2450 bibit
1389 2417 1457 2458 ore]
1482 2416 1632 2448 Deorum
1647 2419 1717 2447 sta-

1021 2473 1088 2505 tuis
1107 2483 1146 2504 os
1168 2481 1229 2503 seu
1250 2471 1363 2502 vultus
1379 2467 1483 2500 minio
1499 2467 1714 2508 pingebatur.

1020 2525 1097 2557 Quo
1120 2521 1311 2564 respexisse
1329 2517 1525 2557 Horatium,
1540 2525 1607 2547 non
1619 2515 1717 2547 dubi-

1020 2574 1174 2607 laverim.

1065 2621 1199 2662 Nectar]
1221 2620 1311 2653 Vide
1334 2628 1410 2661 quae
1437 2626 1516 2648 mox
1545 2614 1738 2647 annotabo

1020 2675 1062 2706 ad
1079 2684 1137 2706 eas
1154 2681 1272 2704 voces:
1297 2670 1307 2688 ‘
1325 2670 1451 2701 ducere
1473 2666 1622 2699 nectaris
1641 2674 1716 2697 suc-

1018 2724 1101 2758 cos.'
