<?xml version="1.0" encoding="UTF-8"?>
<!DOCTYPE html PUBLIC "-//W3C//DTD XHTML 1.0 Transitional//EN"
    "http://www.w3.org/TR/xhtml1/DTD/xhtml1-transitional.dtd">
<html xmlns="http://www.w3.org/1999/xhtml" xml:lang="en" lang="en">
 <head>
  <title>
</title>
<meta http-equiv="Content-Type" content="text/html;charset=utf-8" />
  <meta name='ocr-system' content='tesseract 3.04.00' />
  <meta name='ocr-capabilities' content='ocr_page ocr_carea ocr_par ocr_line ocrx_word'/>
</head>
<body>
  <div class='ocr_page' id='page_1' title='image "./operazeune01horauoft_0262.png"; bbox 0 0 1916 3190; ppageno 0'>
   <div class='ocr_carea' id='block_1_1' title="bbox 249 249 335 290">
    <p class='ocr_par' dir='ltr' id='par_1_1' title="bbox 249 249 335 290">
     <span class='ocr_line' id='line_1_1' title="bbox 249 249 335 290; baseline 0 0"><span class='ocrx_word' id='word_1_1' title='bbox 249 249 335 290; x_wconf 82' lang='lat'><strong>254</strong></span> 
     </span>
    </p>
   </div>
   <div class='ocr_carea' id='block_1_2' title="bbox 732 262 1224 301">
    <p class='ocr_par' dir='ltr' id='par_1_2' title="bbox 732 262 1224 301">
     <span class='ocr_line' id='line_1_2' title="bbox 732 262 1224 301; baseline 0.006 -9"><span class='ocrx_word' id='word_1_2' title='bbox 732 263 775 301; x_wconf 83' lang='lat' dir='ltr'><strong>Q.</strong></span> <span class='ocrx_word' id='word_1_3' title='bbox 807 262 1016 293; x_wconf 76' lang='lat' dir='ltr'>HORATH</span> <span class='ocrx_word' id='word_1_4' title='bbox 1050 263 1224 295; x_wconf 73' lang='lat' dir='ltr'><strong>FLAGGI</strong></span> 
     </span>
    </p>
   </div>
   <div class='ocr_carea' id='block_1_3' title="bbox 420 353 1354 532">
    <p class='ocr_par' dir='ltr' id='par_1_3' title="bbox 420 353 1354 532">
     <span class='ocr_line' id='line_1_3' title="bbox 420 353 1211 410; baseline 0.004 -15"><span class='ocrx_word' id='word_1_5' title='bbox 420 353 526 395; x_wconf 90' lang='lat' dir='ltr'><strong>Non</strong></span> <span class='ocrx_word' id='word_1_6' title='bbox 546 353 753 397; x_wconf 88' lang='lat' dir='ltr'><strong>indecoro</strong></span> <span class='ocrx_word' id='word_1_7' title='bbox 774 356 954 410; x_wconf 89' lang='lat' dir='ltr'><strong>pulvere</strong></span> <span class='ocrx_word' id='word_1_8' title='bbox 974 356 1181 398; x_wconf 87' lang='lat' dir='ltr'><strong>sordidos</strong></span> <span class='ocrx_word' id='word_1_9' title='bbox 1199 370 1211 408; x_wconf 92' lang='grc'><strong>;</strong></span> 
     </span>
     <span class='ocr_line' id='line_1_4' title="bbox 475 420 1170 472; baseline 0.004 -11"><span class='ocrx_word' id='word_1_10' title='bbox 475 420 532 462; x_wconf 89' lang='lat' dir='ltr'><strong>Et</strong></span> <span class='ocrx_word' id='word_1_11' title='bbox 550 426 709 463; x_wconf 84' lang='lat' dir='ltr'><strong>cuncta</strong></span> <span class='ocrx_word' id='word_1_12' title='bbox 729 427 942 463; x_wconf 85' lang='lat' dir='ltr'><strong>terrarum</strong></span> <span class='ocrx_word' id='word_1_13' title='bbox 964 423 1170 472; x_wconf 85' lang='lat' dir='ltr'><strong>subacta,</strong></span> 
     </span>
     <span class='ocr_line' id='line_1_5' title="bbox 531 488 1354 532; baseline 0.001 -2"><span class='ocrx_word' id='word_1_14' title='bbox 531 488 702 531; x_wconf 76' lang='lat' dir='ltr'><strong>Praeter</strong></span> <span class='ocrx_word' id='word_1_15' title='bbox 721 492 917 531; x_wconf 84' lang='lat' dir='ltr'><strong>atrocem</strong></span> <span class='ocrx_word' id='word_1_16' title='bbox 940 490 1133 531; x_wconf 91' lang='lat' dir='ltr'><strong>animum</strong></span> <span class='ocrx_word' id='word_1_17' title='bbox 1154 490 1354 532; x_wconf 85' lang='lat' dir='ltr'><strong>Catonis.</strong></span> 
     </span>
    </p>
   </div>
   <div class='ocr_carea' id='block_1_4' title="bbox 246 597 1694 640">
    <p class='ocr_par' dir='ltr' id='par_1_4' title="bbox 246 597 1694 640">
     <span class='ocr_line' id='line_1_6' title="bbox 246 597 1694 640; baseline 0.001 -11"><span class='ocrx_word' id='word_1_18' title='bbox 246 597 328 638; x_wconf 77' lang='lat' dir='ltr'><strong>cipes</strong></span> <span class='ocrx_word' id='word_1_19' title='bbox 339 597 475 637; x_wconf 73' lang='lat' dir='ltr'><strong>glorioso</strong></span> <span class='ocrx_word' id='word_1_20' title='bbox 489 599 616 639; x_wconf 82' lang='lat' dir='ltr'><strong>pulvere</strong></span> <span class='ocrx_word' id='word_1_21' title='bbox 629 599 785 639; x_wconf 77' lang='lat' dir='ltr'><strong>squalidos</strong></span> <span class='ocrx_word' id='word_1_22' title='bbox 792 609 805 636; x_wconf 88' lang='grc'><em>;</em></span> <span class='ocrx_word' id='word_1_23' title='bbox 829 608 1004 639; x_wconf 82' lang='lat' dir='ltr'><strong>omnemque</strong></span> <span class='ocrx_word' id='word_1_24' title='bbox 1029 602 1185 630; x_wconf 79' lang='lat' dir='ltr'><strong>terrarum</strong></span> <span class='ocrx_word' id='word_1_25' title='bbox 1199 599 1301 631; x_wconf 86' lang='lat' dir='ltr'><strong>orbem</strong></span> <span class='ocrx_word' id='word_1_26' title='bbox 1314 597 1475 640; x_wconf 80' lang='lat' dir='ltr'><strong>domitum,</strong></span> <span class='ocrx_word' id='word_1_27' title='bbox 1490 602 1616 640; x_wconf 75' lang='lat' dir='ltr'><strong>excepto</strong></span> <span class='ocrx_word' id='word_1_28' title='bbox 1632 599 1694 631; x_wconf 83' lang='lat' dir='ltr'><strong>Ca-</strong></span> 
     </span>
    </p>
   </div>
   <div class='ocr_carea' id='block_1_5' title="bbox 851 680 1088 694">
    <p class='ocr_par' dir='ltr' id='par_1_5' title="bbox 851 680 1088 694">
     <span class='ocr_line' id='line_1_7' title="bbox 851 680 1088 694; baseline 0 -1"><span class='ocrx_word' id='word_1_29' title='bbox 851 681 871 693; x_wconf 61' lang='lat' dir='ltr'><em>O</em></span> <span class='ocrx_word' id='word_1_30' title='bbox 875 680 1088 694; x_wconf 58' lang='lat' dir='ltr'><strong>‘NOONOOOO</strong></span> 
     </span>
    </p>
   </div>
   <div class='ocr_carea' id='block_1_6' title="bbox 248 725 1695 862">
    <p class='ocr_par' dir='ltr' id='par_1_6' title="bbox 248 725 1695 862">
     <span class='ocr_line' id='line_1_8' title="bbox 248 725 1695 787; baseline 0.001 -11"><span class='ocrx_word' id='word_1_31' title='bbox 248 747 290 776; x_wconf 73' lang='lat'><strong>23</strong></span> <span class='ocrx_word' id='word_1_32' title='bbox 315 745 367 777; x_wconf 81' lang='lat' dir='ltr'><strong>En</strong></span> <span class='ocrx_word' id='word_1_33' title='bbox 380 748 490 777; x_wconf 74' lang='lat' dir='ltr'><strong>cuncta</strong></span> <span class='ocrx_word' id='word_1_34' title='bbox 506 745 588 777; x_wconf 88' lang='lat' dir='ltr'><strong>Var.</strong></span> <span class='ocrx_word' id='word_1_35' title='bbox 602 746 702 778; x_wconf 87' lang='lat' dir='ltr'><strong>Lect.</strong></span> <span class='ocrx_word' id='word_1_36' title='bbox 718 755 774 787; x_wconf 90' lang='lat' dir='ltr'><strong>ap.</strong></span> <span class='ocrx_word' id='word_1_37' title='bbox 789 744 995 778; x_wconf 84' lang='lat' dir='ltr'><strong>Jones.—25</strong></span> <span class='ocrx_word' id='word_1_38' title='bbox 1018 746 1104 776; x_wconf 81' lang='lat' dir='ltr'><strong>Juno</strong></span> <span class='ocrx_word' id='word_1_39' title='bbox 1121 745 1260 777; x_wconf 84' lang='lat' dir='ltr'><strong><em>Deorum</em></strong></span> <span class='ocrx_word' id='word_1_40' title='bbox 1275 725 1378 777; x_wconf 65' lang='lat' dir='ltr'><strong>Desa.</strong></span> <span class='ocrx_word' id='word_1_41' title='bbox 1394 749 1427 778; x_wconf 84' lang='lat'><strong>2.</strong></span> <span class='ocrx_word' id='word_1_42' title='bbox 1450 746 1596 786; x_wconf 77' lang='lat' dir='ltr'><strong>quicquid</strong></span> <span class='ocrx_word' id='word_1_43' title='bbox 1615 745 1695 778; x_wconf 76' lang='lat' dir='ltr'><strong>ami·</strong></span> 
     </span>
     <span class='ocr_line' id='line_1_9' title="bbox 898 830 1040 862; baseline -0.007 0"><span class='ocrx_word' id='word_1_44' title='bbox 898 830 1040 862; x_wconf 85' lang='lat' dir='ltr'>NOTAE</span> 
     </span>
    </p>
   </div>
   <div class='ocr_carea' id='block_1_7' title="bbox 242 893 947 2814">
    <p class='ocr_par' dir='ltr' id='par_1_7' title="bbox 242 893 946 1530">
     <span class='ocr_line' id='line_1_10' title="bbox 247 893 944 934; baseline 0.001 -10"><span class='ocrx_word' id='word_1_45' title='bbox 247 893 400 934; x_wconf 66' lang='lat' dir='ltr'><strong>praelium</strong></span> <span class='ocrx_word' id='word_1_46' title='bbox 421 893 578 925; x_wconf 88' lang='lat' dir='ltr'><strong>oratione</strong></span> <span class='ocrx_word' id='word_1_47' title='bbox 601 894 786 926; x_wconf 80' lang='lat' dir='ltr'><strong>incitantes</strong></span> <span class='ocrx_word' id='word_1_48' title='bbox 802 893 944 925; x_wconf 87' lang='lat' dir='ltr'><strong>militum</strong></span> 
     </span>
     <span class='ocr_line' id='line_1_11' title="bbox 247 941 946 983; baseline 0.001 -10"><span class='ocrx_word' id='word_1_49' title='bbox 247 942 375 974; x_wconf 87' lang='lat' dir='ltr'><strong>animos</strong></span> <span class='ocrx_word' id='word_1_50' title='bbox 386 941 613 983; x_wconf 88' lang='lat' dir='ltr'><strong>virtutemque</strong></span> <span class='ocrx_word' id='word_1_51' title='bbox 624 948 799 980; x_wconf 85' lang='lat' dir='ltr'><strong>acuentes,</strong></span> <span class='ocrx_word' id='word_1_52' title='bbox 814 943 946 983; x_wconf 86' lang='lat' dir='ltr'><strong>pollici-</strong></span> 
     </span>
     <span class='ocr_line' id='line_1_12' title="bbox 245 991 942 1024; baseline 0.001 -1"><span class='ocrx_word' id='word_1_53' title='bbox 245 992 290 1023; x_wconf 85' lang='lat' dir='ltr'><strong>tis</strong></span> <span class='ocrx_word' id='word_1_54' title='bbox 305 991 407 1023; x_wconf 84' lang='lat' dir='ltr'><strong>etiam</strong></span> <span class='ocrx_word' id='word_1_55' title='bbox 422 995 460 1022; x_wconf 88' lang='lat' dir='ltr'><strong>et</strong></span> <span class='ocrx_word' id='word_1_56' title='bbox 473 991 758 1023; x_wconf 83' lang='lat' dir='ltr'><strong>obtestationibus</strong></span> <span class='ocrx_word' id='word_1_57' title='bbox 773 992 942 1024; x_wconf 78' lang='lat' dir='ltr'><strong>adhibitis.</strong></span> 
     </span>
     <span class='ocr_line' id='line_1_13' title="bbox 244 1041 944 1081; baseline -0.001 -8"><span class='ocrx_word' id='word_1_58' title='bbox 244 1042 386 1074; x_wconf 87' lang='lat' dir='ltr'><strong>Sueton.</strong></span> <span class='ocrx_word' id='word_1_59' title='bbox 412 1041 484 1073; x_wconf 85' lang='lat' dir='ltr'><strong>Jul.</strong></span> <span class='ocrx_word' id='word_1_60' title='bbox 513 1041 641 1072; x_wconf 80' lang='lat' dir='ltr'><strong>Caesar.</strong></span> <span class='ocrx_word' id='word_1_61' title='bbox 671 1050 748 1081; x_wconf 88' lang='lat' dir='ltr'><strong>cap.</strong></span> <span class='ocrx_word' id='word_1_62' title='bbox 772 1044 826 1074; x_wconf 76' lang='lat'><strong>33.</strong></span> <span class='ocrx_word' id='word_1_63' title='bbox 847 1043 857 1060; x_wconf 89' lang='lat'>‘</span> <span class='ocrx_word' id='word_1_64' title='bbox 874 1042 944 1073; x_wconf 87' lang='lat' dir='ltr'><strong>Pro</strong></span> 
     </span>
     <span class='ocr_line' id='line_1_14' title="bbox 244 1088 945 1123; baseline 0 0"><span class='ocrx_word' id='word_1_65' title='bbox 244 1091 406 1123; x_wconf 87' lang='lat' dir='ltr'>concione</span> <span class='ocrx_word' id='word_1_66' title='bbox 420 1089 523 1121; x_wconf 82' lang='lat' dir='ltr'><strong>fidem</strong></span> <span class='ocrx_word' id='word_1_67' title='bbox 539 1090 682 1121; x_wconf 90' lang='lat' dir='ltr'><strong>militum</strong></span> <span class='ocrx_word' id='word_1_68' title='bbox 695 1089 780 1122; x_wconf 77' lang='lat' dir='ltr'><strong>flens</strong></span> <span class='ocrx_word' id='word_1_69' title='bbox 791 1088 831 1122; x_wconf 82' lang='lat' dir='ltr'><strong>ac</strong></span> <span class='ocrx_word' id='word_1_70' title='bbox 847 1095 945 1123; x_wconf 88' lang='lat' dir='ltr'><strong>veste</strong></span> 
     </span>
     <span class='ocr_line' id='line_1_15' title="bbox 246 1139 944 1181; baseline 0 -9"><span class='ocrx_word' id='word_1_71' title='bbox 246 1150 265 1172; x_wconf 88' lang='lat' dir='ltr'><strong>a</strong></span> <span class='ocrx_word' id='word_1_72' title='bbox 282 1144 423 1181; x_wconf 82' lang='lat' dir='ltr'><strong>pectore</strong></span> <span class='ocrx_word' id='word_1_73' title='bbox 436 1139 579 1170; x_wconf 84' lang='lat' dir='ltr'><strong>discissa</strong></span> <span class='ocrx_word' id='word_1_74' title='bbox 591 1139 776 1172; x_wconf 87' lang='lat' dir='ltr'><strong>invocavit.</strong></span> <span class='ocrx_word' id='word_1_75' title='bbox 819 1140 944 1172; x_wconf 83' lang='lat' dir='ltr'><strong>Existi·</strong></span> 
     </span>
     <span class='ocr_line' id='line_1_16' title="bbox 246 1189 943 1230; baseline -0.001 -8"><span class='ocrx_word' id='word_1_76' title='bbox 246 1194 359 1222; x_wconf 88' lang='lat' dir='ltr'><strong>matur</strong></span> <span class='ocrx_word' id='word_1_77' title='bbox 373 1189 476 1221; x_wconf 90' lang='lat' dir='ltr'><strong>etiam</strong></span> <span class='ocrx_word' id='word_1_78' title='bbox 497 1193 678 1230; x_wconf 79' lang='lat' dir='ltr'><strong>equestres</strong></span> <span class='ocrx_word' id='word_1_79' title='bbox 702 1198 825 1221; x_wconf 86' lang='lat' dir='ltr'><strong>census</strong></span> <span class='ocrx_word' id='word_1_80' title='bbox 848 1189 943 1230; x_wconf 88' lang='lat' dir='ltr'><strong>polli-</strong></span> 
     </span>
     <span class='ocr_line' id='line_1_17' title="bbox 245 1239 944 1282; baseline -0.001 -9"><span class='ocrx_word' id='word_1_81' title='bbox 245 1242 336 1273; x_wconf 87' lang='lat' dir='ltr'><strong>citus</strong></span> <span class='ocrx_word' id='word_1_82' title='bbox 365 1241 519 1282; x_wconf 84' lang='lat' dir='ltr'><strong>singulis,</strong></span> <span class='ocrx_word' id='word_1_83' title='bbox 547 1248 609 1281; x_wconf 86' lang='lat' dir='ltr'><strong>per</strong></span> <span class='ocrx_word' id='word_1_84' title='bbox 633 1249 716 1281; x_wconf 83' lang='lat' dir='ltr'><strong>quos</strong></span> <span class='ocrx_word' id='word_1_85' title='bbox 742 1239 944 1280; x_wconf 84' lang='lat' dir='ltr'><strong>dignitatem</strong></span> 
     </span>
     <span class='ocr_line' id='line_1_18' title="bbox 246 1290 945 1331; baseline 0.001 -9"><span class='ocrx_word' id='word_1_86' title='bbox 246 1301 340 1323; x_wconf 80' lang='lat' dir='ltr'><strong>suam</strong></span> <span class='ocrx_word' id='word_1_87' title='bbox 356 1291 559 1323; x_wconf 84' lang='lat' dir='ltr'><strong>defensurus</strong></span> <span class='ocrx_word' id='word_1_88' title='bbox 574 1290 690 1331; x_wconf 87' lang='lat' dir='ltr'><strong>esset‚’</strong></span> <span class='ocrx_word' id='word_1_89' title='bbox 703 1292 768 1322; x_wconf 66' lang='grc' dir='ltr'><strong>ἃς.</strong></span> <span class='ocrx_word' id='word_1_90' title='bbox 807 1291 873 1323; x_wconf 92' lang='lat' dir='ltr'><strong>Vel</strong></span> <span class='ocrx_word' id='word_1_91' title='bbox 888 1302 945 1324; x_wconf 79' lang='lat' dir='ltr'><strong>uu-</strong></span> 
     </span>
     <span class='ocr_line' id='line_1_19' title="bbox 244 1341 943 1382; baseline 0.001 -10"><span class='ocrx_word' id='word_1_92' title='bbox 244 1342 313 1373; x_wconf 79' lang='lat' dir='ltr'><strong>dire</strong></span> <span class='ocrx_word' id='word_1_93' title='bbox 325 1342 433 1372; x_wconf 75' lang='lat' dir='ltr'><strong>videor</strong></span> <span class='ocrx_word' id='word_1_94' title='bbox 446 1341 551 1373; x_wconf 75' lang='lat' dir='ltr'><strong>Duces</strong></span> <span class='ocrx_word' id='word_1_95' title='bbox 566 1341 668 1372; x_wconf 86' lang='lat' dir='ltr'><strong>victae</strong></span> <span class='ocrx_word' id='word_1_96' title='bbox 688 1341 808 1382; x_wconf 88' lang='lat' dir='ltr'><strong>partis,</strong></span> <span class='ocrx_word' id='word_1_97' title='bbox 823 1341 943 1373; x_wconf 90' lang='lat' dir='ltr'><strong>subac-</strong></span> 
     </span>
     <span class='ocr_line' id='line_1_20' title="bbox 243 1388 943 1429; baseline 0.003 -9"><span class='ocrx_word' id='word_1_98' title='bbox 243 1394 314 1421; x_wconf 88' lang='lat' dir='ltr'><strong>tam</strong></span> <span class='ocrx_word' id='word_1_99' title='bbox 333 1388 502 1421; x_wconf 86' lang='lat' dir='ltr'><strong>deflentes</strong></span> <span class='ocrx_word' id='word_1_100' title='bbox 518 1399 655 1421; x_wconf 85' lang='lat' dir='ltr'><strong>cansam</strong></span> <span class='ocrx_word' id='word_1_101' title='bbox 678 1391 866 1429; x_wconf 86' lang='lat' dir='ltr'><strong>meliorem,</strong></span> <span class='ocrx_word' id='word_1_102' title='bbox 893 1395 943 1422; x_wconf 90' lang='lat' dir='ltr'><strong>at-</strong></span> 
     </span>
     <span class='ocr_line' id='line_1_21' title="bbox 242 1439 943 1482; baseline 0.001 -12"><span class='ocrx_word' id='word_1_103' title='bbox 242 1449 309 1482; x_wconf 91' lang='lat' dir='ltr'><strong>que</strong></span> <span class='ocrx_word' id='word_1_104' title='bbox 324 1439 571 1479; x_wconf 75' lang='lat' dir='ltr'><strong>pessumdatam</strong></span> <span class='ocrx_word' id='word_1_105' title='bbox 583 1439 780 1471; x_wconf 85' lang='lat' dir='ltr'><strong>libertatem</strong></span> <span class='ocrx_word' id='word_1_106' title='bbox 793 1444 830 1471; x_wconf 92' lang='lat' dir='ltr'><strong>et</strong></span> <span class='ocrx_word' id='word_1_107' title='bbox 843 1439 943 1471; x_wconf 88' lang='lat' dir='ltr'><strong>Rem-</strong></span> 
     </span>
     <span class='ocr_line' id='line_1_22' title="bbox 246 1488 430 1530; baseline 0.005 -11"><span class='ocrx_word' id='word_1_108' title='bbox 246 1488 430 1530; x_wconf 85' lang='lat' dir='ltr'><strong>publicam.</strong></span> 
     </span>
    </p>

    <p class='ocr_par' dir='ltr' id='par_1_8' title="bbox 243 1537 943 1916">
     <span class='ocr_line' id='line_1_23' title="bbox 287 1537 942 1579; baseline 0.003 -11"><span class='ocrx_word' id='word_1_109' title='bbox 287 1537 425 1577; x_wconf 78' lang='lat' dir='ltr'><strong>Magnos</strong></span> <span class='ocrx_word' id='word_1_110' title='bbox 449 1537 554 1578; x_wconf 76' lang='lat' dir='ltr'><strong>daces]</strong></span> <span class='ocrx_word' id='word_1_111' title='bbox 578 1538 780 1579; x_wconf 85' lang='lat' dir='ltr'><strong>Pompeium</strong></span> <span class='ocrx_word' id='word_1_112' title='bbox 806 1538 842 1569; x_wconf 93' lang='lat' dir='ltr'><strong>in</strong></span> <span class='ocrx_word' id='word_1_113' title='bbox 867 1538 942 1570; x_wconf 87' lang='lat' dir='ltr'><strong>acie</strong></span> 
     </span>
     <span class='ocr_line' id='line_1_24' title="bbox 243 1587 942 1631; baseline 0 -10"><span class='ocrx_word' id='word_1_114' title='bbox 243 1589 442 1621; x_wconf 76' lang='lat' dir='ltr'><strong>Pharsalica</strong></span> <span class='ocrx_word' id='word_1_115' title='bbox 470 1587 705 1630; x_wconf 87' lang='lat' dir='ltr'><strong>profligatum:</strong></span> <span class='ocrx_word' id='word_1_116' title='bbox 740 1590 942 1631; x_wconf 84' lang='lat' dir='ltr'><strong>Labienum,</strong></span> 
     </span>
     <span class='ocr_line' id='line_1_25' title="bbox 243 1637 942 1678; baseline 0.001 -9"><span class='ocrx_word' id='word_1_117' title='bbox 243 1637 437 1678; x_wconf 83' lang='lat' dir='ltr'><strong>Afranium,</strong></span> <span class='ocrx_word' id='word_1_118' title='bbox 459 1637 598 1678; x_wconf 84' lang='lat' dir='ltr'><strong>Jubam,</strong></span> <span class='ocrx_word' id='word_1_119' title='bbox 621 1638 655 1670; x_wconf 90' lang='lat' dir='ltr'><strong>in</strong></span> <span class='ocrx_word' id='word_1_120' title='bbox 678 1637 816 1671; x_wconf 84' lang='lat' dir='ltr'><strong>Africa:</strong></span> <span class='ocrx_word' id='word_1_121' title='bbox 840 1639 942 1670; x_wconf 86' lang='lat' dir='ltr'><strong>Pom-</strong></span> 
     </span>
     <span class='ocr_line' id='line_1_26' title="bbox 243 1686 942 1728; baseline 0.001 -10"><span class='ocrx_word' id='word_1_122' title='bbox 243 1687 314 1728; x_wconf 91' lang='lat' dir='ltr'><strong>peii</strong></span> <span class='ocrx_word' id='word_1_123' title='bbox 331 1686 438 1718; x_wconf 84' lang='lat' dir='ltr'><strong>filium</strong></span> <span class='ocrx_word' id='word_1_124' title='bbox 464 1687 500 1718; x_wconf 90' lang='lat' dir='ltr'><strong>in</strong></span> <span class='ocrx_word' id='word_1_125' title='bbox 519 1687 688 1728; x_wconf 84' lang='lat' dir='ltr'><strong>Hispania</strong></span> <span class='ocrx_word' id='word_1_126' title='bbox 709 1688 753 1719; x_wconf 90' lang='lat' dir='ltr'><strong>ad</strong></span> <span class='ocrx_word' id='word_1_127' title='bbox 776 1688 942 1720; x_wconf 87' lang='lat' dir='ltr'><strong>Mundam</strong></span> 
     </span>
     <span class='ocr_line' id='line_1_27' title="bbox 243 1735 943 1777; baseline 0.001 -10"><span class='ocrx_word' id='word_1_128' title='bbox 243 1735 383 1767; x_wconf 88' lang='lat' dir='ltr'><strong>urbem:</strong></span> <span class='ocrx_word' id='word_1_129' title='bbox 428 1736 571 1777; x_wconf 85' lang='lat' dir='ltr'><strong>ejusque</strong></span> <span class='ocrx_word' id='word_1_130' title='bbox 614 1735 755 1767; x_wconf 82' lang='lat' dir='ltr'><strong>fratrem</strong></span> <span class='ocrx_word' id='word_1_131' title='bbox 798 1736 943 1768; x_wconf 85' lang='lat' dir='ltr'><strong>Sextum</strong></span> 
     </span>
     <span class='ocr_line' id='line_1_28' title="bbox 243 1784 942 1826; baseline 0.001 -10"><span class='ocrx_word' id='word_1_132' title='bbox 243 1785 458 1826; x_wconf 85' lang='lat' dir='ltr'><strong>Pompeium,</strong></span> <span class='ocrx_word' id='word_1_133' title='bbox 475 1785 532 1826; x_wconf 89' lang='lat' dir='ltr'><strong>qui</strong></span> <span class='ocrx_word' id='word_1_134' title='bbox 548 1784 707 1817; x_wconf 85' lang='lat' dir='ltr'><strong>Corduba</strong></span> <span class='ocrx_word' id='word_1_135' title='bbox 723 1785 759 1816; x_wconf 89' lang='lat' dir='ltr'><strong>in</strong></span> <span class='ocrx_word' id='word_1_136' title='bbox 779 1785 942 1825; x_wconf 84' lang='lat' dir='ltr'><strong>Siciliam,</strong></span> 
     </span>
     <span class='ocr_line' id='line_1_29' title="bbox 244 1834 943 1875; baseline 0.001 -9"><span class='ocrx_word' id='word_1_137' title='bbox 244 1840 280 1867; x_wconf 91' lang='lat' dir='ltr'><strong>et</strong></span> <span class='ocrx_word' id='word_1_138' title='bbox 295 1836 372 1866; x_wconf 89' lang='lat' dir='ltr'><strong>hinc</strong></span> <span class='ocrx_word' id='word_1_139' title='bbox 388 1835 423 1866; x_wconf 88' lang='lat' dir='ltr'><strong>in</strong></span> <span class='ocrx_word' id='word_1_140' title='bbox 442 1834 559 1866; x_wconf 82' lang='lat' dir='ltr'><strong>Asiam</strong></span> <span class='ocrx_word' id='word_1_141' title='bbox 583 1834 716 1875; x_wconf 80' lang='lat' dir='ltr'><strong>fugiens</strong></span> <span class='ocrx_word' id='word_1_142' title='bbox 739 1834 878 1867; x_wconf 86' lang='lat' dir='ltr'><strong>tandem</strong></span> <span class='ocrx_word' id='word_1_143' title='bbox 900 1834 943 1867; x_wconf 89' lang='lat' dir='ltr'><strong>ab</strong></span> 
     </span>
     <span class='ocr_line' id='line_1_30' title="bbox 243 1884 716 1916; baseline -0.002 0"><span class='ocrx_word' id='word_1_144' title='bbox 243 1885 449 1916; x_wconf 88' lang='lat' dir='ltr'><strong>Antonianis</strong></span> <span class='ocrx_word' id='word_1_145' title='bbox 464 1884 511 1915; x_wconf 91' lang='lat' dir='ltr'><strong>ibi</strong></span> <span class='ocrx_word' id='word_1_146' title='bbox 526 1894 635 1915; x_wconf 85' lang='lat' dir='ltr'><strong>caesus</strong></span> <span class='ocrx_word' id='word_1_147' title='bbox 652 1888 716 1916; x_wconf 89' lang='lat' dir='ltr'><strong>est.</strong></span> 
     </span>
    </p>

    <p class='ocr_par' dir='ltr' id='par_1_9' title="bbox 242 1933 947 2814">
     <span class='ocr_line' id='line_1_31' title="bbox 286 1933 945 1975; baseline 0.003 -11"><span class='ocrx_word' id='word_1_148' title='bbox 286 1936 329 1964; x_wconf 82' lang='lat'><strong>22</strong></span> <span class='ocrx_word' id='word_1_149' title='bbox 359 1934 434 1964; x_wconf 80' lang='lat' dir='ltr'><strong>Non</strong></span> <span class='ocrx_word' id='word_1_150' title='bbox 462 1933 606 1965; x_wconf 75' lang='lat' dir='ltr'><strong>indecoro</strong></span> <span class='ocrx_word' id='word_1_151' title='bbox 632 1935 760 1973; x_wconf 62' lang='grc' dir='ltr'><strong>μάται’</strong></span> <span class='ocrx_word' id='word_1_152' title='bbox 788 1934 945 1975; x_wconf 75' lang='lat' dir='ltr'><strong>sordidos]</strong></span> 
     </span>
     <span class='ocr_line' id='line_1_32' title="bbox 243 1981 941 2024; baseline 0.001 -11"><span class='ocrx_word' id='word_1_153' title='bbox 243 1982 285 2013; x_wconf 87' lang='lat' dir='ltr'><strong>In</strong></span> <span class='ocrx_word' id='word_1_154' title='bbox 307 1982 383 2022; x_wconf 87' lang='lat' dir='ltr'><strong>ipso</strong></span> <span class='ocrx_word' id='word_1_155' title='bbox 403 1981 580 2022; x_wconf 88' lang='lat' dir='ltr'><strong>conflictu,</strong></span> <span class='ocrx_word' id='word_1_156' title='bbox 594 1982 775 2023; x_wconf 87' lang='lat' dir='ltr'><strong>mediaque</strong></span> <span class='ocrx_word' id='word_1_157' title='bbox 788 1984 862 2014; x_wconf 90' lang='lat' dir='ltr'><strong>acie</strong></span> <span class='ocrx_word' id='word_1_158' title='bbox 878 1993 941 2024; x_wconf 86' lang='lat' dir='ltr'><strong>per</strong></span> 
     </span>
     <span class='ocr_line' id='line_1_33' title="bbox 244 2031 944 2071; baseline 0 -9"><span class='ocrx_word' id='word_1_159' title='bbox 244 2031 395 2071; x_wconf 81' lang='lat' dir='ltr'><strong>singulos</strong></span> <span class='ocrx_word' id='word_1_160' title='bbox 433 2031 570 2061; x_wconf 80' lang='lat' dir='ltr'><strong>ordines</strong></span> <span class='ocrx_word' id='word_1_161' title='bbox 600 2031 796 2062; x_wconf 85' lang='lat' dir='ltr'><strong>discurrunt</strong></span> <span class='ocrx_word' id='word_1_162' title='bbox 836 2032 944 2062; x_wconf 87' lang='lat' dir='ltr'><strong>inter-</strong></span> 
     </span>
     <span class='ocr_line' id='line_1_34' title="bbox 245 2079 940 2120; baseline -0.003 -8"><span class='ocrx_word' id='word_1_163' title='bbox 245 2080 326 2112; x_wconf 88' lang='lat' dir='ltr'><strong>dum</strong></span> <span class='ocrx_word' id='word_1_164' title='bbox 351 2079 469 2118; x_wconf 84' lang='lat' dir='ltr'><strong>duces,</strong></span> <span class='ocrx_word' id='word_1_165' title='bbox 492 2079 552 2110; x_wconf 89' lang='lat' dir='ltr'><strong>hos</strong></span> <span class='ocrx_word' id='word_1_166' title='bbox 582 2079 726 2120; x_wconf 86' lang='lat' dir='ltr'><strong>illosque</strong></span> <span class='ocrx_word' id='word_1_167' title='bbox 742 2080 785 2111; x_wconf 89' lang='lat' dir='ltr'><strong>ad</strong></span> <span class='ocrx_word' id='word_1_168' title='bbox 801 2084 940 2111; x_wconf 83' lang='lat' dir='ltr'><strong>strenue</strong></span> 
     </span>
     <span class='ocr_line' id='line_1_35' title="bbox 244 2129 941 2171; baseline -0.001 -10"><span class='ocrx_word' id='word_1_169' title='bbox 244 2129 466 2171; x_wconf 79' lang='lat' dir='ltr'><strong>pugnandum</strong></span> <span class='ocrx_word' id='word_1_170' title='bbox 503 2129 729 2160; x_wconf 82' lang='lat' dir='ltr'><strong>adhortantur</strong></span> <span class='ocrx_word' id='word_1_171' title='bbox 763 2139 829 2160; x_wconf 91' lang='lat' dir='ltr'><strong>non</strong></span> <span class='ocrx_word' id='word_1_172' title='bbox 867 2139 941 2160; x_wconf 87' lang='lat' dir='ltr'><strong>ver-</strong></span> 
     </span>
     <span class='ocr_line' id='line_1_36' title="bbox 243 2177 940 2227; baseline -0.001 -16"><span class='ocrx_word' id='word_1_173' title='bbox 243 2179 294 2211; x_wconf 88' lang='lat' dir='ltr'><strong>bis</strong></span> <span class='ocrx_word' id='word_1_174' title='bbox 323 2179 431 2210; x_wconf 80' lang='lat' dir='ltr'><strong>solum</strong></span> <span class='ocrx_word' id='word_1_175' title='bbox 454 2177 516 2209; x_wconf 80' lang='lat' dir='ltr'><strong>sed</strong></span> <span class='ocrx_word' id='word_1_176' title='bbox 540 2182 577 2208; x_wconf 89' lang='lat' dir='ltr'><strong>et</strong></span> <span class='ocrx_word' id='word_1_177' title='bbox 600 2178 772 2227; x_wconf 84' lang='lat' dir='ltr'><strong>exemplo,</strong></span> <span class='ocrx_word' id='word_1_178' title='bbox 794 2178 940 2218; x_wconf 80' lang='lat' dir='ltr'><strong>glorioso</strong></span> 
     </span>
     <span class='ocr_line' id='line_1_37' title="bbox 243 2227 941 2271; baseline -0.003 -11"><span class='ocrx_word' id='word_1_179' title='bbox 243 2228 386 2271; x_wconf 80' lang='lat' dir='ltr'><strong>proinde</strong></span> <span class='ocrx_word' id='word_1_180' title='bbox 399 2228 465 2269; x_wconf 85' lang='lat' dir='ltr'><strong>ipsi</strong></span> <span class='ocrx_word' id='word_1_181' title='bbox 477 2228 619 2268; x_wconf 87' lang='lat' dir='ltr'><strong>pulvere</strong></span> <span class='ocrx_word' id='word_1_182' title='bbox 628 2228 816 2268; x_wconf 84' lang='lat' dir='ltr'><strong>conspersi.</strong></span> <span class='ocrx_word' id='word_1_183' title='bbox 838 2227 941 2267; x_wconf 90' lang='lat' dir='ltr'><strong>Apud</strong></span> 
     </span>
     <span class='ocr_line' id='line_1_38' title="bbox 244 2276 941 2318; baseline -0.003 -9"><span class='ocrx_word' id='word_1_184' title='bbox 244 2278 378 2309; x_wconf 87' lang='lat' dir='ltr'><strong>Livium</strong></span> <span class='ocrx_word' id='word_1_185' title='bbox 390 2277 530 2318; x_wconf 84' lang='lat' dir='ltr'><strong>passim.</strong></span> <span class='ocrx_word' id='word_1_186' title='bbox 573 2277 664 2308; x_wconf 82' lang='lat' dir='ltr'><strong>Flor.</strong></span> <span class='ocrx_word' id='word_1_187' title='bbox 679 2277 739 2308; x_wconf 80' lang='lat' dir='ltr'><strong>cit.</strong></span> <span class='ocrx_word' id='word_1_188' title='bbox 754 2276 797 2308; x_wconf 92' lang='lat' dir='ltr'><strong>de</strong></span> <span class='ocrx_word' id='word_1_189' title='bbox 810 2276 941 2317; x_wconf 89' lang='lat' dir='ltr'><strong>Philip·</strong></span> 
     </span>
     <span class='ocr_line' id='line_1_39' title="bbox 243 2326 941 2370; baseline -0.003 -11"><span class='ocrx_word' id='word_1_190' title='bbox 243 2328 341 2370; x_wconf 88' lang='lat' dir='ltr'><strong>pensi</strong></span> <span class='ocrx_word' id='word_1_191' title='bbox 356 2328 562 2359; x_wconf 82' lang='lat' dir='ltr'><strong>certamine:</strong></span> <span class='ocrx_word' id='word_1_192' title='bbox 579 2328 588 2345; x_wconf 88' lang='lat'>‘</span> <span class='ocrx_word' id='word_1_193' title='bbox 602 2327 733 2358; x_wconf 88' lang='lat' dir='ltr'><strong>Multus</strong></span> <span class='ocrx_word' id='word_1_194' title='bbox 747 2326 782 2358; x_wconf 89' lang='lat' dir='ltr'><strong>in</strong></span> <span class='ocrx_word' id='word_1_195' title='bbox 797 2335 839 2358; x_wconf 89' lang='lat' dir='ltr'><strong>eo</strong></span> <span class='ocrx_word' id='word_1_196' title='bbox 854 2336 941 2367; x_wconf 82' lang='lat' dir='ltr'><strong>prae-</strong></span> 
     </span>
     <span class='ocr_line' id='line_1_40' title="bbox 242 2375 941 2418; baseline -0.003 -9"><span class='ocrx_word' id='word_1_197' title='bbox 242 2378 289 2409; x_wconf 84' lang='lat' dir='ltr'><strong>lio</strong></span> <span class='ocrx_word' id='word_1_198' title='bbox 305 2377 424 2409; x_wconf 84' lang='lat' dir='ltr'><strong>Coesar</strong></span> <span class='ocrx_word' id='word_1_199' title='bbox 437 2376 518 2416; x_wconf 80' lang='lat' dir='ltr'><strong>fuit,</strong></span> <span class='ocrx_word' id='word_1_200' title='bbox 541 2376 739 2418; x_wconf 84' lang='lat' dir='ltr'><strong>mediusque</strong></span> <span class='ocrx_word' id='word_1_201' title='bbox 761 2377 852 2408; x_wconf 88' lang='lat' dir='ltr'><strong>inter</strong></span> <span class='ocrx_word' id='word_1_202' title='bbox 872 2375 941 2407; x_wconf 91' lang='lat' dir='ltr'><strong>Im-</strong></span> 
     </span>
     <span class='ocr_line' id='line_1_41' title="bbox 245 2426 944 2469; baseline -0.006 -9"><span class='ocrx_word' id='word_1_203' title='bbox 245 2431 436 2469; x_wconf 86' lang='lat' dir='ltr'><strong>peratorem</strong></span> <span class='ocrx_word' id='word_1_204' title='bbox 449 2432 486 2458; x_wconf 91' lang='lat' dir='ltr'><strong>et</strong></span> <span class='ocrx_word' id='word_1_205' title='bbox 496 2426 651 2458; x_wconf 83' lang='lat' dir='ltr'><strong>militem.</strong></span> <span class='ocrx_word' id='word_1_206' title='bbox 684 2426 796 2457; x_wconf 88' lang='lat' dir='ltr'><strong>Voces</strong></span> <span class='ocrx_word' id='word_1_207' title='bbox 809 2434 944 2467; x_wconf 88' lang='lat' dir='ltr'><strong>quoque</strong></span> 
     </span>
     <span class='ocr_line' id='line_1_42' title="bbox 248 2474 945 2518; baseline -0.006 -9"><span class='ocrx_word' id='word_1_208' title='bbox 248 2476 481 2518; x_wconf 83' lang='lat' dir='ltr'><strong>obequitantis</strong></span> <span class='ocrx_word' id='word_1_209' title='bbox 507 2475 690 2516; x_wconf 76' lang='lat' dir='ltr'><strong>exceptae,’</strong></span> <span class='ocrx_word' id='word_1_210' title='bbox 723 2477 786 2508; x_wconf 62' lang='lat' dir='ltr'><strong>ac.</strong></span> <span class='ocrx_word' id='word_1_211' title='bbox 840 2474 945 2515; x_wconf 85' lang='lat' dir='ltr'><strong>Apud</strong></span> 
     </span>
     <span class='ocr_line' id='line_1_43' title="bbox 247 2523 945 2564; baseline -0.004 -7"><span class='ocrx_word' id='word_1_212' title='bbox 247 2525 412 2558; x_wconf 86' lang='lat' dir='ltr'><strong>Mundam</strong></span> <span class='ocrx_word' id='word_1_213' title='bbox 426 2534 507 2556; x_wconf 87' lang='lat' dir='ltr'><strong>vero</strong></span> <span class='ocrx_word' id='word_1_214' title='bbox 517 2524 608 2556; x_wconf 86' lang='lat' dir='ltr'><strong>idem</strong></span> <span class='ocrx_word' id='word_1_215' title='bbox 619 2525 749 2564; x_wconf 84' lang='lat' dir='ltr'><strong>Caesar,</strong></span> <span class='ocrx_word' id='word_1_216' title='bbox 762 2525 772 2540; x_wconf 94' lang='lat'>‘</span> <span class='ocrx_word' id='word_1_217' title='bbox 786 2523 945 2564; x_wconf 85' lang='lat' dir='ltr'><strong>ablegato</strong></span> 
     </span>
     <span class='ocr_line' id='line_1_44' title="bbox 248 2572 947 2616; baseline -0.004 -9"><span class='ocrx_word' id='word_1_218' title='bbox 248 2585 347 2616; x_wconf 90' lang='lat' dir='ltr'><strong>equo,</strong></span> <span class='ocrx_word' id='word_1_219' title='bbox 359 2574 477 2606; x_wconf 87' lang='lat' dir='ltr'><strong>similis</strong></span> <span class='ocrx_word' id='word_1_220' title='bbox 486 2573 617 2607; x_wconf 88' lang='lat' dir='ltr'><strong>furenti</strong></span> <span class='ocrx_word' id='word_1_221' title='bbox 629 2574 771 2615; x_wconf 80' lang='lat' dir='ltr'><strong>primam</strong></span> <span class='ocrx_word' id='word_1_222' title='bbox 788 2573 824 2604; x_wconf 90' lang='lat' dir='ltr'><strong>in</strong></span> <span class='ocrx_word' id='word_1_223' title='bbox 840 2572 947 2604; x_wconf 83' lang='lat' dir='ltr'><strong>aciem</strong></span> 
     </span>
     <span class='ocr_line' id='line_1_45' title="bbox 249 2622 946 2666; baseline -0.004 -10"><span class='ocrx_word' id='word_1_224' title='bbox 249 2626 433 2666; x_wconf 82' lang='lat' dir='ltr'><strong>procurrit.</strong></span> <span class='ocrx_word' id='word_1_225' title='bbox 489 2624 544 2656; x_wconf 92' lang='lat' dir='ltr'><strong>Ibi</strong></span> <span class='ocrx_word' id='word_1_226' title='bbox 573 2633 736 2665; x_wconf 82' lang='lat' dir='ltr'><strong>prensare</strong></span> <span class='ocrx_word' id='word_1_227' title='bbox 765 2622 946 2664; x_wconf 82' lang='lat' dir='ltr'><strong>fugientes,</strong></span> 
     </span>
     <span class='ocr_line' id='line_1_46' title="bbox 249 2673 944 2715; baseline -0.001 -10"><span class='ocrx_word' id='word_1_228' title='bbox 249 2673 470 2713; x_wconf 85' lang='lat' dir='ltr'><strong>confirmare;</strong></span> <span class='ocrx_word' id='word_1_229' title='bbox 494 2684 557 2715; x_wconf 79' lang='lat' dir='ltr'><strong>per</strong></span> <span class='ocrx_word' id='word_1_230' title='bbox 578 2678 688 2706; x_wconf 89' lang='lat' dir='ltr'><strong>totum</strong></span> <span class='ocrx_word' id='word_1_231' title='bbox 712 2673 862 2714; x_wconf 83' lang='lat' dir='ltr'><strong>deniqne</strong></span> <span class='ocrx_word' id='word_1_232' title='bbox 887 2682 944 2713; x_wconf 84' lang='lat' dir='ltr'><strong>ag·</strong></span> 
     </span>
     <span class='ocr_line' id='line_1_47' title="bbox 249 2723 945 2764; baseline -0.003 -9"><span class='ocrx_word' id='word_1_233' title='bbox 249 2733 339 2764; x_wconf 88' lang='lat' dir='ltr'><strong>men,</strong></span> <span class='ocrx_word' id='word_1_234' title='bbox 364 2725 481 2763; x_wconf 77' lang='lat' dir='ltr'><strong>oculis,</strong></span> <span class='ocrx_word' id='word_1_235' title='bbox 502 2725 668 2761; x_wconf 80' lang='lat' dir='ltr'><strong>manibus,</strong></span> <span class='ocrx_word' id='word_1_236' title='bbox 693 2725 842 2756; x_wconf 84' lang='lat' dir='ltr'><strong>clamore</strong></span> <span class='ocrx_word' id='word_1_237' title='bbox 863 2723 945 2754; x_wconf 85' lang='lat' dir='ltr'><strong>voli-</strong></span> 
     </span>
     <span class='ocr_line' id='line_1_48' title="bbox 250 2772 946 2814; baseline -0.003 -9"><span class='ocrx_word' id='word_1_238' title='bbox 250 2773 347 2805; x_wconf 67' lang='lat' dir='ltr'><strong>tare!</strong></span> <span class='ocrx_word' id='word_1_239' title='bbox 375 2774 452 2813; x_wconf 87' lang='lat' dir='ltr'><strong>Vel,</strong></span> <span class='ocrx_word' id='word_1_240' title='bbox 469 2774 497 2805; x_wconf 92' lang='lat' dir='ltr'><strong>si</strong></span> <span class='ocrx_word' id='word_1_241' title='bbox 513 2772 641 2806; x_wconf 81' lang='lat' dir='ltr'><strong>referas</strong></span> <span class='ocrx_word' id='word_1_242' title='bbox 659 2773 701 2805; x_wconf 90' lang='lat' dir='ltr'><strong>ad</strong></span> <span class='ocrx_word' id='word_1_243' title='bbox 719 2772 946 2814; x_wconf 83' lang='lat' dir='ltr'><strong>posteriorem</strong></span> 
     </span>
    </p>
   </div>
   <div class='ocr_carea' id='block_1_8' title="bbox 994 893 1699 2810">
    <p class='ocr_par' dir='ltr' id='par_1_10' title="bbox 996 893 1697 1122">
     <span class='ocr_line' id='line_1_49' title="bbox 998 893 1696 934; baseline 0.001 -10"><span class='ocrx_word' id='word_1_244' title='bbox 998 893 1322 934; x_wconf 85' lang='lat' dir='ltr'><strong>interpretationem</strong></span> <span class='ocrx_word' id='word_1_245' title='bbox 1347 903 1427 925; x_wconf 85' lang='lat' dir='ltr'><strong>mox</strong></span> <span class='ocrx_word' id='word_1_246' title='bbox 1453 893 1605 933; x_wconf 83' lang='lat' dir='ltr'><strong>allatam,</strong></span> <span class='ocrx_word' id='word_1_247' title='bbox 1625 895 1696 934; x_wconf 76' lang='lat' dir='ltr'><strong>pul-</strong></span> 
     </span>
     <span class='ocr_line' id='line_1_50' title="bbox 996 943 1697 984; baseline 0.003 -11"><span class='ocrx_word' id='word_1_248' title='bbox 996 953 1099 974; x_wconf 78' lang='lat' dir='ltr'><strong>verem</strong></span> <span class='ocrx_word' id='word_1_249' title='bbox 1122 943 1256 984; x_wconf 86' lang='lat' dir='ltr'><strong>accipe,</strong></span> <span class='ocrx_word' id='word_1_250' title='bbox 1276 943 1308 974; x_wconf 88' lang='lat' dir='ltr'><strong>in</strong></span> <span class='ocrx_word' id='word_1_251' title='bbox 1332 953 1401 984; x_wconf 86' lang='lat' dir='ltr'><strong>quo</strong></span> <span class='ocrx_word' id='word_1_252' title='bbox 1422 943 1618 974; x_wconf 85' lang='lat' dir='ltr'><strong>volutantur</strong></span> <span class='ocrx_word' id='word_1_253' title='bbox 1639 952 1697 975; x_wconf 87' lang='lat' dir='ltr'><strong>oc·</strong></span> 
     </span>
     <span class='ocr_line' id='line_1_51' title="bbox 997 992 1696 1033; baseline 0 -10"><span class='ocrx_word' id='word_1_254' title='bbox 997 992 1197 1024; x_wconf 86' lang='lat' dir='ltr'><strong>cumbentes</strong></span> <span class='ocrx_word' id='word_1_255' title='bbox 1214 1002 1278 1032; x_wconf 84' lang='lat' dir='ltr'><strong>pro</strong></span> <span class='ocrx_word' id='word_1_256' title='bbox 1295 993 1409 1033; x_wconf 78' lang='lat' dir='ltr'><strong>patria</strong></span> <span class='ocrx_word' id='word_1_257' title='bbox 1422 997 1458 1023; x_wconf 91' lang='lat' dir='ltr'><strong>et</strong></span> <span class='ocrx_word' id='word_1_258' title='bbox 1471 992 1634 1024; x_wconf 83' lang='lat' dir='ltr'><strong>libertate</strong></span> <span class='ocrx_word' id='word_1_259' title='bbox 1648 992 1696 1023; x_wconf 90' lang='lat' dir='ltr'><strong>ci-</strong></span> 
     </span>
     <span class='ocr_line' id='line_1_52' title="bbox 998 1040 1696 1074; baseline 0.001 -2"><span class='ocrx_word' id='word_1_260' title='bbox 998 1040 1102 1073; x_wconf 87' lang='lat' dir='ltr'><strong>vium.</strong></span> <span class='ocrx_word' id='word_1_261' title='bbox 1146 1042 1235 1073; x_wconf 90' lang='lat' dir='ltr'><strong>Vide</strong></span> <span class='ocrx_word' id='word_1_262' title='bbox 1252 1051 1278 1073; x_wconf 88' lang='lat'><strong>1.</strong></span> <span class='ocrx_word' id='word_1_263' title='bbox 1295 1041 1362 1074; x_wconf 86' lang='lat' dir='ltr'><strong>Od.</strong></span> <span class='ocrx_word' id='word_1_264' title='bbox 1379 1044 1410 1073; x_wconf 88' lang='lat'><strong>1.</strong></span> <span class='ocrx_word' id='word_1_265' title='bbox 1426 1044 1459 1074; x_wconf 72' lang='grc'><strong>3.</strong></span> <span class='ocrx_word' id='word_1_266' title='bbox 1480 1045 1517 1073; x_wconf 89' lang='lat' dir='ltr'><strong>et</strong></span> <span class='ocrx_word' id='word_1_267' title='bbox 1539 1041 1617 1073; x_wconf 89' lang='lat' dir='ltr'><strong>Ode</strong></span> <span class='ocrx_word' id='word_1_268' title='bbox 1632 1049 1696 1073; x_wconf 84' lang='lat' dir='ltr'><strong>xv.</strong></span> 
     </span>
     <span class='ocr_line' id='line_1_53' title="bbox 998 1093 1117 1122; baseline 0 0"><span class='ocrx_word' id='word_1_269' title='bbox 998 1100 1046 1122; x_wconf 83' lang='lat' dir='ltr'><strong>vs.</strong></span> <span class='ocrx_word' id='word_1_270' title='bbox 1062 1093 1117 1122; x_wconf 80' lang='lat'><strong>20.</strong></span> 
     </span>
    </p>

    <p class='ocr_par' dir='ltr' id='par_1_11' title="bbox 994 1140 1699 2810">
     <span class='ocr_line' id='line_1_54' title="bbox 1040 1140 1697 1182; baseline 0.002 -11"><span class='ocrx_word' id='word_1_271' title='bbox 1040 1142 1083 1172; x_wconf 79' lang='lat'><strong>24</strong></span> <span class='ocrx_word' id='word_1_272' title='bbox 1105 1140 1235 1172; x_wconf 83' lang='lat' dir='ltr'><strong>Proeter</strong></span> <span class='ocrx_word' id='word_1_273' title='bbox 1248 1143 1384 1172; x_wconf 76' lang='lat' dir='ltr'><strong>atrocem</strong></span> <span class='ocrx_word' id='word_1_274' title='bbox 1397 1140 1534 1172; x_wconf 72' lang='lat' dir='ltr'><strong>animwn</strong></span> <span class='ocrx_word' id='word_1_275' title='bbox 1550 1141 1697 1182; x_wconf 72' lang='lat' dir='ltr'><strong>Catonis]</strong></span> 
     </span>
     <span class='ocr_line' id='line_1_55' title="bbox 1001 1189 1697 1232; baseline 0 -11"><span class='ocrx_word' id='word_1_276' title='bbox 1001 1189 1087 1221; x_wconf 90' lang='lat' dir='ltr'><strong>Cato</strong></span> <span class='ocrx_word' id='word_1_277' title='bbox 1114 1190 1206 1230; x_wconf 88' lang='lat' dir='ltr'><strong>apud</strong></span> <span class='ocrx_word' id='word_1_278' title='bbox 1232 1190 1371 1222; x_wconf 84' lang='lat' dir='ltr'><strong>Uticam</strong></span> <span class='ocrx_word' id='word_1_279' title='bbox 1398 1190 1541 1221; x_wconf 86' lang='lat' dir='ltr'><strong>interire</strong></span> <span class='ocrx_word' id='word_1_280' title='bbox 1566 1190 1697 1232; x_wconf 87' lang='lat' dir='ltr'><strong>maluit,</strong></span> 
     </span>
     <span class='ocr_line' id='line_1_56' title="bbox 999 1238 1698 1281; baseline 0.001 -11"><span class='ocrx_word' id='word_1_281' title='bbox 999 1249 1100 1280; x_wconf 86' lang='lat' dir='ltr'><strong>quam</strong></span> <span class='ocrx_word' id='word_1_282' title='bbox 1119 1239 1265 1271; x_wconf 84' lang='lat' dir='ltr'><strong>hostium</strong></span> <span class='ocrx_word' id='word_1_283' title='bbox 1290 1239 1424 1280; x_wconf 71' lang='lat' dir='ltr'><strong>patria»,</strong></span> <span class='ocrx_word' id='word_1_284' title='bbox 1443 1239 1501 1281; x_wconf 89' lang='lat' dir='ltr'><strong>qui</strong></span> <span class='ocrx_word' id='word_1_285' title='bbox 1518 1238 1592 1279; x_wconf 89' lang='lat' dir='ltr'><strong>jam</strong></span> <span class='ocrx_word' id='word_1_286' title='bbox 1607 1239 1698 1271; x_wconf 85' lang='lat' dir='ltr'><strong>vice-</strong></span> 
     </span>
     <span class='ocr_line' id='line_1_57' title="bbox 998 1287 1699 1329; baseline -0.001 -10"><span class='ocrx_word' id='word_1_287' title='bbox 998 1294 1076 1319; x_wconf 85' lang='lat' dir='ltr'><strong>rant</strong></span> <span class='ocrx_word' id='word_1_288' title='bbox 1093 1292 1195 1329; x_wconf 87' lang='lat' dir='ltr'><strong>atque</strong></span> <span class='ocrx_word' id='word_1_289' title='bbox 1211 1289 1324 1319; x_wconf 86' lang='lat' dir='ltr'><strong>omnia</strong></span> <span class='ocrx_word' id='word_1_290' title='bbox 1340 1297 1436 1328; x_wconf 87' lang='lat' dir='ltr'><strong>paeue</strong></span> <span class='ocrx_word' id='word_1_291' title='bbox 1452 1287 1630 1324; x_wconf 85' lang='lat' dir='ltr'><strong>tenebant,</strong></span> <span class='ocrx_word' id='word_1_292' title='bbox 1646 1287 1699 1319; x_wconf 86' lang='lat' dir='ltr'><strong>fa-</strong></span> 
     </span>
     <span class='ocr_line' id='line_1_58' title="bbox 998 1338 1699 1371; baseline 0 -2"><span class='ocrx_word' id='word_1_293' title='bbox 998 1339 1086 1369; x_wconf 85' lang='lat' dir='ltr'><strong>ciem</strong></span> <span class='ocrx_word' id='word_1_294' title='bbox 1103 1338 1230 1370; x_wconf 84' lang='lat' dir='ltr'><strong>videre.</strong></span> <span class='ocrx_word' id='word_1_295' title='bbox 1276 1339 1454 1371; x_wconf 85' lang='lat' dir='ltr'><strong>Plutarch.</strong></span> <span class='ocrx_word' id='word_1_296' title='bbox 1471 1338 1514 1370; x_wconf 89' lang='lat' dir='ltr'><strong>de</strong></span> <span class='ocrx_word' id='word_1_297' title='bbox 1530 1347 1571 1370; x_wconf 86' lang='lat' dir='ltr'><strong>eo</strong></span> <span class='ocrx_word' id='word_1_298' title='bbox 1584 1338 1699 1370; x_wconf 81' lang='lat' dir='ltr'><strong>Caesar</strong></span> 
     </span>
     <span class='ocr_line' id='line_1_59' title="bbox 998 1386 1698 1426; baseline 0.001 -8"><span class='ocrx_word' id='word_1_299' title='bbox 998 1386 1125 1419; x_wconf 86' lang='lat' dir='ltr'><strong>dixisse</strong></span> <span class='ocrx_word' id='word_1_300' title='bbox 1155 1393 1333 1420; x_wconf 84' lang='lat' dir='ltr'><strong>narratur:</strong></span> <span class='ocrx_word' id='word_1_301' title='bbox 1370 1390 1381 1407; x_wconf 85' lang='lat'>‘</span> <span class='ocrx_word' id='word_1_302' title='bbox 1402 1389 1509 1419; x_wconf 88' lang='lat' dir='ltr'><strong>Tuam</strong></span> <span class='ocrx_word' id='word_1_303' title='bbox 1539 1397 1606 1426; x_wconf 74' lang='lat' dir='ltr'><strong>ego</strong></span> <span class='ocrx_word' id='word_1_304' title='bbox 1633 1388 1698 1420; x_wconf 80' lang='lat' dir='ltr'><strong>tibi</strong></span> 
     </span>
     <span class='ocr_line' id='line_1_60' title="bbox 995 1438 1697 1479; baseline 0 -10"><span class='ocrx_word' id='word_1_305' title='bbox 995 1443 1141 1469; x_wconf 87' lang='lat' dir='ltr'><strong>mortem</strong></span> <span class='ocrx_word' id='word_1_306' title='bbox 1168 1439 1316 1478; x_wconf 90' lang='lat' dir='ltr'><strong>invideo,</strong></span> <span class='ocrx_word' id='word_1_307' title='bbox 1332 1439 1432 1477; x_wconf 80' lang='lat' dir='ltr'><strong>Cato,</strong></span> <span class='ocrx_word' id='word_1_308' title='bbox 1455 1438 1534 1479; x_wconf 80' lang='lat' dir='ltr'><strong>quia</strong></span> <span class='ocrx_word' id='word_1_309' title='bbox 1554 1443 1589 1468; x_wconf 90' lang='lat' dir='ltr'><strong>tu</strong></span> <span class='ocrx_word' id='word_1_310' title='bbox 1616 1438 1697 1469; x_wconf 86' lang='lat' dir='ltr'><strong>mihi</strong></span> 
     </span>
     <span class='ocr_line' id='line_1_61' title="bbox 994 1487 1696 1520; baseline 0.003 -3"><span class='ocrx_word' id='word_1_311' title='bbox 994 1487 1139 1518; x_wconf 86' lang='lat' dir='ltr'><strong>salutem</strong></span> <span class='ocrx_word' id='word_1_312' title='bbox 1167 1491 1258 1519; x_wconf 90' lang='lat' dir='ltr'><strong>tuam</strong></span> <span class='ocrx_word' id='word_1_313' title='bbox 1290 1487 1462 1519; x_wconf 80' lang='lat' dir='ltr'><strong>invidisti.’</strong></span> <span class='ocrx_word' id='word_1_314' title='bbox 1515 1487 1643 1518; x_wconf 87' lang='lat' dir='ltr'><strong>Lucan.</strong></span> <span class='ocrx_word' id='word_1_315' title='bbox 1669 1497 1696 1520; x_wconf 86' lang='lat'><strong>1.</strong></span> 
     </span>
     <span class='ocr_line' id='line_1_62' title="bbox 995 1536 1695 1577; baseline 0.001 -10"><span class='ocrx_word' id='word_1_316' title='bbox 995 1538 1049 1568; x_wconf 83' lang='lat'><strong>28.</strong></span> <span class='ocrx_word' id='word_1_317' title='bbox 1071 1537 1081 1555; x_wconf 89' lang='lat'>‘</span> <span class='ocrx_word' id='word_1_318' title='bbox 1096 1536 1231 1568; x_wconf 85' lang='lat' dir='ltr'><strong>Victrix</strong></span> <span class='ocrx_word' id='word_1_319' title='bbox 1247 1546 1353 1569; x_wconf 86' lang='lat' dir='ltr'><strong>cansa</strong></span> <span class='ocrx_word' id='word_1_320' title='bbox 1365 1537 1448 1569; x_wconf 85' lang='lat' dir='ltr'><strong>Deis</strong></span> <span class='ocrx_word' id='word_1_321' title='bbox 1464 1537 1614 1577; x_wconf 84' lang='lat' dir='ltr'><strong>placuit3</strong></span> <span class='ocrx_word' id='word_1_322' title='bbox 1635 1538 1695 1568; x_wconf 85' lang='lat' dir='ltr'><strong>sed</strong></span> 
     </span>
     <span class='ocr_line' id='line_1_63' title="bbox 997 1585 1698 1619; baseline 0.001 -2"><span class='ocrx_word' id='word_1_323' title='bbox 997 1586 1087 1617; x_wconf 88' lang='lat' dir='ltr'><strong>victa</strong></span> <span class='ocrx_word' id='word_1_324' title='bbox 1109 1586 1255 1619; x_wconf 85' lang='lat' dir='ltr'><strong>Catoni.’</strong></span> <span class='ocrx_word' id='word_1_325' title='bbox 1297 1587 1390 1618; x_wconf 86' lang='lat' dir='ltr'><strong>Flor.</strong></span> <span class='ocrx_word' id='word_1_326' title='bbox 1411 1586 1473 1618; x_wconf 85' lang='lat' dir='ltr'><strong>cit.</strong></span> <span class='ocrx_word' id='word_1_327' title='bbox 1493 1590 1503 1604; x_wconf 85' lang='lat'>‘</span> <span class='ocrx_word' id='word_1_328' title='bbox 1519 1586 1561 1618; x_wconf 92' lang='lat' dir='ltr'><strong>In</strong></span> <span class='ocrx_word' id='word_1_329' title='bbox 1577 1585 1698 1618; x_wconf 80' lang='lat' dir='ltr'><strong>Africa</strong></span> 
     </span>
     <span class='ocr_line' id='line_1_64' title="bbox 996 1635 1697 1677; baseline 0.001 -11"><span class='ocrx_word' id='word_1_330' title='bbox 996 1644 1073 1666; x_wconf 89' lang='lat' dir='ltr'><strong>cum</strong></span> <span class='ocrx_word' id='word_1_331' title='bbox 1088 1635 1220 1667; x_wconf 83' lang='lat' dir='ltr'><strong>civibus</strong></span> <span class='ocrx_word' id='word_1_332' title='bbox 1242 1636 1350 1667; x_wconf 85' lang='lat' dir='ltr'><strong>multo</strong></span> <span class='ocrx_word' id='word_1_333' title='bbox 1373 1636 1521 1667; x_wconf 82' lang='lat' dir='ltr'><strong>atrocius</strong></span> <span class='ocrx_word' id='word_1_334' title='bbox 1545 1645 1646 1677; x_wconf 87' lang='lat' dir='ltr'><strong>quam</strong></span> <span class='ocrx_word' id='word_1_335' title='bbox 1663 1636 1697 1666; x_wconf 88' lang='lat' dir='ltr'><strong>in</strong></span> 
     </span>
     <span class='ocr_line' id='line_1_65' title="bbox 997 1685 1696 1726; baseline 0.001 -10"><span class='ocrx_word' id='word_1_336' title='bbox 997 1685 1322 1717; x_wconf 83' lang='lat' dir='ltr'><strong>Pharsalia...satis</strong></span> <span class='ocrx_word' id='word_1_337' title='bbox 1344 1687 1456 1726; x_wconf 86' lang='lat' dir='ltr'><strong>ample</strong></span> <span class='ocrx_word' id='word_1_338' title='bbox 1475 1686 1642 1717; x_wconf 83' lang='lat' dir='ltr'><strong>sonabant</strong></span> <span class='ocrx_word' id='word_1_339' title='bbox 1661 1685 1696 1716; x_wconf 92' lang='lat' dir='ltr'><strong>in</strong></span> 
     </span>
     <span class='ocr_line' id='line_1_66' title="bbox 998 1734 1697 1777; baseline 0 -11"><span class='ocrx_word' id='word_1_340' title='bbox 998 1735 1201 1777; x_wconf 85' lang='lat' dir='ltr'><strong>Pompeiani</strong></span> <span class='ocrx_word' id='word_1_341' title='bbox 1230 1735 1374 1766; x_wconf 88' lang='lat' dir='ltr'><strong>nominis</strong></span> <span class='ocrx_word' id='word_1_342' title='bbox 1402 1734 1515 1766; x_wconf 85' lang='lat' dir='ltr'><strong>locum</strong></span> <span class='ocrx_word' id='word_1_343' title='bbox 1544 1736 1633 1767; x_wconf 83' lang='lat' dir='ltr'><strong>Cato</strong></span> <span class='ocrx_word' id='word_1_344' title='bbox 1658 1739 1697 1767; x_wconf 88' lang='lat' dir='ltr'><strong>et</strong></span> 
     </span>
     <span class='ocr_line' id='line_1_67' title="bbox 997 1778 1699 1825; baseline 0 -9"><span class='ocrx_word' id='word_1_345' title='bbox 997 1784 1126 1825; x_wconf 85' lang='lat' dir='ltr'><strong>Scipio.</strong></span> <span class='ocrx_word' id='word_1_346' title='bbox 1143 1778 1148 1786; x_wconf 92' lang='grc'><strong><em>’</em></strong></span> <span class='ocrx_word' id='word_1_347' title='bbox 1182 1784 1342 1817; x_wconf 78' lang='lat' dir='ltr'><strong>Accessit</strong></span> <span class='ocrx_word' id='word_1_348' title='bbox 1385 1784 1492 1825; x_wconf 87' lang='lat' dir='ltr'><strong>copiis</strong></span> <span class='ocrx_word' id='word_1_349' title='bbox 1529 1785 1699 1816; x_wconf 72' lang='lat' dir='ltr'><strong>Maurita-</strong></span> 
     </span>
     <span class='ocr_line' id='line_1_68' title="bbox 997 1833 1696 1874; baseline 0 -9"><span class='ocrx_word' id='word_1_350' title='bbox 997 1835 1063 1866; x_wconf 83' lang='lat' dir='ltr'><strong>niae</strong></span> <span class='ocrx_word' id='word_1_351' title='bbox 1102 1844 1164 1866; x_wconf 85' lang='lat' dir='ltr'><strong>rex</strong></span> <span class='ocrx_word' id='word_1_352' title='bbox 1192 1834 1297 1874; x_wconf 79' lang='lat' dir='ltr'><strong>Juba,</strong></span> <span class='ocrx_word' id='word_1_353' title='bbox 1325 1834 1487 1866; x_wconf 80' lang='lat' dir='ltr'><strong>videlicet</strong></span> <span class='ocrx_word' id='word_1_354' title='bbox 1515 1837 1555 1865; x_wconf 87' lang='lat' dir='ltr'><strong>ut</strong></span> <span class='ocrx_word' id='word_1_355' title='bbox 1593 1833 1696 1866; x_wconf 84' lang='lat' dir='ltr'><strong>latius</strong></span> 
     </span>
     <span class='ocr_line' id='line_1_69' title="bbox 998 1883 1698 1924; baseline 0 -9"><span class='ocrx_word' id='word_1_356' title='bbox 998 1884 1155 1916; x_wconf 85' lang='lat' dir='ltr'><strong>vinceret</strong></span> <span class='ocrx_word' id='word_1_357' title='bbox 1184 1885 1314 1916; x_wconf 69' lang='lat' dir='ltr'><strong>Caesar.</strong></span> <span class='ocrx_word' id='word_1_358' title='bbox 1369 1883 1465 1916; x_wconf 86' lang='lat' dir='ltr'><strong>Nihil</strong></span> <span class='ocrx_word' id='word_1_359' title='bbox 1493 1893 1576 1924; x_wconf 84' lang='lat' dir='ltr'><strong>ergo</strong></span> <span class='ocrx_word' id='word_1_360' title='bbox 1606 1883 1698 1915; x_wconf 86' lang='lat' dir='ltr'><strong>inter</strong></span> 
     </span>
     <span class='ocr_line' id='line_1_70' title="bbox 998 1931 1698 1974; baseline 0 -10"><span class='ocrx_word' id='word_1_361' title='bbox 998 1933 1213 1965; x_wconf 81' lang='lat' dir='ltr'><strong>Pharsaliam</strong></span> <span class='ocrx_word' id='word_1_362' title='bbox 1243 1937 1278 1965; x_wconf 87' lang='lat' dir='ltr'><strong>et</strong></span> <span class='ocrx_word' id='word_1_363' title='bbox 1317 1933 1486 1973; x_wconf 82' lang='lat' dir='ltr'><strong>Thapson,</strong></span> <span class='ocrx_word' id='word_1_364' title='bbox 1514 1932 1576 1964; x_wconf 86' lang='lat' dir='ltr'><strong>nisi</strong></span> <span class='ocrx_word' id='word_1_365' title='bbox 1605 1931 1698 1974; x_wconf 84' lang='lat' dir='ltr'><strong>quod</strong></span> 
     </span>
     <span class='ocr_line' id='line_1_71' title="bbox 999 1981 1697 2024; baseline 0 -11"><span class='ocrx_word' id='word_1_366' title='bbox 999 1983 1155 2023; x_wconf 84' lang='lat' dir='ltr'><strong>amplior,</strong></span> <span class='ocrx_word' id='word_1_367' title='bbox 1188 1991 1297 2024; x_wconf 84' lang='lat' dir='ltr'><strong>eoque</strong></span> <span class='ocrx_word' id='word_1_368' title='bbox 1334 1982 1447 2014; x_wconf 83' lang='lat' dir='ltr'><strong>acrior</strong></span> <span class='ocrx_word' id='word_1_369' title='bbox 1483 1981 1697 2014; x_wconf 69' lang='lat' dir='ltr'><strong>Caesariano-</strong></span> 
     </span>
     <span class='ocr_line' id='line_1_72' title="bbox 996 2031 1698 2072; baseline 0.001 -11"><span class='ocrx_word' id='word_1_370' title='bbox 996 2040 1070 2062; x_wconf 87' lang='lat' dir='ltr'><strong>rnm</strong></span> <span class='ocrx_word' id='word_1_371' title='bbox 1087 2032 1234 2071; x_wconf 85' lang='lat' dir='ltr'><strong>impetus</strong></span> <span class='ocrx_word' id='word_1_372' title='bbox 1259 2031 1335 2068; x_wconf 83' lang='lat' dir='ltr'><strong>fuit,</strong></span> <span class='ocrx_word' id='word_1_373' title='bbox 1351 2031 1601 2072; x_wconf 82' lang='lat' dir='ltr'><strong>indignantium</strong></span> <span class='ocrx_word' id='word_1_374' title='bbox 1619 2034 1698 2071; x_wconf 85' lang='lat' dir='ltr'><strong>post</strong></span> 
     </span>
     <span class='ocr_line' id='line_1_73' title="bbox 996 2080 1696 2120; baseline 0.003 -10"><span class='ocrx_word' id='word_1_375' title='bbox 996 2080 1198 2120; x_wconf 82' lang='lat' dir='ltr'><strong>Pompeium</strong></span> <span class='ocrx_word' id='word_1_376' title='bbox 1235 2081 1385 2112; x_wconf 86' lang='lat' dir='ltr'><strong>crevisse</strong></span> <span class='ocrx_word' id='word_1_377' title='bbox 1417 2081 1544 2112; x_wconf 87' lang='lat' dir='ltr'><strong>bellum</strong></span> <span class='ocrx_word' id='word_1_378' title='bbox 1562 2103 1570 2112; x_wconf 95' lang='lat'>.</span> <span class='ocrx_word' id='word_1_379' title='bbox 1582 2104 1591 2113; x_wconf 88' lang='lat'><strong><em>.</em></strong></span> <span class='ocrx_word' id='word_1_380' title='bbox 1604 2102 1614 2111; x_wconf 87' lang='lat'><strong>.</strong></span> <span class='ocrx_word' id='word_1_381' title='bbox 1631 2081 1696 2112; x_wconf 71' lang='lat' dir='ltr'><strong>c·-</strong></span> 
     </span>
     <span class='ocr_line' id='line_1_74' title="bbox 997 2128 1695 2168; baseline -0.001 -8"><span class='ocrx_word' id='word_1_382' title='bbox 997 2132 1032 2160; x_wconf 90' lang='lat' dir='ltr'><strong>to</strong></span> <span class='ocrx_word' id='word_1_383' title='bbox 1068 2137 1136 2160; x_wconf 89' lang='lat' dir='ltr'><strong>non</strong></span> <span class='ocrx_word' id='word_1_384' title='bbox 1175 2128 1334 2159; x_wconf 86' lang='lat' dir='ltr'><strong>interfuit</strong></span> <span class='ocrx_word' id='word_1_385' title='bbox 1359 2129 1478 2159; x_wconf 83' lang='lat' dir='ltr'><strong>bello.-</strong></span> <span class='ocrx_word' id='word_1_386' title='bbox 1506 2129 1695 2168; x_wconf 80' lang='lat' dir='ltr'><strong>positisque</strong></span> 
     </span>
     <span class='ocr_line' id='line_1_75' title="bbox 996 2176 1696 2217; baseline -0.001 -9"><span class='ocrx_word' id='word_1_387' title='bbox 996 2177 1086 2217; x_wconf 89' lang='lat' dir='ltr'><strong>apud</strong></span> <span class='ocrx_word' id='word_1_388' title='bbox 1102 2177 1296 2217; x_wconf 84' lang='lat' dir='ltr'><strong>Bagradam</strong></span> <span class='ocrx_word' id='word_1_389' title='bbox 1311 2177 1432 2208; x_wconf 66' lang='lat' dir='ltr'><strong>castris</strong></span> <span class='ocrx_word' id='word_1_390' title='bbox 1447 2176 1585 2207; x_wconf 80' lang='lat' dir='ltr'><strong>Uticam</strong></span> <span class='ocrx_word' id='word_1_391' title='bbox 1602 2177 1696 2207; x_wconf 85' lang='lat' dir='ltr'><strong>velut</strong></span> 
     </span>
     <span class='ocr_line' id='line_1_76' title="bbox 995 2224 1695 2257; baseline -0.001 0"><span class='ocrx_word' id='word_1_392' title='bbox 995 2227 1106 2257; x_wconf 89' lang='lat' dir='ltr'><strong>altera</strong></span> <span class='ocrx_word' id='word_1_393' title='bbox 1123 2225 1251 2257; x_wconf 82' lang='lat' dir='ltr'><strong>Africae</strong></span> <span class='ocrx_word' id='word_1_394' title='bbox 1265 2226 1415 2257; x_wconf 88' lang='lat' dir='ltr'><strong>claustra</strong></span> <span class='ocrx_word' id='word_1_395' title='bbox 1428 2224 1596 2256; x_wconf 79' lang='lat' dir='ltr'><strong>servabat.</strong></span> <span class='ocrx_word' id='word_1_396' title='bbox 1625 2224 1695 2256; x_wconf 83' lang='lat' dir='ltr'><strong>Sed</strong></span> 
     </span>
     <span class='ocr_line' id='line_1_77' title="bbox 995 2274 1693 2316; baseline -0.001 -9"><span class='ocrx_word' id='word_1_397' title='bbox 995 2279 1140 2316; x_wconf 86' lang='lat' dir='ltr'><strong>accepta</strong></span> <span class='ocrx_word' id='word_1_398' title='bbox 1162 2276 1310 2316; x_wconf 87' lang='lat' dir='ltr'><strong>partium</strong></span> <span class='ocrx_word' id='word_1_399' title='bbox 1334 2274 1444 2314; x_wconf 81' lang='lat' dir='ltr'><strong>clade,</strong></span> <span class='ocrx_word' id='word_1_400' title='bbox 1459 2274 1539 2305; x_wconf 85' lang='lat' dir='ltr'><strong>nihil</strong></span> <span class='ocrx_word' id='word_1_401' title='bbox 1555 2281 1693 2306; x_wconf 87' lang='lat' dir='ltr'><strong>cuncta-</strong></span> 
     </span>
     <span class='ocr_line' id='line_1_78' title="bbox 995 2323 1695 2365; baseline -0.003 -9"><span class='ocrx_word' id='word_1_402' title='bbox 995 2329 1062 2365; x_wconf 86' lang='lat' dir='ltr'><strong>tus,</strong></span> <span class='ocrx_word' id='word_1_403' title='bbox 1078 2329 1116 2355; x_wconf 88' lang='lat' dir='ltr'><strong>ut</strong></span> <span class='ocrx_word' id='word_1_404' title='bbox 1131 2324 1285 2365; x_wconf 81' lang='lat' dir='ltr'><strong>sapiente</strong></span> <span class='ocrx_word' id='word_1_405' title='bbox 1299 2323 1437 2364; x_wconf 83' lang='lat' dir='ltr'><strong>dignum</strong></span> <span class='ocrx_word' id='word_1_406' title='bbox 1449 2328 1540 2362; x_wconf 85' lang='lat' dir='ltr'><strong>erat,</strong></span> <span class='ocrx_word' id='word_1_407' title='bbox 1551 2328 1695 2354; x_wconf 85' lang='lat' dir='ltr'><strong>mortem</strong></span> 
     </span>
     <span class='ocr_line' id='line_1_79' title="bbox 996 2372 1695 2413; baseline -0.003 -8"><span class='ocrx_word' id='word_1_408' title='bbox 996 2373 1099 2405; x_wconf 86' lang='lat' dir='ltr'><strong>etiam</strong></span> <span class='ocrx_word' id='word_1_409' title='bbox 1111 2374 1206 2404; x_wconf 75' lang='lat' dir='ltr'><strong>laetus</strong></span> <span class='ocrx_word' id='word_1_410' title='bbox 1221 2373 1357 2404; x_wconf 87' lang='lat' dir='ltr'><strong>accivit.</strong></span> <span class='ocrx_word' id='word_1_411' title='bbox 1369 2395 1378 2404; x_wconf 86' lang='lat'><strong>.</strong></span> <span class='ocrx_word' id='word_1_412' title='bbox 1389 2394 1398 2403; x_wconf 89' lang='lat'><strong>.</strong></span> <span class='ocrx_word' id='word_1_413' title='bbox 1410 2372 1576 2413; x_wconf 76' lang='lat' dir='ltr'><strong>‚perlecto</strong></span> <span class='ocrx_word' id='word_1_414' title='bbox 1593 2377 1695 2403; x_wconf 80' lang='lat' dir='ltr'><strong>nocte</strong></span> 
     </span>
     <span class='ocr_line' id='line_1_80' title="bbox 997 2421 1695 2462; baseline -0.001 -8"><span class='ocrx_word' id='word_1_415' title='bbox 997 2422 1040 2454; x_wconf 82' lang='lat' dir='ltr'><strong>ad</strong></span> <span class='ocrx_word' id='word_1_416' title='bbox 1058 2423 1231 2454; x_wconf 86' lang='lat' dir='ltr'><strong>lucernam</strong></span> <span class='ocrx_word' id='word_1_417' title='bbox 1252 2422 1410 2453; x_wconf 87' lang='lat' dir='ltr'><strong>Platonis</strong></span> <span class='ocrx_word' id='word_1_418' title='bbox 1431 2421 1531 2459; x_wconf 85' lang='lat' dir='ltr'><strong>libro,</strong></span> <span class='ocrx_word' id='word_1_419' title='bbox 1552 2422 1610 2462; x_wconf 93' lang='lat' dir='ltr'><strong>qui</strong></span> <span class='ocrx_word' id='word_1_420' title='bbox 1634 2422 1695 2453; x_wconf 87' lang='lat' dir='ltr'><strong>im·</strong></span> 
     </span>
     <span class='ocr_line' id='line_1_81' title="bbox 998 2471 1694 2511; baseline -0.001 -7"><span class='ocrx_word' id='word_1_421' title='bbox 998 2473 1241 2504; x_wconf 87' lang='lat' dir='ltr'><strong>mortalitatem</strong></span> <span class='ocrx_word' id='word_1_422' title='bbox 1257 2471 1377 2502; x_wconf 88' lang='lat' dir='ltr'><strong>animae</strong></span> <span class='ocrx_word' id='word_1_423' title='bbox 1393 2471 1508 2511; x_wconf 88' lang='lat' dir='ltr'><strong>docet,</strong></span> <span class='ocrx_word' id='word_1_424' title='bbox 1524 2471 1694 2511; x_wconf 83' lang='lat' dir='ltr'><strong>paululum</strong></span> 
     </span>
     <span class='ocr_line' id='line_1_82' title="bbox 998 2520 1693 2563; baseline 0 -11"><span class='ocrx_word' id='word_1_425' title='bbox 998 2521 1147 2563; x_wconf 87' lang='lat' dir='ltr'><strong>quievit:</strong></span> <span class='ocrx_word' id='word_1_426' title='bbox 1173 2526 1244 2552; x_wconf 89' lang='lat' dir='ltr'><strong>tum</strong></span> <span class='ocrx_word' id='word_1_427' title='bbox 1265 2521 1358 2552; x_wconf 87' lang='lat' dir='ltr'><strong>circa</strong></span> <span class='ocrx_word' id='word_1_428' title='bbox 1385 2521 1527 2560; x_wconf 84' lang='lat' dir='ltr'><strong>primam</strong></span> <span class='ocrx_word' id='word_1_429' title='bbox 1543 2520 1693 2560; x_wconf 83' lang='lat' dir='ltr'><strong>vigiliam</strong></span> 
     </span>
     <span class='ocr_line' id='line_1_83' title="bbox 999 2570 1694 2611; baseline 0 -9"><span class='ocrx_word' id='word_1_430' title='bbox 999 2572 1119 2603; x_wconf 87' lang='lat' dir='ltr'><strong>stricto</strong></span> <span class='ocrx_word' id='word_1_431' title='bbox 1133 2570 1244 2611; x_wconf 85' lang='lat' dir='ltr'><strong>gladio</strong></span> <span class='ocrx_word' id='word_1_432' title='bbox 1261 2570 1446 2601; x_wconf 86' lang='lat' dir='ltr'><strong>revelatum</strong></span> <span class='ocrx_word' id='word_1_433' title='bbox 1459 2579 1558 2600; x_wconf 88' lang='lat' dir='ltr'><strong>mann</strong></span> <span class='ocrx_word' id='word_1_434' title='bbox 1571 2574 1694 2610; x_wconf 84' lang='lat' dir='ltr'><strong>pectus</strong></span> 
     </span>
     <span class='ocr_line' id='line_1_84' title="bbox 999 2618 1694 2660; baseline 0.001 -9"><span class='ocrx_word' id='word_1_435' title='bbox 999 2620 1103 2652; x_wconf 78' lang='lat' dir='ltr'><strong>semel</strong></span> <span class='ocrx_word' id='word_1_436' title='bbox 1113 2620 1304 2660; x_wconf 87' lang='lat' dir='ltr'><strong>iterumque</strong></span> <span class='ocrx_word' id='word_1_437' title='bbox 1313 2618 1508 2660; x_wconf 68' lang='lat' dir='ltr'><strong>percussit:</strong></span> <span class='ocrx_word' id='word_1_438' title='bbox 1519 2621 1585 2651; x_wconf 85' lang='lat' dir='ltr'><strong>&amp;c.</strong></span> <span class='ocrx_word' id='word_1_439' title='bbox 1596 2619 1694 2652; x_wconf 85' lang='lat' dir='ltr'><strong>Bene</strong></span> 
     </span>
     <span class='ocr_line' id='line_1_85' title="bbox 998 2668 1695 2711; baseline -0.004 -9"><span class='ocrx_word' id='word_1_440' title='bbox 998 2679 1081 2711; x_wconf 83' lang='lat' dir='ltr'><strong>ergo</strong></span> <span class='ocrx_word' id='word_1_441' title='bbox 1092 2669 1202 2701; x_wconf 73' lang='lat' dir='ltr'><strong>Poeta</strong></span> <span class='ocrx_word' id='word_1_442' title='bbox 1211 2670 1259 2700; x_wconf 89' lang='lat' dir='ltr'><strong>ait</strong></span> <span class='ocrx_word' id='word_1_443' title='bbox 1270 2672 1380 2700; x_wconf 80' lang='lat' dir='ltr'><strong>cuncta</strong></span> <span class='ocrx_word' id='word_1_444' title='bbox 1389 2672 1543 2699; x_wconf 59' lang='lat' dir='ltr'><strong>terrarum</strong></span> <span class='ocrx_word' id='word_1_445' title='bbox 1557 2668 1695 2708; x_wconf 73' lang='lat' dir='ltr'><strong>subacta,</strong></span> 
     </span>
     <span class='ocr_line' id='line_1_86' title="bbox 998 2717 1695 2752; baseline -0.001 -1"><span class='ocrx_word' id='word_1_446' title='bbox 998 2719 1059 2752; x_wconf 86' lang='lat' dir='ltr'><strong>sed</strong></span> <span class='ocrx_word' id='word_1_447' title='bbox 1088 2728 1154 2750; x_wconf 85' lang='lat' dir='ltr'><strong>non</strong></span> <span class='ocrx_word' id='word_1_448' title='bbox 1181 2719 1355 2750; x_wconf 82' lang='lat' dir='ltr'><strong>subactum</strong></span> <span class='ocrx_word' id='word_1_449' title='bbox 1381 2717 1522 2749; x_wconf 74' lang='lat' dir='ltr'><strong>catonis</strong></span> <span class='ocrx_word' id='word_1_450' title='bbox 1546 2718 1695 2750; x_wconf 80' lang='lat' dir='ltr'><strong>animum</strong></span> 
     </span>
     <span class='ocr_line' id='line_1_87' title="bbox 998 2767 1693 2810; baseline -0.003 -9"><span class='ocrx_word' id='word_1_451' title='bbox 998 2774 1143 2810; x_wconf 81' lang='lat' dir='ltr'><strong>atrocem,</strong></span> <span class='ocrx_word' id='word_1_452' title='bbox 1157 2769 1191 2800; x_wconf 89' lang='lat' dir='ltr'><strong>id</strong></span> <span class='ocrx_word' id='word_1_453' title='bbox 1203 2773 1269 2808; x_wconf 88' lang='lat' dir='ltr'><strong>est,</strong></span> <span class='ocrx_word' id='word_1_454' title='bbox 1284 2768 1460 2808; x_wconf 86' lang='lat' dir='ltr'><strong>invictum,</strong></span> <span class='ocrx_word' id='word_1_455' title='bbox 1472 2767 1693 2808; x_wconf 87' lang='lat' dir='ltr'><strong>intrepidum,</strong></span> 
     </span>
    </p>
   </div>
  </div>
 </body>
</html>
