1916 3190
633 237 904 269 catarnaum
941 237 1039 268 ma.
1072 235 1146 267 ιιι.
1179 226 1219 267 1.

445 332 610 374 Favete
629 332 788 386 linguis
805 346 817 385 3
846 333 1041 374 carmina
1061 343 1150 373 non
1169 331 1289 386 prius

867 463 1007 496 NOTAE

257 550 408 582 Metram
421 549 511 582 idem
528 550 616 591 quod
633 559 659 583 1.
675 551 744 583 Od.
755 553 788 583 9.

258 604 275 633 1
302 601 366 633 odi
378 601 557 642 profanum]
582 602 682 635 Quod
696 602 836 642 Persius
846 601 909 634 sub

213 650 314 682 finem
330 651 450 682 Satirae
468 651 598 691 primae,
620 651 685 683 hoc
701 651 797 683 Odes
811 651 909 692 hujus

213 700 310 732 initio
340 704 482 741 praestat
510 700 687 732 Horatius.
741 700 908 732 Nimirum

214 750 335 792 quibus
349 749 489 788 scribat,
501 755 536 780 et
552 759 637 791 quos
649 751 796 782 lectores
812 750 908 789 velit,

213 803 358 842 uterque
383 799 564 840 imperiose
587 801 723 832 statuit.
772 801 831 832 Est
850 800 909 842 igi-

213 854 271 882 uu·
290 849 400 891 prima
424 849 563 889 strophe
591 850 685 881 velut
708 850 907 890 prooemium

182 928 194 938 ,
212 899 402 940 gravissimi
425 899 593 931 Carminis
617 899 811 940 gravissime
836 899 908 941 qui·

212 948 289 980 dem
307 949 461 986 tractati,
474 949 677 981 documenta
689 949 908 992 pleraque‘ad

212 1007 324 1031 mores
337 999 545 1040 pertinentia
559 999 777 1031 continentis.
803 1001 909 1032 Certe

210 1049 245 1080 in
259 1049 357 1090 buJus
369 1053 406 1080 et
420 1048 592 1089 sequentis
608 1048 683 1080 libri
697 1049 910 1093 Cawiinibus

212 1098 423 1139 potissimum
445 1097 604 1129 enitescit
628 1098 697 1136 illa,
717 1108 816 1139 quam
836 1098 909 1129 lau·

213 1148 275 1180 dat
299 1148 501 1179 Petronius:
525 1149 535 1166 ‘
551 1148 688 1179 Horatii
710 1148 844 1179 curiosa
859 1147 908 1180 fe·

211 1197 346 1240 licitas-⁹
366 1196 540 1229 Audiatur
553 1197 607 1228 bic
623 1196 778 1238 Scaliger
788 1198 908 1238 hyper-

213 1247 322 1279 critic.
357 1246 556 1278 Tertiilibri
575 1246 653 1278 Ode
674 1246 783 1287 prima
796 1247 909 1288 ‘mag-

211 1297 314 1329 nifico
328 1295 464 1328 dicendi
480 1304 605 1335 genere
626 1299 757 1327 structa
771 1299 823 1327 est
833 1295 856 1328 ε’
872 1299 908 1327 et

211 1350 351 1387 postea:
376 1346 388 1364 ⁸
404 1350 591 1386 sequuntur
617 1344 777 1376 Carmina
806 1346 907 1385 plena

210 1395 400 1436 sapientiae,
412 1391 604 1430 numerosa,
621 1394 748 1426 ardua!
780 1395 908 1426 Secun-

209 1443 253 1476 da
264 1444 341 1477 ode
353 1444 480 1485 pariter
495 1443 658 1484 altiloqua
667 1454 679 1475 t
695 1445 706 1462 ‘
717 1444 819 1476 tertia
829 1454 905 1484 gra-

209 1494 510 1538 vissimasqnarta
534 1502 598 1525 nee
621 1493 771 1525 Pindaro
799 1494 905 1533 cedit,

209 1540 308 1577 ac‘ue>
314 1544 431 1586 quinta
442 1543 590 1586 quidem.
613 1544 703 1578 Quin
712 1549 812 1576 sexta
823 1554 906 1586 quo·

210 1605 278 1638 que
291 1595 453 1628 altissime
469 1598 589 1636 sonat,·
604 1597 671 1627 ὅτε.
701 1595 788 1626 Haec
804 1596 874 1627 ille.

251 1645 423 1684 Prosmm
433 1645 558 1685 tulgas]
582 1644 759 1685 Orpheus:
775 1644 905 1684 Φθέγξο-

207 1707 262 1734 μαι
276 1694 322 1726 οἷς
335 1696 421 1734 θέμις
435 1695 516 1734 ἐστὶ,
539 1694 628 1736 θύρας
650 1694 677 1726 δ’
698 1694 838 1726 ἐπίθεσθε
852 1697 907 1731 βε·

207 1743 338 1781 maoth
374 1744 500 1784 Loquar
516 1745 628 1785 quibus
638 1744 700 1783 sas
718 1748 777 1785 est,
801 1749 836 1776 at
849 1745 904 1783 so-

207 1803 258 1825 res
284 1794 434 1825 occludite
456 1794 607 1834 profanis.
652 1793 761 1826 Art-et
784 1795 902 1835 vulgus

208 1842 380 1875 indoctum
410 1850 446 1875 et
471 1843 555 1874 rude
581 1847 700 1884 utpote
729 1844 903 1875 Musarum

207 1892 310 1923 sacris
321 1892 410 1923 baud
428 1892 612 1923 initiatum.
655 1887 813 1924 solennis
829 1898 904 1925 erat

207 1950 381 1973 sacrorum
405 1940 566 1980 formula,
591 1951 691 1982 quam
709 1942 812 1974 habet
827 1944 902 1974 Vir-

209 1992 270 2032 gil.
290 1991 421 2023 AEneid.
444 2000 493 2022 vt.
518 1994 591 2023 258.
613 1992 623 2009 ‘
636 1992 773 2031 Procul,
788 2002 808 2022 o
825 2002 901 2032 pro-

209 2041 266 2072 cul
284 2045 371 2081 este,
396 2039 556 2080 profani!
598 2040 795 2072 Callimach.
819 2041 902 2081 ἑκὰς,

208 2089 292 2129 ἑκὰς,
305 2089 392 2121 ὅστις
406 2088 541 2129 ἀλιτρός.
569 2088 611 2120 In
627 2089 782 2121 Petronii
800 2090 901 2131 Saty-

208 2140 292 2176 rico,
307 2138 492 2179 Eumolpus
518 2137 569 2169 ita
585 2139 765 2180 praecipit:
785 2139 900 2171 ‘Effu-

207 2189 365 2230 giendum
387 2193 442 2220 est
467 2187 510 2219 ab
536 2187 625 2219 omni
648 2188 841 2228 verborum,
861 2193 900 2220 ut

206 2240 256 2271 ita
280 2238 402 2277 dicam,
425 2237 576 2269 vilitate:
600 2241 637 2269 et
655 2238 826 2269 aumendae
843 2249 899 2270 vo-

206 2297 263 2320 ces
293 2297 313 2319 a
338 2287 439 2328 plebe
468 2291 655 2326 summotae,
679 2286 718 2318 ut
745 2286 818 2326 fiat,
841 2288 898 2319 odi

204 2334 383 2380 profanum
407 2337 528 2377 vulgus
554 2341 591 2367 et
617 2335 899 2382 arceoz'fluibus

205 2387 319 2420 verbis
333 2386 510 2427 explicari,
525 2386 606 2428 quid
629 2387 774 2419 voluerit
788 2388 898 2419 nora·

207 2438 274 2469 tius
288 2447 351 2478 per
365 2442 376 2456 ·
386 2438 502 2478 vulgus
516 2437 720 2479 profanum,'
733 2438 819 2470 bene
828 2449 898 2470 mo·

208 2491 268 2518 net
281 2486 384 2529 Crnq.
407 2488 452 2520 A.
466 2487 558 2519 Gen.
574 2487 616 2519 ad
636 2487 738 2519 finem
761 2488 819 2519 lib.
834 2490 896 2520 ult.

209 2536 257 2567 sie
279 2536 348 2567 ait:
371 2537 650 2570 ‘Commentariis
672 2538 724 2568 his
745 2538 897 2579 legendis

209 2584 298 2616 dabo
312 2586 435 2627 legem,
459 2591 496 2618 ut
516 2597 559 2618 ne
574 2597 614 2618 ea
635 2589 794 2628 attingat,
811 2596 897 2618 neve

209 2633 310 2664 adeat
324 2633 508 2674 profestum
526 2640 561 2667 et
587 2636 763 2676 profanum
778 2633 897 2676 vulgus

210 2693 230 2714 a
244 2681 323 2713 ludo
333 2683 457 2714 musico
468 2685 657 2716 diversum!
700 2686 801 2727 Apud
818 2687 894 2717 Ma-

210 2731 301 2764 erob.
326 2731 359 2763 in
380 2731 493 2764 Somn.
513 2733 605 2775 Scip.
621 2743 646 2766 1.
661 2737 695 2766 2.
739 2736 893 2767 Philoso-

963 550 1044 591 phia
1066 560 1110 582 ex
1131 549 1255 581 fabulis
1269 548 1423 591 quadam
1440 547 1499 579 abs
1513 557 1550 579 se
1567 548 1661 579 abdi-

963 605 1031 640 cat,
1041 610 1081 632 ac
1089 600 1100 618 ‘
1109 601 1203 632 velut
1213 598 1356 641 profana
1366 598 1408 630 ab
1420 598 1495 639 ipso
1506 598 1658 629 vestibu-

962 650 995 681 lo
1008 660 1115 682 sacrae
1132 649 1372 690 disputationis
1388 648 1561 680 excludit.¹

1003 703 1025 731 2
1051 699 1165 731 Facete
1178 699 1311 740 linguis]
1328 699 1403 730 Vox
1417 698 1452 729 in
1465 698 1570 729 sacris
1580 698 1658 728 olim

963 749 1101 788 usitata,
1127 759 1193 790 qua
1219 749 1391 780 silentium
1415 747 1659 789 imperabatur.

962 800 1006 831 Et
1029 804 1124 830 certe
1150 799 1231 830 nihil
1255 804 1320 840 est,
1342 808 1407 841 quo
1430 798 1659 830 reverentiam

961 849 1107 880 numinis
1136 849 1248 890 aptius
1285 853 1346 880 aut
1383 847 1528 888 amplius
1557 848 1661 879 liceat

962 898 1161 939 protestari,
1185 908 1283 940 quam
1305 897 1473 939 profunda
1497 898 1555 929 illa
1576 898 1660 929 taci-

964 949 1130 980 turnitate
1155 954 1257 990 atque
1276 948 1466 980 attentione
1490 947 1591 979 animi
1618 948 1660 979 ad

962 998 1079 1029 divina
1107 998 1205 1039 quasi
1238 998 1420 1038 stupentis.
1465 997 1546 1029 Huc
1572 996 1661 1029 facit

963 1047 1090 1078 Psalm.
1103 1056 1205 1079 mxiv.
1218 1050 1248 1079 1.
1288 1048 1536 1088 Interpretatio
1549 1048 1661 1080 saneti

963 1096 1165 1138 Hieronymi
1182 1107 1225 1128 ex
1238 1097 1410 1129 Hebraeo:
1434 1097 1444 1114 ⁴
1459 1097 1534 1129 Tibi
1560 1098 1661 1129 silen-

963 1146 1046 1178 tium
1085 1147 1157 1178 laus
1186 1148 1279 1179 Dens
1309 1148 1344 1179 in
1382 1146 1484 1179 Sion:
1526 1147 1661 1180 Aristo·

962 1196 1109 1236 phanes:
1123 1197 1133 1213 ⁴
1147 1197 1286 1238 Linguis
1302 1197 1418 1229 faveat
1433 1197 1538 1228 omnis
1554 1207 1660 1239 popu-

961 1244 1013 1275 lus
1027 1254 1086 1276 ore
1101 1245 1238 1277 clauso:
1262 1246 1355 1277 mdes
1380 1247 1468 1277 enim
1489 1246 1660 1287 ingressus

961 1298 1015 1325 est
1032 1294 1207 1326 Musarum
1223 1294 1356 1326 coetus!
1399 1295 1533 1328 Seneca
1543 1296 1588 1328 de
1600 1297 1659 1328 Vi·

960 1347 995 1373 ta
1026 1344 1147 1382 Beata,
1177 1353 1253 1384 cap.
1281 1347 1334 1376 27.
1364 1344 1470 1376 ‘Hoc
1505 1345 1660 1386 verbum,

958 1392 968 1409 ‘
981 1390 1097 1423 favete
1121 1392 1269 1432 lingui&
1295 1402 1363 1424 non
1379 1398 1417 1424 ut
1433 1394 1587 1436 plerique
1602 1404 1660 1426 ex-

957 1442 1123 1480 istimant,
1137 1452 1156 1473 a
1169 1442 1286 1475 favore
1299 1443 1466 1483 trabitur3
1480 1445 1539 1476 sed
1552 1445 1658 1486 impe-

958 1498 1055 1523 ratur
1081 1492 1267 1532 silentium,
1295 1498 1335 1526 ut
1364 1494 1430 1526 rite
1461 1495 1579 1536 peragi
1605 1505 1657 1527 sa-

958 1552 1052 1574 crum
1069 1543 1190 1583 possit,
1212 1544 1306 1574 nulla
1322 1552 1406 1575 voce
1422 1545 1509 1575 mala
1523 1545 1658 1577 obstre-

960 1594 1086 1635 pente.⁵
1128 1595 1214 1627 Quae
1231 1599 1404 1635 postrema
1420 1595 1524 1626 verba
1539 1594 1659 1627 favent

958 1643 1011 1682 iis,
1031 1643 1088 1684 qui
1111 1643 1406 1684 interpretantur:
1432 1643 1518 1675 bene
1538 1654 1657 1685 preca-

958 1692 1061 1730 mini;
1078 1696 1199 1725 cavete
1214 1702 1257 1724 ne
1272 1693 1452 1734 quicquam
1474 1694 1657 1736 loquamini

956 1740 1138 1773 infaustum
1169 1746 1206 1773 et
1229 1742 1309 1772 mali
1340 1742 1471 1774 ominis.
1516 1743 1589 1775 Cic.
1613 1745 1656 1776 de

957 1789 1070 1821 Divin.
1086 1799 1111 1822 1.
1127 1800 1163 1821 n.
1179 1793 1249 1822 102.
1267 1795 1276 1808 ‘
1289 1791 1365 1822 Nou
1382 1792 1488 1823 solum
1504 1792 1655 1825 Deorum

956 1847 1059 1870 voces
1070 1839 1292 1881 Pythagoraei
1304 1840 1585 1881 observaverunt,
1593 1843 1655 1875 sed

957 1891 1059 1922 etiam
1081 1891 1265 1931 hominum,
1287 1901 1362 1932 quae
1386 1896 1511 1923 vocant
1530 1893 1654 1924 omina.

934 1963 940 1972 .
957 1940 1043 1973 Quae
1059 1940 1203 1981 maiores
1218 1940 1426 1982 nostri,quia
1441 1941 1556 1972 valere
1573 1950 1656 1973 cen-

954 1989 1088 2029 sebant,
1103 1990 1234 2022 idcirco
1255 1991 1412 2022 omnibus
1435 1990 1537 2022 rebus
1552 2001 1654 2031 agen-

954 2039 1020 2079 dis,
1039 2040 1129 2081 quod
1154 2041 1291 2080 bonum,
1314 2041 1475 2081 faustum,
1498 2040 1653 2073 fortuna·

954 2093 1095 2131 tumque
1119 2090 1175 2130 sit,
1201 2089 1453 2132 praefabantur:
1486 2092 1654 2134 rebusque

953 2138 1089 2175 divinis,
1104 2149 1182 2181 qnae
1204 2140 1340 2181 publice
1356 2140 1490 2182 fierent,
1504 2145 1542 2172 ut
1557 2141 1652 2173 fave-

953 2194 1030 2220 rent
1054 2189 1177 2230 linguis
1205 2189 1462 2231 imperabatur!
1505 2192 1650 2223 Festus:

953 2240 964 2257 ⁴
981 2240 1146 2271 Faventia
1175 2241 1297 2272 bonam
1322 2241 1562 2272 ominationem
1592 2242 1650 2273 ha·

953 2288 1031 2321 bet:
1055 2299 1132 2322 nam
1149 2300 1323 2331 praecones
1341 2292 1527 2322 clamantes
1543 2301 1650 2332 popu-

950 2339 1018 2370 lum
1032 2339 1206 2371 sacrificiis
1221 2339 1339 2371 favere
1357 2340 1539 2380 jubebant⁴
1565 2341 1651 2372 ‘Fa-

951 2389 1046 2420 vere'
1061 2394 1116 2420 est
1131 2391 1141 2407 ‘
1153 2389 1241 2420 bona
1256 2387 1349 2420 fari.'
1359 2388 1369 2402 '

996 2438 1144 2469 Carmina
1171 2448 1232 2469 non
1255 2437 1346 2478 prius
1372 2437 1511 2478 Audita]
1535 2438 1647 2476 Nova,

949 2488 1072 2528 Lyrica
1095 2488 1237 2526 scilicet,
1259 2497 1280 2518 a
1295 2487 1430 2518 nemine
1447 2488 1646 2521 Latinorum

950 2537 1124 2572 hactenus,
1147 2537 1267 2567 saltem
1293 2541 1426 2575 exacte,
1454 2535 1559 2569 facta.
1603 2538 1646 2571 In

949 2586 1045 2626 hujus
1059 2586 1138 2617 libri
1152 2586 1270 2617 ultima
1282 2586 1359 2617 Ode
1375 2585 1505 2626 pariter
1519 2588 1646 2628 gloria-

949 2640 1025 2668 tur:
1049 2637 1059 2653 ‘
1075 2635 1242 2676 Princeps
1273 2636 1416 2668 AEolinm
1439 2647 1576 2671 carmen
1599 2639 1644 2672 ad

948 2685 1054 2717 Italos
1070 2684 1264 2717 Deduxisse
1279 2685 1420 2718 modos:
