1916 3190
247 207 331 249 174
721 222 766 260 Q.
801 218 1011 251 noRA'rn
1049 219 1226 251 succi

419 314 603 366 Cantus,
625 313 923 369 Melpomene,
943 313 1016 354 cui
1035 313 1251 367 liquidam
1272 317 1398 368 pater

586 381 760 424 Vocem
781 393 885 422 cum
905 379 1077 422 cithara
1095 379 1233 421 dedit.

419 449 533 502 Ergo
553 447 816 500 Quintilium
837 451 1083 501 perpetuus
1103 459 1241 501 sopor
1671 450 1702 492 5

417 515 582 571 Urget!
613 517 689 558 cui
709 515 873 566 Pudor,
895 519 939 557 et
959 514 1157 557 ,Iustitiae
1179 527 1305 556 soror

245 632 348 662 rulum
360 640 495 673 carmen,
511 642 528 662 o
543 631 749 673 Melpomene,
765 630 815 662 cui
826 631 953 670 genitor
966 630 1141 671 impertivit
1155 640 1307 662 amoenam
1320 639 1422 663 vocem
1434 640 1506 663 cum
1520 632 1602 673 lyra.
1646 632 1700 664 An

245 674 347 714 igitur
367 675 575 716 sempiternus
594 674 711 706 Varum
724 683 846 705 somnus
859 677 1006 714 occupat?
1053 674 1113 705 Cui
1128 673 1333 716 Verecundiu,
1347 677 1441 715 atque
1458 674 1587 714 integra
1602 674 1702 707 Fides

857 757 1095 770 eeeeeeeeeee

245 812 327 851 bres,
342 812 430 854 quod
456 816 493 844 et
518 812 552 844 in
571 812 719 853 vulgatis
735 817 799 845 est.
843 812 934 845 Sane
949 822 968 844 e
984 812 1086 844 codd.
1102 812 1151 844 nil
1168 815 1285 854 potest
1301 811 1437 852 confici,
1453 812 1542 854 quod
1558 813 1701 853 lugubris

246 855 442 887 scribebant
457 855 563 887 etiam
580 865 642 896 pro
659 865 772 887 accus.
786 855 909 896 plural.
956 856 1054 887 Bene
1069 855 1174 886 habet
1187 854 1343 895 lugubres,
1360 856 1382 886 i.
1395 864 1426 886 e.
1440 855 1570 894 molles,
1585 857 1700 887 moesti

245 901 376 935 cantum
399 897 461 929 sed
488 898 567 928 mihi
594 898 798 939 exquisitius
819 903 933 930 tamen
946 897 1085 929 videtur
1109 898 1317 938 conjungere
1338 897 1481 937 lugubris
1492 898 1701 939 Melpomene,

243 943 283 970 ut
297 939 408 981 (more
427 938 580 980 poetico)
597 940 673 979 ipsa
689 941 792 971 Musa
808 941 945 971 dicatur
960 940 1114 980 lugubris,
1130 939 1210 970 dum
1226 949 1365 971 carmen
1379 939 1524 980 lugubre
1539 941 1634 972 cauit
1646 942 1702 972 vel

244 982 370 1014 docet.'
391 982 481 1013 sani.
503 982 648 1021 lugubris
673 982 920 1013 babentietiam
937 982 1035 1014 Harl.
1049 984 1081 1012 1.
1096 983 1128 1013 8.
1144 984 1177 1013 4.
1192 984 1225 1013 6.
1250 981 1367 1013 Bentl.
1383 986 1421 1014 et
1434 981 1528 1023 Jani,
1551 983 1701 1021 lugubres

246 1023 344 1056 Harl.
361 1027 392 1056 2.
408 1027 438 1055 6.
455 1024 512 1055 alii
526 1024 628 1055 codd.
653 1033 732 1055 cum
750 1024 905 1056 Lambin.
921 1024 1028 1065 Cruq.
1051 1023 1212 1055 Torrent.
1238 1023 1363 1064 Delpb.
1389 1024 1563 1056 Schrevel.
1587 1025 1701 1056 Bond-

243 1066 347 1098 Baxt.
367 1066 509 1098 Mitsch.
528 1066 666 1106 Bipont.
681 1067 825 1098 Wetzel.
843 1065 979 1098 Wakef.
995 1069 1031 1097 et
1056 1065 1229 1097 Kidd.—5
1254 1066 1420 1097 Nonnulli
1435 1065 1537 1098 codd.
1560 1069 1598 1098 et
1619 1066 1700 1099 edd.

245 1109 465 1150 Quinctilium,
480 1109 570 1151 quod
591 1118 637 1140 ex
663 1108 794 1150 lapidd.
810 1113 848 1141 et
863 1112 1087 1141 monumentt.
1103 1107 1227 1150 probat
1240 1107 1401 1142 saun—6
1421 1109 1432 1126 ⁶
1445 1108 1534 1140 Vide
1549 1117 1592 1140 an
1605 1107 1699 1141 forte

901 1180 1045 1214 No'rAE

242 1250 279 1278 Α.
293 1249 369 1279 343.
400 1245 576 1287 Penelope
589 1245 633 1277 de
646 1246 788 1279 absente
800 1247 943 1289 Ulysse:

241 1298 335 1335 Τοίην
358 1296 421 1337 ’γὰρ
446 1295 588 1338 κεφαλὴν
610 1295 722 1329 ποθέω.
768 1298 843 1329 Tale
862 1298 944 1330 enim

241 1353 332 1390 caput
347 1349 498 1381 desidero.
532 1349 575 1380 Il.
587 1352 623 1379 Θ.
639 1351 715 1381 281.
727 1349 852 1390 Τεῦκρε,
864 1348 943 1390 φίλη

242 1400 376 1441 κεφαλή.
423 1400 551 1439 Teucer,
564 1408 672 1430 carum
685 1402 790 1440 caput.
842 1399 943 1431 Hanc

241 1454 277 1482 et
300 1450 414 1481 Latini
436 1453 663 1491 usurparunt:
687 1448 865 1490 ‘lepidum
885 1458 942 1481 ca-

241 1500 331 1542 put,’
343 1502 408 1532 dcc.

283 1551 428 1592 Proecipe
449 1550 607 1591 lugubres,
629 1549 700 1591 εμπ]
723 1548 871 1583 Quidam
893 1549 942 1582 le-

242 1606 338 1643 gunt,
351 1601 507 1641 lugubris,
521 1605 558 1633 et
570 1600 789 1640 subaudiunt,
811 1601 821 1618 ⁴
832 1601 910 1632 Dea
919 1599 942 1639 ς’

240 1652 305 1683 boc
331 1661 453 1683 sensu:
479 1651 511 1684 O
538 1651 759 1692 Melpomene
786 1649 941 1691 lugubris

240 1705 361 1733 cautus
377 1702 465 1742 Dea,
481 1701 633 1743 praecipe
650 1700 786 1732 modum
801 1699 942 1741 lugendi

241 1756 311 1785 tam
326 1752 491 1785 dilectum
507 1757 626 1793 eaput.
654 1752 756 1784 Hanc
768 1761 848 1784 vero
863 1751 942 1783 Mun

241 1813 311 1835 sam
328 1812 399 1845 prae
414 1803 540 1836 ceteris
564 1803 714 1842 invocat,
740 1805 864 1844 utpote
889 1802 941 1834 iu·

240 1854 427 1886 venti-icem
450 1853 653 1894 Tragoediae,
668 1853 836 1894 rebusque
859 1862 942 1884 moe·

239 1903 300 1935 stis
319 1903 571 1944 praesidentem.
605 1903 735 1935 Auson.
749 1901 862 1943 Edyll.
877 1910 940 1934 xx.

239 1955 248 1972 ‘
264 1953 484 1994 Melpomene
493 1953 642 1994 Tragico
655 1953 844 1994 proclamat
858 1961 940 1983 moe-

239 2009 293 2037 ata
305 2004 433 2036 boatu!

281 2057 301 2085 8
336 2054 398 2085 Cui
425 2053 573 2093 liquidam
599 2056 691 2092 pater
719 2051 841 2092 Vocem,
869 2052 940 2092 θα]

239 2104 352 2136 Musae
370 2108 450 2135 sunt
464 2102 544 2134 filiae
558 2102 656 2135 Jovis
682 2106 719 2133 et
743 2103 940 2143 Mnemosy-

239 2164 306 2186 nae.
350 2153 570 2193 Melpomene
586 2161 606 2183 a
632 2156 755 2183 cantus
769 2151 939 2185 suavitate

239 2203 357 2236 dicta:
401 2202 570 2242 μέλπομαι,
611 2211 699 2233 cano.
756 2201 938 2243 Liquidum]

238 2255 397 2294 Suavem,
412 2253 561 2284 dulciter
574 2251 751 2284 fluentem.
782 2252 937 2284 Macrob.

239 2312 289 2335 w.
303 2305 334 2334 3.
346 2312 390 2334 ex
407 2302 531 2333 Hostio
546 2301 678 2333 Poeta:
700 2305 709 2319 ‘
726 2301 754 2332 si
771 2301 849 2333 mihi
874 2301 938 2333 lin-

239 2363 315 2394 guae
339 2352 500 2391 Centum,
522 2355 625 2393 atque
651 2360 711 2382 ora
738 2351 828 2382 sient
857 2351 938 2383 toti·

240 2403 331 2444 dem,
355 2412 524 2445 vocesque
540 2401 704 2444 liquataess
748 2402 846 2435 Pers.
865 2402 937 2436 Sat.

240 2463 266 2486 1.
277 2457 331 2486 35.
353 2455 363 2472 ‘
375 2453 541 2494 plorabile
558 2452 585 2484 si
600 2453 680 2494 qnid
695 2451 846 2494 eliquat!

282 2508 301 2535 5
324 2504 408 2544 Ergo
425 2503 628 2543 Quintilium,
643 2502 711 2544 εμπ]
727 2503 938 2535 Exclamatio

242 2555 354 2595 gravis
369 2553 471 2586 index
487 2554 624 2585 doloris.
668 2554 725 2585 Sic
750 2554 850 2585 amici
870 2554 940 2586 lue-

241 2610 313 2636 tum
329 2605 423 2635 luctu
439 2614 499 2635 suo
515 2604 675 2636 evincere
701 2609 846 2641 conatur
860 2615 870 2645 3
890 2605 939 2637 sic

241 2659 276 2686 et
293 2653 444 2685 illabitur
459 2655 492 2685 in
508 2655 579 2694 ejus
596 2655 757 2694 animum,
778 2659 817 2687 ut
839 2654 942 2696 majo·

242 2714 312 2736 rem
332 2704 461 2734 habens
488 2703 590 2736 fidem
617 2705 772 2736 solatium
802 2704 938 2737 facilius

240 2753 413 2794 admittat,
430 2754 530 2786 immo
555 2759 591 2786 et
607 2755 851 2796 aliquantulam
878 2755 937 2787 ob-

993 1246 1238 1288 jurgationem.
1279 1246 1337 1280 Sic
1354 1246 1444 1279 bene
1457 1246 1568 1279 utitur
1587 1246 1700 1279 Poeta

997 1297 1141 1329 consilio
1156 1307 1176 1329 a
1199 1298 1313 1339 Musa,
1339 1307 1440 1340 quam
1464 1297 1582 1329 statim
1604 1298 1700 1330 invo-

996 1347 1100 1387 cavit,
1112 1352 1270 1388 accepto.

1042 1397 1246 1438 Quintilium]
1277 1397 1342 1429 Vel
1369 1397 1635 1430 Cremonensem
1659 1398 1699 1430 il·

997 1447 1066 1478 lum
1095 1447 1232 1488 Virgilii
1253 1451 1357 1490 atque
1381 1447 1518 1480 Horatii
1540 1448 1699 1490 amicum,

997 1497 1094 1537 cujus
1105 1497 1258 1529 meminit
1270 1497 1398 1529 Euseb.
1412 1497 1539 1530 chron.
1556 1498 1698 1539 Olymp-

998 1549 1071 1578 189.
1091 1547 1144 1578 vel
1167 1546 1375 1588 praefectum
1397 1547 1544 1580 Romani
1565 1546 1699 1580 exerei-

997 1601 1065 1635 tus,
1080 1597 1232 1637 quicum
1253 1597 1361 1629 tribus
1382 1597 1572 1638 legionibus
1591 1601 1698 1638 atque

995 1646 1216 1678 auxiliaribus
1240 1646 1348 1688 copiis
1369 1657 1478 1680 eaesus
1500 1647 1536 1679 in
1553 1646 1698 1680 Germa-

994 1696 1053 1728 nia
1077 1696 1120 1728 ab
1144 1696 1297 1728 Arminio
1319 1697 1570 1730 Germanorum
1587 1697 1696 1739 Rege.

996 1747 1066 1779 Dio
1089 1746 1149 1779 lib.
1171 1754 1247 1780 nvi.
1281 1747 1423 1781 Sueton.
1451 1747 1594 1790 August.
1618 1757 1696 1790 cap.

995 1806 1108 1830 xxm.

1038 1849 1213 1890 Perpetuus
1223 1847 1329 1890 sopor]
1344 1848 1399 1881 Sic
1409 1851 1447 1880 et
1457 1848 1469 1867 ‘
1477 1848 1598 1890 longus
1605 1857 1697 1882 tom-

994 1898 1081 1935 nus,'
1097 1907 1159 1940 pro
1175 1902 1298 1938 morte,
1311 1906 1369 1930 ιιι.
1385 1897 1455 1930 od.
1472 1901 1524 1930 ll.
1538 1900 1594 1931 ³8.
1644 1896 1653 1898 ”

1036 1951 1058 1980 6
1082 1948 1144 1980 Cui
1169 1949 1292 1989 Pudor,
1315 1949 1388 1990 qe]
1423 1948 1539 1980 Breve
1561 1946 1621 1980 sed
1646 1948 1697 1980 in·

956 2017 959 2019 -
994 2006 1077 2037 gens
1093 1997 1249 2029 Quintilii
1264 1997 1421 2038 elogium.
1459 1997 1580 2039 Pudor,
1592 2006 1696 2040 quem

992 2045 1083 2076 Tull.
1113 2045 1155 2076 de
1181 2046 1324 2077 Finibus
1348 2056 1391 2079 ιι.
1415 2048 1426 2064 ‘
1441 2045 1694 2079 moderatorem

993 2094 1210 2134 cupiditatis’
1239 2096 1404 2135 appellat.
1463 2095 1555 2128 Hinc
1584 2101 1622 2128 et
1649 2097 1694 2128 de

993 2144 1092 2176 Orat.
1107 2153 1131 2176 ι.
1147 2154 1180 2176 ιι.
1198 2147 1271 2176 122.
1298 2145 1458 2177 Crassum
1482 2146 1531 2178 ita
1553 2147 1692 2180 laudat:

995 2197 1004 2211 ⁸
1021 2194 1101 2225 Fuit
1116 2193 1277 2226 mirificus
1293 2194 1431 2236 quidam
1447 2195 1481 2227 in
1494 2195 1619 2229 Crasso
1631 2206 1694 2238 pu-

993 2244 1081 2276 dor.'
1594 2264 1597 2267 -

1033 2295 1180 2327 Justitiae
1193 2305 1280 2327 soror
1296 2296 1483 2338 lna-arrupte
1501 2296 1614 2338 Fides]
1637 2297 1691 2329 Ex

993 2345 1140 2378 Platone
1153 2346 1296 2379 Justitia
1311 2356 1386 2378 cum
1402 2347 1436 2378 iu
1459 2347 1554 2380 Deos
1576 2347 1693 2380 obser·

992 2400 1105 2437 vatur,
1127 2401 1265 2428 vocatur
1282 2397 1417 2436 Pietas3
1441 2397 1544 2429 Fides
1564 2401 1692 2438 autern,

992 2455 1069 2477 cum
1090 2455 1174 2487 erga
1199 2446 1360 2478 homines.
1389 2446 1476 2478 Tull.
1499 2444 1640 2479 offic-1.
1654 2455 1690 2479 n.

991 2497 1045 2526 23.
1056 2496 1066 2512 ‘
1080 2495 1348 2527 Fundamentum
1355 2495 1502 2537 justitia
1511 2494 1620 2527 fides)
1642 2496 1690 2529 Et

993 2545 1121 2577 Pan-tit.
1137 2546 1236 2578 Orat.
1253 2546 1262 2563 ‘
1277 2546 1299 2579 J
1303 2546 1420 2578 ustitia
1432 2555 1514 2587 erga
1528 2545 1621 2579 Deos
1636 2556 1691 2579 re·

993 2595 1087 2636 ligio,
1103 2605 1184 2636 erga
1200 2600 1361 2637 parentes
1372 2596 1502 2632 Pietas,
1514 2596 1617 2638 vulgo
1630 2607 1691 2629 au-

994 2651 1063 2677 tem
1094 2645 1250 2685 bonitas3
1279 2645 1419 2677 creditis
1443 2645 1479 2677 in
1505 2646 1605 2678 rebus
1632 2646 1688 2679 Fi-

992 2696 1065 2734 des,
1082 2695 1116 2727 in
1139 2695 1372 2727 moderatione
1395 2695 1691 2729 animadvertendi

991 2747 1124 2783 lenitas,
1147 2746 1299 2779 amicitia
1321 2746 1355 2778 in
1377 2746 1615 2779 benevolentia
1627 2755 1690 2780 no-
