1916 3190
784 217 1060 250 rnffimrro.
1635 205 1665 246 9

210 311 314 354 culo
331 315 479 354 nostro
508 315 579 353 est
609 311 847 365 antiquior,
877 311 1082 365 idemque
1114 309 1237 351 Odas
1256 321 1410 351 omnes
1437 309 1594 352 Poetae
1614 322 1667 351 eo

209 379 312 432 ipso
331 379 495 428 ordine,
514 391 604 433 quo
622 378 837 420 habentur
863 379 908 419 in
928 379 1054 419 libris
1074 377 1249 426 nostris,
1269 377 1502 418 recenset?
1551 376 1669 418 Poe-

209 448 299 498 tam
319 444 495 499 quidem
516 445 664 498 ipsum
685 445 828 498 primo
855 444 995 485 libros
1021 448 1108 485 tres
1130 443 1399 492 Carminum,
1421 442 1583 484 deinde
1602 445 1668 485 in·

209 512 392 557 tervallo
429 513 560 565 longo
604 511 868 564 interposito
913 514 1119 564 quartum
1158 509 1368 559 edidisse,
1406 513 1562 551 auctor
1599 516 1670 551 est

211 576 450 622 Suetonius
478 579 526 620 in
546 577 679 630 Vita3
712 577 785 620 cui
815 577 878 619 rei
905 577 1038 631 plane
1069 576 1299 620 Sanadoni
1327 576 1572 619 institutum
1599 589 1668 618 re·

209 649 395 699 pugnat.

267 710 360 753 Sed
378 723 527 766 operae
550 711 737 765 pretium
760 713 845 761 est,
862 711 905 752 h.
923 724 961 752 e.
983 711 1200 754 studiosis
1220 711 1416 761 Horatii,
1436 711 1512 765 qui
1532 711 1670 753 Bent-

209 777 403 820 leianum
423 778 653 832 exemplar
678 777 738 820 ad
766 791 922 820 manus
949 792 1038 821 non
1069 780 1252 830 habent,
1272 778 1671 829 accommodatum,

211 844 318 899 poni
337 845 567 900 posthanc
588 844 902 888 Praefationem
917 845 1065 888 locum
1084 847 1299 900 integrum
1317 859 1373 888 ex
1397 845 1671 887 Praefatione

210 913 295 955 viri
320 914 486 967 magni,
506 925 597 967 quo
616 917 820 967 tempora
838 913 1045 955 librorum
1066 914 1251 955 Horatii
1271 913 1472 965 ordinat;
1504 913 1560 954 de
1582 925 1671 966 quo

210 979 296 1024 hoc
316 984 430 1025 certe
459 980 719 1022 confirmare
749 994 950 1034 possum,
981 994 1064 1031 me,
1097 981 1199 1022 dum
1229 992 1441 1022 recenseo
1472 979 1672 1032 singulas

212 1046 423 1100 Eclogas,
456 1047 687 1100 diligenter
718 1049 966 1098 attendisse,
1010 1049 1050 1089 si
1089 1048 1196 1102 quid
1234 1052 1355 1089 esset
1395 1046 1673 1088 Bentleiauis

214 1117 457 1167 temporum
479 1113 740 1155 -rationibus
769 1113 1019 1163 adversum,
1051 1127 1131 1156 nec
1166 1113 1511 1168 deprehendisse
1549 1113 1674 1167 quic-

214 1192 362 1233 quam,
391 1179 513 1233 quod
536 1184 808 1221 momentum
835 1180 1017 1233 aliquod
1035 1179 1093 1221 ad
1113 1192 1209 1221 eam
1230 1179 1513 1221 evertendam
1534 1179 1673 1221 habe-

212 1250 293 1296 ret,
310 1246 419 1288 licet
435 1245 704 1300 quibusdam
735 1245 915 1299 Eclogis
946 1259 1035 1288 non
1059 1247 1347 1300 improbabili
1367 1247 1538 1289 ratione
1559 1247 1672 1289 forte

212 1316 382 1367 tempus
411 1313 546 1354 etiam
577 1311 716 1361 aliud,
750 1313 973 1354 recentius
1005 1314 1267 1367 praesertim,
1307 1314 1452 1368 possit
1492 1314 1671 1356 ascribi.

215 1379 286 1420 De
308 1379 524 1422 Saecnlari
545 1378 748 1421 Carmine
779 1392 860 1421 sno
891 1381 992 1423 loco
1025 1381 1138 1423 satis
1168 1380 1349 1432 dictum,
1379 1389 1425 1423 et
1443 1381 1672 1423 laudatum

213 1446 430 1499 ingenium
451 1445 697 1488 Sanadoni.
757 1445 910 1489 Possit
929 1447 1092 1502 aliquis
1123 1448 1292 1490 Drama
1310 1449 1429 1491 velut
1449 1448 1675 1502 quoddam

212 1526 298 1554 non
334 1513 531 1554 absimile
565 1517 800 1555 contexere
832 1527 893 1555 ex
920 1515 992 1567 iis,
1027 1528 1128 1573 quae
1158 1516 1202 1557 in
1238 1515 1467 1559 Canidiam
1504 1515 1675 1569 scripta

216 1584 331 1629 sunt,
361 1579 400 1621 si
420 1580 578 1634 jungat
599 1590 632 1620 1.
652 1579 750 1622 Sat.
771 1579 813 1622 8.
864 1581 1011 1636 Epod.
1030 1595 1073 1624 v.
1104 1588 1152 1624 et
1174 1593 1301 1624 xvn.
1321 1583 1510 1637 denique
1533 1587 1565 1623 ι’.
1587 1582 1675 1624 Od.

215 1646 285 1688 16.
303 1647 379 1701 qni
397 1646 495 1700 ipse
517 1646 626 1688 ordo
652 1659 710 1688 ex
745 1654 1001 1702 argumento
1030 1649 1208 1692 elucens
1237 1649 1418 1705 pulchre
1450 1649 1674 1691 Bentleia-

214 1726 318 1755 nam
335 1712 390 1755 de
410 1714 682 1769 temporibus
701 1715 964 1769 hypothesin
984 1718 1226 1758 confirmat.

272 1779 389 1830 Quae
409 1781 556 1822 adhuc
585 1781 830 1834 disputavi,
859 1794 914 1821 ea
944 1782 1002 1823 ad
1031 1782 1155 1823 illam
1183 1782 1272 1823 fere
1305 1787 1473 1836 partem
1495 1782 1676 1828 consilii

216 1847 301 1888 mei
317 1847 546 1900 pertinent,
566 1845 686 1900 quod
706 1846 843 1887 statui
869 1859 1149 1897 conservare,
1179 1852 1397 1900 quantum
1416 1848 1462 1887 in
1488 1860 1560 1888 me
1588 1854 1674 1898 est,

219 1912 401 1955 Horatii
421 1913 568 1961 verba,
596 1912 881 1965 ordinemque
910 1911 1196 1963 Poiimatum,
1229 1918 1276 1955 ut
1306 1925 1362 1954 ea
1392 1925 1452 1954 ex
1482 1915 1676 1968 antiquis

215 1977 338 2020 libris
358 1977 416 2019 ad
435 1990 520 2018 nos
539 1989 795 2030 pervenere.
854 1976 908 2018 Iu
927 1975 1160 2020 Varietate
1188 1979 1439 2030 Lectionis,
1460 1993 1593 2034 quam
1613 1982 1676 2023 31..

215 2050 355 2087 teram
375 2044 522 2086 dotem
553 2042 778 2085 Editionis
807 2049 975 2091 nostrae
1008 2045 1214 2087 volebam
1241 2058 1358 2096 esse,
1377 2046 1557 2088 modum
1586 2061 1675 2089 ser-

215 2125 320 2154 vare
335 2124 435 2154 enm
454 2110 575 2152 volui
600 2110 824 2164 equidem,
850 2124 981 2165 quem
1006 2113 1222 2167 optimum
1241 2112 1349 2155 mihi
1368 2112 1507 2154 videri
1535 2127 1675 2168 supra

218 2179 428 2221 indicavi.
485 2177 720 2227 Notarum,
742 2179 906 2232 quibus
936 2191 988 2221 ea
1009 2180 1054 2221 in
1072 2193 1120 2221 re
1141 2193 1252 2221 usus
1270 2192 1383 2230 sum,
1405 2180 1676 2234 explicatio-

218 2259 318 2288 nem
339 2244 498 2287 deinde
526 2257 707 2298 ponam,
727 2249 771 2286 et
800 2244 958 2287 eadem
989 2246 1201 2288 indicabo
1230 2246 1400 2288 auxilia
1418 2246 1551 2300 hujus
1572 2246 1677 2288 Edi..

218 2313 368 2363 tionis,
388 2324 628 2370 eorumque
647 2317 871 2355 auctores.

273 2378 465 2431 Qualem
504 2383 704 2432 optarem
743 2379 1151 2435 interpretationem
1197 2380 1393 2429 Horatii,
1438 2379 1484 2420 id
1530 2379 1677 2433 ipsum

218 2458 394 2501 quoque
413 2457 548 2499 supra
566 2444 755 2497 ostendi,
775 2459 963 2502 eamque
983 2448 1198 2490 rationem
1217 2459 1298 2500 pro
1317 2445 1434 2486 virili
1453 2449 1580 2498 parte
1607 2458 1677 2487 se-

219 2518 348 2555 cutus
367 2525 478 2554 sum.
536 2511 660 2554 Bene
678 2512 798 2556 dicta
817 2515 875 2557 ab
893 2515 1087 2570 antiquis
1119 2512 1383 2555 Scholiastis
1403 2514 1448 2553 et
1475 2511 1676 2555 Baxtero

220 2591 308 2619 non
328 2591 444 2633 opus
461 2577 688 2621 habebant
703 2593 804 2622 mea
832 2581 1191 2624 confirmatione:
1222 2579 1262 2620 si
1289 2578 1396 2633 quid
1424 2591 1555 2620 secus
1576 2592 1677 2621 sen-

220 2645 362 2694 tirem,
379 2646 423 2686 in
441 2645 499 2686 iis
518 2645 649 2696 locis,
679 2647 757 2700 qui
787 2651 1052 2689 momentum
1079 2644 1262 2700 aliquod
1292 2645 1452 2686 habere
1478 2644 1677 2686 videren-

138 2771 141 2774 .
222 2714 304 2759 tur,
333 2710 527 2754 indicavi
555 2713 719 2755 libere:
751 2719 949 2757 ceterum
979 2714 1051 2758 hic
1081 2724 1254 2763 moneo,
1284 2711 1460 2758 silentio
1483 2724 1554 2754 me
1575 2725 1676 2755 meo
