1916 3190
821 233 1045 265 noru'rn.
1598 227 1653 268 21

403 552 467 606 Q.
507 546 865 598 HORATII
910 549 1206 601 FLACCI
1252 549 1456 599 VITA

582 697 708 740 PER
736 698 956 742 ANNOS
989 700 1283 743 DIGESTA.

258 957 316 1000 U.
348 958 398 1000 C.
427 959 554 1002 Varr.
594 960 694 1003 689.
754 961 805 1002 L.
838 959 1048 1002 Aurelius
1095 960 1244 1003 Cotta.
1304 962 1360 1004 L.
1393 962 1591 1005 Manlius

452 1027 706 1081 Torquatus
726 1027 855 1069 Coss.
914 1028 970 1069 A.
992 1028 1044 1069 C.
1066 1028 1139 1070 65.
1200 1029 1377 1071 Horatii
1399 1031 1440 1072 1.

200 1116 297 1158 His
337 1117 469 1161 Coss.
507 1125 660 1162 natum
689 1133 791 1161 esse
826 1120 1079 1170 Horatium,
1107 1130 1197 1162 non
1236 1122 1379 1162 solum
1410 1122 1648 1164 Suetonius

197 1189 355 1225 auctor
373 1190 455 1233 est,
481 1186 560 1226 sed
591 1187 688 1239 ipse
718 1186 852 1227 etiam
884 1185 1093 1232 Flaccus,
1124 1197 1198 1227 ιιι.
1229 1186 1314 1228 Od.
1344 1188 1417 1230 21.
1440 1189 1479 1229 l.
1503 1187 1646 1243 Epod.

198 1260 313 1292 xm.
346 1250 389 1291 6.
447 1251 739 1293 Decembrem
777 1265 968 1293 mensem
1002 1253 1100 1306 ipse
1131 1254 1269 1294 etiam
1302 1255 1523 1296 natalibus
1555 1257 1648 1298 suis

195 1317 396 1370 assignat
415 1329 448 1360 1.
470 1319 614 1373 Epist.
633 1319 706 1361 20.
726 1325 839 1361 extr.
858 1319 1068 1374 illiusque
1089 1320 1206 1362 diem
1240 1332 1307 1362 vl.
1339 1321 1408 1363 Id.
1438 1327 1648 1364 memorat

194 1383 450 1426 Suetonius.

249 1449 432 1493 Generis
462 1453 530 1494 sui
564 1454 880 1496 obscuritatem
915 1467 1139 1510 nunquam
1172 1455 1438 1506 dissimulat,
1471 1469 1646 1511 semper

191 1516 310 1558 ultro
331 1519 494 1568 fassus,
526 1533 575 1562 se
605 1534 685 1562 nec
716 1522 926 1574 ingenuo,
956 1535 1039 1564 nec
1070 1523 1190 1564 claro
1220 1529 1374 1564 natum
1402 1527 1542 1578 patre,
1563 1525 1644 1565 sed

190 1582 410 1636 libertino,
432 1588 522 1628 vita
549 1591 695 1629 tamen
728 1593 774 1630 et
805 1594 984 1643 pectore
1003 1603 1140 1643 puro;
1173 1601 1203 1630 1.
1225 1590 1322 1632 Sat.
1340 1591 1383 1632 6.
1401 1592 1473 1631 45.
1531 1594 1545 1612 ‘
1567 1591 1643 1632 Li·

189 1649 381 1692 bertinus
394 1651 406 1669 ’
427 1658 576 1694 autem
599 1667 654 1695 eo
675 1658 870 1708 tempore
904 1655 1024 1697 idern
1054 1661 1150 1698 erat
1170 1669 1225 1698 ac
1246 1659 1260 1678 ‘
1280 1657 1462 1698 libertus
1476 1657 1511 1708 ;'
1540 1671 1642 1699 cum

189 1718 493 1769 superioribus
522 1721 698 1762 saeculis
725 1722 917 1764 libertini
946 1723 1197 1763 dicerentur
1226 1722 1308 1764 filii
1326 1723 1582 1764 libertorum
1604 1736 1642 1765 s.

189 1785 572 1826 manumissorum.
617 1787 800 1829 Poterat
811 1789 897 1829 hoc
917 1789 1089 1829 discere
1110 1788 1177 1829 cl.
1195 1788 1367 1830 Sivrius
1388 1802 1448 1830 ex
1463 1790 1642 1831 sueton.

189 1846 347 1890 Claud.
366 1851 436 1891 24.
497 1851 616 1893 Hinc
641 1853 854 1895 Horatius
875 1867 934 1896 ex
969 1867 1061 1897 suae
1096 1855 1242 1896 aetatis
1274 1867 1399 1896 more
1424 1856 1641 1908 ingenuus

189 1920 304 1966 erat,
324 1929 484 1969 parens
499 1918 598 1971 ejus
625 1931 712 1959 non
738 1921 855 1960 item.
872 1918 933 1960 V.
956 1931 986 1959 ι.
1007 1920 1101 1961 Sat.
1120 1920 1164 1960 6.
1183 1918 1226 1960 8.
1247 1925 1294 1961 et
1312 1920 1384 1960 21.
1425 1919 1495 1961 Cf.
1516 1922 1639 1963 Mas·

187 1982 286 2022 soni
305 1981 399 2022 Vit.
422 1982 535 2024 Hor.
561 1997 604 2038 p.
625 1986 668 2026 4.
690 1997 787 2039 sqq.
846 1985 1034 2040 Oportet
1067 1990 1210 2027 tamen
1247 1986 1475 2037 Flaccum,
1509 1994 1638 2042 patre
1663 2019 1665 2022 -

178 2046 273 2100 jam
305 2048 509 2092 libertate
534 2050 715 2103 donato,
744 2059 895 2094 natum
929 2065 1054 2105 esse3
1084 2053 1198 2095 alias
1224 2055 1340 2095 enim
1369 2066 1457 2095 non
1484 2055 1638 2097 fuisset

183 2113 416 2167 ingenuus.
768 2107 771 2110 ⁴
1632 2136 1638 2140 ·

242 2170 435 2232 Patrem,
455 2182 583 2237 cujus
601 2197 759 2226 nomen
788 2187 1025 2239 ignoratur,
1058 2190 1314 2240 postquam,
1344 2190 1395 2228 ut
1420 2186 1635 2240 dicemus,

184 2246 379 2289 Romam
399 2258 690 2300 concesserat,
723 2259 975 2294 coactorem
1006 2253 1163 2302 fuisse,
1198 2258 1376 2295 constat
1393 2258 1438 2295 et
1459 2266 1519 2294 ex
1537 2255 1634 2308 ejus

182 2312 305 2364 Vita,
325 2319 372 2355 et
389 2327 416 2356 e
437 2326 468 2355 1.
486 2316 579 2357 Sat.
596 2317 640 2358 6.
659 2319 729 2359 85.
789 2318 844 2359 Id
861 2318 920 2359 ad
941 2319 1179 2371 vectigalia
1198 2319 1286 2359 fere
1307 2319 1511 2367 referunt,
1531 2334 1631 2373 quae

183 2380 378 2434 coegerit
405 2395 485 2436 pro
517 2384 783 2436 publicanis,
843 2384 931 2426 Sed
958 2385 1047 2426 vid.
1080 2385 1188 2427 Not.
1214 2389 1232 2407 ⁸
1262 2385 1320 2426 ad
1342 2383 1437 2425 Vit.
1468 2384 1633 2428 Horat.

182 2446 568 2490 Salsamentarium
597 2450 753 2500 fuisse,
784 2456 834 2493 ut
861 2452 904 2492 in
925 2450 1033 2493 Vita
1067 2451 1224 2493 Horat.
1252 2451 1423 2500 dicitur,
1442 2450 1633 2493 Torren-

182 2513 271 2554 tius
289 2527 375 2555 non
395 2515 490 2556 vult
509 2515 698 2566 credere,
714 2517 823 2570 quia
843 2518 936 2570 ipse
956 2516 1002 2558 id
1019 2530 1107 2558 non
1126 2517 1489 2558 commemorarit.
1539 2518 1632 2560 Sed

182 2578 267 2620 hoc
297 2584 412 2622 certe
442 2581 674 2623 infirmum.
731 2583 920 2625 Joannis
952 2583 1012 2624 du
1045 2583 1208 2623 Hamel
1242 2589 1539 2624 commentum
1574 2585 1630 2627 de

184 2643 362 2687 Horatii
391 2656 516 2700 patre
549 2648 710 2690 Flavio
746 2650 924 2699 Flacco,
957 2649 1096 2690 nobili
1125 2653 1254 2701 gente
1290 2648 1483 2692 Pontica
1512 2658 1626 2702 orto,

123 2722 130 2768 ᾗ
182 2710 263 2760 ita,
283 2715 332 2752 ut
350 2718 548 2764 meretur,
568 2716 754 2769 castigat
777 2717 1056 2759 Sanadonus.
