1916 3190
642 259 917 290 cummuni
953 258 1046 287 mu.
1078 257 1150 287 ιιι.
1179 247 1220 287 2.

1563 243 1647 286 379

486 352 587 394 Nec
604 352 735 394 sumit
753 357 832 394 aut
849 351 975 407 ponit
989 362 1168 392 secures

541 418 741 461 Arbitrio
759 418 991 474 popularis
1010 430 1144 460 aurae.

429 485 600 536 Virtus,
620 486 848 528 recludens
864 484 1090 527 immeritis
1107 482 1218 525 mori

429 551 624 601 Coelum,
644 557 802 606 negata
821 555 963 594 tentat
980 552 1066 592 iter
1085 550 1185 601 νίας

485 617 727 672 Coetusque
745 619 952 672 vulgares
972 623 1018 660 et
1035 618 1167 659 udam

542 683 721 739 Spernit
738 684 917 726 humum
935 683 1128 739 fugiente
1145 696 1307 739 penna.

196 823 304 862 [nea
313 827 355 858 ad
367 827 556 859 oola-mm
566 827 665 868 plebis
675 827 830 867 save-tis.
877 826 1179 877 Virtus,019npum
1191 826 1438 900 operiet-sm
1345 825 1455 866 dignis
1466 823 1650 856 imortali-

206 869 285 908 ute,
304 869 433 902 unnim
445 869 505 902 iaie
519 870 762 910 arama-132·
783 870 907 902 turbam
929 869 1074 911 despicit,
1093 879 1130 901 uc
1148 868 1438 901 terrani-mam

207 1014 292 1047 leet.
315 1023 372 1056 ap.
401 1015 521 1049 Joues.
522 1019 607 1048 —19
630 1016 699 1048 Nee
732 1021 832 1049 met
859 1021 915 1049 mse

212 1061 299 1089 sect.
319 1065 361 1089 ιι.
417 1058 487 1089 Nec

1452 865 1650 908 n-qmfflu

965 953 1045 966 0000

938 1021 1033 1057 ponet
1061 1017 1165 1050 lectlo
1190 1025 1280 1048 nova
1316 1025 1371 1056 ap.
1393 1013 1514 1054 Steplt.
1536 1013 1649 1045 Distr-

517 1058 606 1098 ponit
636 1062 693 1090 nt
721 1059 815 1090 uniit
851 1059 1000 1091 Bentleii
1038 1059 1162 1099 Regin.
1198 1059 1328 1090 Battel.
1364 1061 1402 1088 et
1436 1056 1578 1097 Vigorn.
1613 1059 1652 1087 et

212 1098 308 1139 Lips-
329 1102 363 1132 2.
384 1098 599 1140 improbante
617 1100 711 1133 Jani.
713 1103 798 1132 -22
819 1100 933 1141 Lipss.
958 1104 988 1133 l.
1009 1103 1042 1132 2.
1060 1104 1092 1132 3.
1113 1104 1145 1133 4.
1166 1101 1271 1132 Dess.
1292 1103 1323 1132 l.
1343 1102 1375 1132 2.
1397 1097 1590 1130 Helmstad.
1614 1102 1652 1128 et

212 1139 356 1182 Fra-eq.
382 1144 485 1173 tentat
509 1143 558 1173 ire
578 1142 727 1174 tim—2⁴
750 1142 938 1185 Antiquiss.
969 1143 1111 1176 Bland!
1126 1143 1280 1185 Cruqnii,
1307 1147 1344 1174 et
1370 1142 1476 1174 Dess.
1497 1142 1531 1173 1.
1563 1149 1584 1172 a
1605 1148 1650 1172 m.

856 1248 891 1280 N
894 1247 998 1281 01¹AE

251 1323 294 1353 10
315 1320 386 1353 Nee
397 1321 492 1353 munit
510 1320 659 1362 «reponit
672 1330 793 1354 secares
804 1321 902 1354 Arbi-

208 1370 271 1402 trio
277 1371 435 1412 populu-is
446 1370 551 1413 pan-e]
562 1371 715 1413 iusignia
723 1372 902 1412 magistra·

207 1423 264 1451 tus
279 1418 393 1452 fasces
407 1424 444 1452 et
456 1429 595 1453 secures
609 1421 780 1461 extitisse,
789 1426 826 1453 et
837 1431 902 1463 pro

206 1477 250 1502 eo
261 1469 385 1511 sepius
397 1470 568 1512 usurpari,
580 1480 691 1512 nemo,
701 1471 759 1514 qui
768 1473 821 1504 vel
834 1472 901 1514 pn·-

208 1517 357 1551 moribus
374 1518 480 1552 labris
492 1519 609 1552 literas
626 1520 744 1562 attigit
761 1525 821 1552 aut
840 1521 899 1553 de-

208 1567 341 1608 libavit,
352 1568 499 1610 ignorat.
513 1569 671 1608 Crassus,
682 1574 802 1611 petens
812 1571 903 1602 Con·

207 1617 368 1656 sulatum,
390 1619 518 1659 populo
545 1617 691 1650 blandiri
714 1624 750 1651 et
775 1621 903 1661 suppli·

207 1676 288 1700 care
310 1667 521 1700 detrectavit
551 1677 665 1699 coram
694 1677 813 1700 socero
842 1679 904 1701 suo

207 1716 364 1749 Scaevola
371 1716 445 1747 viro
454 1717 664 1757 gravissimo.
688 1717 792 1759 Apud
806 1718 905 1750 Gre-

209 1775 269 1797 cos
294 1769 406 1796 antem
434 1765 598 1797 Phocioni
620 1766 743 1798 nedum
770 1767 906 1808 plebem

209 1814 377 1855 palpanti,
390 1814 495 1846 immo
508 1815 583 1855 ejus
597 1816 829 1848 voluntatibus
842 1826 906 1848 sae-

210 1873 255 1904 pe
277 1864 404 1896 acriter
430 1868 468 1895 et
490 1864 700 1897 mordaciter
726 1866 906 1906 reluctato,

211 1913 357 1945 comitiis
376 1913 480 1945 etiam
504 1913 625 1945 adesse
650 1915 834 1956 recusanti,
847 1916 906 1946 ho-

210 1972 312 1995 nores
325 1963 433 1995 delati
450 1967 541 1995 sunt.
570 1963 748 1996 Plutarch.
763 1965 824 1997 cit.
839 1967 906 1998 ἃς.

211 2012 311 2045 Adeo
328 2022 446 2045 verum
460 2019 513 2045 est
535 2013 625 2055 qnod
639 2014 734 2046 canit
750 2014 906 2047 Claudia·

211 2071 287 2103 nus,
301 2063 415 2095 earm.
431 2072 527 2096 xvir.
549 2063 559 2080 ‘
575 2063 656 2104 Ipsa
680 2064 816 2105 quidem
840 2064 906 2096 vir·

212 2116 267 2144 tus
289 2113 437 2154 pretinm
452 2112 531 2152 sibi,
545 2113 683 2155 solaque
697 2113 768 2146 late
782 2113 905 2145 Fortu·

211 2171 266 2194 nae
295 2172 417 2195 secura
441 2163 539 2199 nitet,
562 2172 630 2195 nec
652 2163 803 2195 fascibus
828 2164 907 2196 ullis

212 2213 376 2255 Erigitur,
405 2214 567 2255 plausuve
596 2214 694 2254 petit
718 2215 907 2246 clarescere

211 2264 323 2305 vulgi:
342 2264 406 2303 >Nil
421 2264 496 2305 opis
520 2268 675 2296 externe
690 2265 843 2305 cupiens,
857 2264 907 2296 nil

210 2313 327 2354 indiga
340 2312 471 2353 laudis;
493 2313 635 2345 Divitiis
650 2314 798 2346 animosa
821 2314 905 2354 suis,

210 2362 420 2404 immotaque
441 2362 576 2394 cunctis
597 2362 756 2403 Casibus,
770 2372 814 2396 ex
834 2363 906 2395 alta

211 2413 367 2446 moralia
381 2413 529 2454 despicit
543 2422 636 2445 arce.
677 2413 842 2446 Attamen
856 2415 906 2446 in-

211 2463 315 2495 vitam
325 2463 451 2495 blande
467 2463 622 2504 vestigat,
635 2468 672 2495 et
685 2464 776 2495 ultro
789 2463 908 2496 Ambit

213 2511 332 2544 honor.
374 2513 502 2544 Docuit
517 2513 622 2544 toties
638 2522 659 2543 a
673 2522 751 2545 rure
774 2513 907 2554 profec-

214 2566 270 2591 tus
285 2561 416 2600 Lictor,
426 2569 462 2593 et
476 2563 511 2594 in
526 2562 647 2594 mediis
671 2564 797 2595 Consul
817 2574 907 2606 quae-

217 2609 304 2640 situs
319 2610 463 2641 aratris)

258 2660 302 2689 2⁰
325 2658 494 2698 Pop-«laris
517 2661 619 2702 aare]
654 2661 768 2694 Pavor
791 2663 909 2704 populi

218 2711 321 2737 vento
346 2706 480 2738 levioris
508 2709 595 2740 bene
621 2710 671 2742 sic
701 2712 906 2751 appellatur.

220 2755 342 2797 virgil.
363 2755 495 2788 AEneid.
519 2765 568 2789 vt.
592 2761 666 2791 815.
689 2764 699 2779 ‘
715 2760 908 2793 Jactamior

953 1322 1072 1354 Auen·
1083 1322 1186 1354 Nunc
1195 1330 1330 1364 quoque
1336 1320 1411 1363 jam
1419 1320 1560 1353 nimium
1571 1329 1653 1361 gau-

954 1371 1039 1402 dens
1055 1369 1277 1411 popularibus
1293 1369 1408 1404 ansis!

994 1421 1035 1451 21
1066 1419 1361 1460 Vin-ennam
1382 1417 1552 1451 ima-cmc
1574 1418 1654 1449 niori

955 1468 1088 1509 Coeluaa]
1111 1468 1159 1500 lis
1179 1469 1239 1511 qui
1257 1478 1393 1511 semper
1419 1469 1536 1501 vivere
1558 1467 1654 1509 digni

954 1516 1083 1558 forent,
1098 1528 1175 1550 cum
1199 1523 1346 1560 urgente
1370 1518 1432 1550 fati
1447 1519 1654 1551 necessitate

955 1568 1086 1600 cedunt
1107 1568 1171 1600 bac
1189 1569 1270 1609 vita,
1286 1567 1430 1601 nominis
1454 1568 1654 1600 immortali-

957 1623 1064 1650 tatem
1080 1623 1315 1660 aeternumque
1331 1619 1435 1650 decus
1448 1619 1558 1650 virtus
1573 1627 1655 1649 cou-

957 1665 1048 1699 fert:
1072 1667 1229 1699 coelestes
1253 1669 1356 1700 etiam
1371 1668 1517 1700 bonores
1533 1667 1656 1699 tribuit

957 1717 1117 1748 heroibus
1145 1717 1237 1748 inter
1259 1717 1351 1749 Deos
1377 1717 1507 1749 relatis.
1549 1715 1655 1757 Apud

958 1758 1080 1798 Senec.
1111 1766 1219 1798 Herc.
1243 1766 1318 1798 OEt.
1343 1769 1440 1798 1943.
1484 1765 1655 1798 Hercules

960 1815 1004 1848 de
1018 1825 1055 1847 se
1070 1816 1120 1847 ita
1128 1816 1258 1857 jactat:
1280 1817 1291 1834 ‘
1306 1817 1425 1848 Virtus
1439 1816 1522 1848 mihi
1538 1815 1580 1847 Iu
1603 1825 1656 1846 as-

962 1871 1016 1897 tra
1031 1871 1067 1897 et
1082 1866 1174 1906 ipsos
1188 1865 1275 1897 fecit
1288 1866 1333 1898 ad
1347 1867 1500 1908 Superos
1511 1865 1603 1898 iter.’

1000 1917 1043 1946 22
1067 1915 1195 1955 Neget«
1207 1919 1310 1947 tentat
1321 1917 1386 1948 iter
1397 1917 1461 1957 uia,
1475 1915 1548 1957 qt]
1568 1915 1658 1947 Con·

959 1964 1073 1997 tendit
1085 1965 1128 1996 ad
1144 1966 1264 1997 ooelum
1278 1975 1342 2007 per
1355 1965 1658 1999 excelsafacinora

960 2014 1091 2055 ignavis
1105 2014 1194 2046 baud
1217 2024 1400 2048 concessa:
1424 2017 1477 2048 vel
1492 2016 1657 2057 simplici-

960 2070 1025 2100 ter,
1052 2073 1116 2105 per
1143 2065 1155 2082 ‘
1170 2064 1334 2106 liquidum
1362 2065 1440 2097 aeta
1452 2065 1463 2080 '
1488 2066 1657 2108 subvolat,

958 2115 968 2132 ‘
983 2114 1019 2146 in
1034 2114 1136 2146 terris
1150 2123 1218 2146 non
1239 2115 1429 2155 morando,’
1442 2121 1482 2148 ut
1495 2122 1549 2149 est
1564 2119 1598 2149 in
1615 2127 1656 2150 11.

960 2163 1039 2197 Ode
1052 2167 1108 2197 2⁰.
1143 2164 1228 2197 Quae
1251 2169 1367 2205 negata
1388 2171 1441 2198 est
1466 2167 1658 2200 bominibus

957 2215 1022 2254 ria,
1036 2215 1166 2256 quippe
1181 2224 1246 2246 non
1263 2215 1468 2256 volucribus,
1484 2222 1545 2249 ant
1568 2219 1621 2249 ala
1636 2227 1658 2248 a

957 2270 1080 2296 natura
1096 2264 1244 2296 donatis.
1289 2266 1346 2297 Sic
1361 2275 1387 2297 ι.
1402 2266 1471 2298 Od.
1486 2269 1518 2298 3.
1531 2267 1658 2298 dicitur

956 2314 967 2331 ‘
983 2314 1153 2355 Expertus
1198 2324 1340 2346 vacuum
1381 2314 1543 2346 Daedalus
1577 2315 1658 2347 aera

960 2363 1088 2395 Pennis
1103 2373 1170 2395 non
1181 2363 1307 2395 homini
1317 2363 1431 2395 datis.'
1476 2364 1523 2395 At
1537 2365 1658 2406 virtus,

957 2423 1061 2454 supra
1076 2413 1234 2453 vulgares
1245 2421 1360 2442 sensus
1373 2412 1593 2455 plebeiosque
1608 2414 1658 2446 af·

961 2462 1071 2494 sectus
1095 2471 1291 2501 assurgens,
1307 2470 1430 2501 penna,
1445 2461 1480 2492 id
1503 2468 1571 2502 est,
1586 2464 1657 2496 slto

961 2511 1085 2551 spiritu
1100 2515 1137 2541 et
1155 2519 1334 2549 generoso,
1348 2509 1448 2541 udam
1473 2513 1607 2552 spernit
1621 2519 1659 2546 et

960 2560 1051 2600 sugit
1071 2560 1223 2598 humum,
1241 2560 1337 2600 qnasi
1363 2569 1534 2593 coeuosam
1548 2567 1586 2595 et
1605 2564 1657 2596 lu-

962 2617 1084 2648 tosam,
1106 2609 1140 2640 id
1169 2614 1235 2647 est,
1257 2609 1465 2650 cupiditates
1489 2611 1658 2654 sordidas,

962 2661 996 2692 in
1025 2659 1148 2701 quibus
1171 2659 1263 2701 vulgi
1286 2668 1382 2692 meus
1407 2660 1564 2694 demersa
1588 2662 1657 2695 hae-

962 2719 1039 2742 rere
1054 2709 1155 2741 solet.
