1916 3190
274 250 360 290 420
755 263 798 299 Q.
831 254 1039 291 nonam
1074 261 1251 292 nacci

564 350 670 391 Hoc
691 351 811 391 fonte
832 350 1030 391 derivata
1049 350 1200 391 clades

619 416 671 455 Iu
693 417 882 468 patriam
904 415 1208 469 populumque
1229 415 1370 457 fiuxit.
1672 419 1729 459 20

506 480 659 522 Motus
675 481 820 522 doceri
839 480 1001 533 gaudet
1020 480 1200 522 Ionicos

279 608 363 640 pent,
377 603 409 632 et
414 599 571 637 familias.
603 600 654 631 Ex
668 600 731 632 ista
744 599 864 640 origine
874 609 1004 631 manans
1018 600 1180 632 calamitas
1194 601 1229 632 in
1237 601 1376 642 patriam
1389 603 1421 632 et
1433 601 1576 642 populum
1587 601 1733 641 gruum

886 694 1122 707 ‘oeeeeeeeeee

283 767 404 799 Gabiis
421 769 481 801 vele
501 777 576 799 cnm
603 768 719 809 rigidis
737 775 873 810 aequata
890 769 1048 801 Sabinis?
1089 770 1187 810 Virg.
1206 770 1280 800 IEn.
1301 778 1351 800 vt.
1367 771 1443 801 692.
1465 770 1474 787 ‘
1488 769 1582 802 Quas
1608 777 1673 808 ego
1696 773 1732 799 te

279 815 393 841 terras
407 815 441 840 et
457 815 586 851 quauta
602 820 665 851 per
678 820 816 852 aequora
831 818 968 842 vectum
982 811 1128 852 Accipio
1143 811 1164 842 l’
1188 812 1303 851 Silium,
1318 820 1383 842 xu.
1396 814 1472 850 698.
1487 812 1497 828 ‘
1511 811 1658 842 etiamne
1675 819 1735 850 pa-

275 851 372 889 rabit
389 851 532 883 Nosti-as
549 853 606 883 ille
623 853 755 892 domos,
781 859 915 884 nostras
931 863 1152 894 perrumpere
1165 854 1198 884 in
1215 863 1312 885 arces
1324 852 1345 884 ?’
1358 852 1454 884 ³—2o
1477 853 1516 883 In
1530 852 1667 893 patriam
1679 862 1734 892 po·

278 894 444 933 palamque
459 893 560 925 Harl.
576 897 607 925 1.
623 897 655 926 2.
671 897 703 926 3.
721 897 753 926 4.
771 899 802 926 5.
817 898 850 926 6.
877 895 961 926 Exc.
977 895 1058 926 Sax.
1072 904 1255 936 omnesque
1271 894 1344 925 fere
1360 894 1418 926 alii
1438 894 1540 926 codd.
1557 903 1632 925 cum
1654 893 1734 925 edd.

282 933 401 966 zarot.
422 935 564 967 Mediol.
575 936 718 967 Venett.
735 936 842 976 Crnq.
857 936 977 967 Lamb.
990 938 1148 968 Tol-rent.
1162 936 1288 968 Heius.
1299 936 1418 976 Steph.
1434 936 1546 968 Bond.
1556 935 1733 968 Schrevel.

283 977 409 1015 Delpln.
435 978 536 1008 Baxt.
551 977 644 1013 sani.
658 977 800 1017 Bipont.
822 978 966 1008 Mitsch.
979 978 1126 1010 Wetzel.
1146 978 1265 1010 Comb.
1280 982 1317 1009 et
1332 978 1376 1008 al.
1397 978 1408 995 ‘
1418 978 1561 1018 populun·
1581 978 1736 1018 patr-inm-

280 1027 339 1058 que
355 1018 503 1050 Helmst.
546 1018 703 1050 Insolens
716 1019 832 1050 multis
847 1019 919 1050 visa
934 1019 1008 1050 baec
1017 1019 1203 1059 junctura:
1219 1019 1262 1050 In
1273 1019 1412 1059 patriam
1423 1020 1638 1059 populumque,
1653 1019 1735 1060 qnia

281 1061 372 1091 inter
384 1060 522 1100 patriam
545 1065 580 1091 et
604 1061 750 1100 populum
765 1060 813 1091 nil
829 1060 976 1096 intersit,
1001 1066 1038 1092 et
1064 1061 1114 1093 sic
1131 1061 1317 1101 tautologia
1342 1060 1472 1092 oriatur
1493 1069 1560 1092 non
1581 1059 1736 1093 ferenda.

282 1102 407 1141 Itaque
423 1102 522 1142 Inque
542 1105 646 1141 patres
668 1102 873 1142 populumque
899 1102 1033 1134 emend.
1050 1108 1089 1135 et
1113 1103 1168 1134 ed.
1192 1103 1307 1134 Bentl.
1331 1106 1368 1134 et
1390 1102 1518 1143 densis,
1533 1106 1571 1134 nt
1585 1102 1660 1143 ipse
1674 1102 1736 1141 ait,

281 1143 507 1184 phalangibus
530 1145 683 1175 locorum
700 1144 868 1184 ostendit,
883 1144 974 1185 qnod
990 1154 1072 1176 sane
1088 1145 1293 1183 sciebamus,
1316 1148 1424 1185 patres
1443 1147 1474 1175 et
1497 1145 1644 1185 populum
1667 1143 1738 1176 dici

282 1195 397 1225 posse,
411 1190 447 1216 et
461 1185 528 1216 dici
548 1187 580 1216 in
598 1186 837 1226 scriptoribus,
876 1186 945 1218 Sed
960 1186 1175 1218 nibilominus
1191 1187 1254 1218 hoc
1268 1186 1358 1226 loco,
1373 1191 1413 1217 ut
1428 1190 1523 1217 recte
1537 1186 1621 1217 vidit
1630 1185 1735 1218 Gesn.

281 1236 394 1268 neque
407 1237 505 1268 opus,
519 1237 631 1269 neque
648 1232 780 1268 aptum,
802 1237 915 1269 neque
931 1229 1077 1260 aulicum
1093 1233 1182 1269 erat,
1198 1237 1387 1260 memorare
1400 1232 1519 1268 patres.
1563 1228 1592 1259 N
1598 1237 1641 1259 on
1655 1227 1737 1258 alie-

283 1279 363 1300 num
380 1268 482 1301 fuisse
508 1279 528 1300 a
553 1270 803 1302 consuetudine
827 1275 983 1302 veterum
1003 1271 1153 1312 jungere
1177 1270 1316 1311 patriam
1339 1276 1376 1302 et
1395 1271 1541 1310 populum
1566 1279 1609 1301 ex
1635 1269 1739 1301 Ovid.

282 1311 374 1342 Met.
392 1320 456 1342 xv.
474 1314 549 1343 572.
571 1317 607 1343 et
619 1311 780 1343 Juvenal.
798 1321 877 1344 xiv.
892 1316 947 1344 70.
969 1322 1046 1344 nam
1059 1313 1149 1354 quod
1166 1313 1200 1344 in
1215 1313 1266 1344 his
1281 1313 1383 1344 etiam
1399 1313 1516 1343 Bentl.
1531 1316 1652 1342 contra
1666 1320 1738 1342 orn·

284 1362 347 1383 nes
362 1352 463 1383 codd.
480 1354 546 1393 legi
564 1354 636 1384 vult
650 1354 804 1393 patribus,
818 1354 851 1385 id
866 1363 1007 1386 summae
1024 1355 1232 1386 temeritatis
1249 1359 1312 1386 est.
1353 1353 1515 1394 Denique
1531 1354 1577 1384 nil
1598 1362 1738 1394 usquam

286 1394 454 1424 interesse
482 1395 572 1425 inter
592 1396 731 1434 patriam
757 1401 793 1426 et
818 1397 978 1435 populum,
995 1397 1077 1427 illud
1097 1397 1237 1428 videant
1253 1396 1343 1427 unde
1359 1395 1545 1427 defendant
1564 1396 1639 1426 VV.
1655 1395 1737 1426 DD.

290 1436 331 1466 In
344 1435 482 1475 patriam
493 1436 676 1476 populosque
691 1437 782 1476 conj.
796 1437 883 1468 Cnn.
904 1442 940 1467 et
957 1439 1087 1477 recepit
1101 1438 1183 1468 San.
1200 1437 1257 1478 qui
1270 1437 1408 1477 patriam
1426 1436 1578 1476 explicat
1595 1436 1738 1472 Urbem,

285 1486 486 1516 comparans
501 1486 525 1509 1.
542 1480 573 1508 2.
587 1480 620 1509 4.
635 1487 684 1518 sq.
707 1478 821 1509 ten-uit
839 1478 966 1515 Urbem,
988 1479 1106 1509 terruit
1124 1481 1258 1518 gnatos,-
1287 1479 1328 1509 it.
1351 1478 1504 1509 Martial.
1522 1485 1590 1508 ιιι.
1604 1479 1635 1508 3.
1658 1479 1668 1494 ‘
1681 1476 1738 1508 Ad

285 1519 430 1591 &333⁵
444 1519 1144 1601 ¹¹¹1iss²³p2¹tmm¹i³¹⁰⁹350221ffi‘issssffiffinss'
1155 1529 1264 1592 ''31⁶‘'
1264 1520 1512 1593 ‘Jffl'ssffi'ssmssss‘ss
1524 1519 1742 1600 gfff-532⁸

287 1604 369 1633 ——21
396 1601 542 1641 Cuning.
565 1602 675 1632 Motus
689 1603 718 1632 d.
732 1611 769 1640 g.
787 1603 903 1634 Ionios.
947 1603 1031 1633 Fab.
1057 1603 1100 1634 ad
1121 1603 1224 1634 Lucr.
1249 1611 1308 1634 ιιι.
1331 1605 1407 1634 568.
1427 1602 1516 1643 conj.
1547 1602 1656 1633 Motus
1674 1611 1738 1632 mo-

286 1643 353 1675 ven·
364 1653 399 1683 g.
417 1643 546 1675 Imaicos.
591 1643 671 1675 Non
697 1642 881 1675 defuerunt
906 1644 963 1685 qui
987 1644 1057 1685 legi
1080 1644 1210 1676 vellent
1233 1644 1336 1675 etiam
1360 1644 1500 1684 Ionicos,
1523 1649 1561 1676 ut
1573 1644 1622 1683 τῷ·
1635 1641 1756 1676 ἀθεεὶ-Γ

944 1728 1088 1761 NOTAE

329 1803 369 1832 21
394 1801 504 1833 Motus
516 1803 619 1833 doceri
638 1804 755 1842 gaudet
771 1803 895 1834 Ionicos
915 1803 989 1834 Ma-

287 1854 361 1882 tura
376 1852 484 1892 virgo]
502 1852 604 1884 Unde
620 1862 724 1893 porro
739 1858 791 1884 tot
808 1853 991 1893 adulteria,

287 1905 407 1942 totque
433 1900 643 1942 flagitiorum
663 1902 803 1934 infamia
821 1907 857 1934 et
878 1903 990 1943 pravi-

289 1951 363 1980 tas?
382 1950 541 1982 nimirum
557 1951 647 1992 quod
663 1952 796 1983 nubiles
812 1952 935 1993 puellm
947 1951 991 1983 ad

290 1998 441 2037 impuras
464 2005 556 2031 artes
579 2000 781 2039 formantur,
796 2001 925 2032 Ionicis
941 2001 990 2031 iu-

291 2046 436 2086 dulgent
464 2048 715 2089 saltationibus,
746 2049 869 2090 quibus
895 2049 992 2081 meus

290 2095 422 2135 pariter
435 2100 468 2126 et
481 2105 603 2136 corpus
616 2103 892 2139 corrumpuntur.
913 2100 992 2131 Hoc

291 2143 389 2175 fonte
405 2151 544 2175 manant
560 2151 612 2176 tot
628 2148 727 2178 mala.
771 2147 862 2178 Nam
883 2148 993 2187 primo

291 2193 440 2225 incestos
460 2203 590 2233 amores
612 2194 866 2227 adolescentula
888 2196 995 2227 medi-

293 2247 401 2281 tatur,
427 2248 608 2284 antequam
635 2243 760 2281 nubat;
783 2249 894 2283 nupta
915 2254 995 2275 moe·

294 2291 374 2322 cbos
400 2295 574 2323 sectatur:
612 2289 761 2323 demum‘
778 2292 993 2323 lenocinante

293 2340 416 2371 marito
429 2340 542 2381 palam
556 2341 663 2372 servit
677 2340 870 2372 meretricio
884 2350 993 2382 quaes·

297 2390 358 2421 tui.
387 2389 630 2422 Animadverte
641 2383 765 2431 gradus
774 2390 817 2422 ad
831 2399 992 2422 summam

297 2438 521 2479 impudicitiae
536 2439 658 2471 labem.

341 2489 451 2519 Motus
466 2488 604 2529 Ionicos]
626 2487 784 2520 Lascivus
799 2488 994 2520 saltationes

301 2537 343 2568 ab
369 2536 510 2568 Ionibus
536 2537 707 2568 inventas.
744 2537 830 2569 Coel.
850 2536 995 2578 Rbodig.

302 2596 414 2619 xvur.
443 2590 497 2619 25.
534 2588 544 2604 ‘
562 2587 712 2619 Ionicam
741 2587 930 2627 mollitiem,
958 2592 995 2618 et

303 2638 433 2668 choreis
462 2638 675 2677 mancipatos
709 2636 857 2669 animos'
886 2641 995 2669 vocat.

306 2686 418 2730 Alex„
436 2686 477 2717 ab
505 2687 605 2717 Alex.
629 2696 668 2718 11.
691 2689 745 2718 25.
775 2688 785 2704 ‘
800 2686 997 2718 Saltationis

303 2745 439 2776 genera,
466 2741 500 2767 et
531 2742 642 2768 motus
678 2736 812 2768 Ionicos
843 2737 996 2768 ediscere

1042 1804 1228 1835 Romanam
1239 1803 1457 1844 juventutem
1475 1801 1656 1844 aliqnando
1669 1811 1742 1834 mos

1042 1850 1137 1891 fuit:
1153 1852 1284 1893 inquit3
1310 1854 1321 1870 ‘
1337 1851 1501 1893 siqnidem
1524 1851 1627 1883 Iones
1653 1851 1741 1892 psal-

1043 1901 1136 1933 lendi
1151 1910 1318 1939 normam,
1333 1905 1370 1932 et
1384 1901 1502 1932 molles
1517 1901 1624 1932 saltus
1639 1901 1741 1941 primi

1043 1950 1214 1981 invenisse
1240 1949 1445 1981 traduntur?
1491 1949 1607 1981 Plaut.
1635 1949 1743 1980 Stich.

1044 1999 1108 2031 sub
1122 1998 1244 2030 finem:
1267 1999 1277 2016 ‘
1294 1998 1379 2031 Quis
1400 1997 1537 2030 Ionicus
1557 2001 1617 2029 aut
1638 1997 1742 2029 cinae-

1042 2048 1149 2088 dicus,
1172 2049 1228 2088 qui
1253 2047 1317 2079 hoc
1346 2047 1414 2078 tale
1437 2046 1553 2078 facere
1574 2046 1704 2087 possiet
1716 2045 1742 2077 ³·

1042 2096 1147 2137 Apud
1176 2096 1399 2137 Aristophan.
1434 2095 1574 2130 'humes
1602 2095 1744 2136 ponitur

1044 2155 1107 2186 pro
1135 2143 1246 2186 ἁβρῶς.
1274 2145 1421 2186 nwlliter,
1448 2146 1593 2184 decante,
1611 2144 1742 2184 sedive.

1043 2194 1170 2225 Athen.
1189 2203 1257 2225 xn.
1273 2198 1304 2225 5.
1326 2195 1337 2212 ⁴
1352 2194 1454 2226 Iones
1470 2195 1602 2232 molles,
1616 2193 1741 2224 delica-

1042 2244 1087 2274 tis
1099 2243 1216 2274 amicti
1226 2243 1390 2280 vestibus,
1399 2243 1576 2283 voluptate
1585 2240 1742 2273 diffluen-

1043 2293 1118 2327 tes:
1128 2291 1357 2330 appellantur.
1380 2291 1469 2322 Ibid.
1480 2300 1525 2322 ex
1531 2290 1742 2330 Theophras-

1046 2342 1095 2377 to,
1106 2338 1227 2369 Ionum
1239 2339 1336 2369 luxus
1348 2338 1548 2370 immodicus
1559 2338 1593 2369 in
1603 2345 1741 2378 prover-

1046 2387 1137 2418 bium
1162 2387 1285 2418 abiisse
1308 2387 1444 2423 dicitur,
1467 2387 1510 2418 ad
1534 2387 1610 2428 ejus
1635 2395 1741 2429 usque

1045 2436 1219 2468 saeculum.
1243 2444 1319 2467 xw.
1335 2439 1367 2468 ⁵.
1380 2436 1391 2454 ‘
1407 2436 1527 2468 Ionum
1551 2445 1664 2468 mores
1684 2437 1743 2468 de-

1046 2485 1133 2517 liciis
1163 2484 1396 2525 perditissimi,
1417 2491 1538 2517 cantus
1563 2495 1582 2516 a
1606 2490 1743 2518 vetusto

1046 2537 1147 2577 longe
1167 2536 1332 2576 diversus,
1355 2536 1526 2568 harmonia
1550 2536 1744 2572 remissior,'

1047 2591 1273 2627 nuncupatur.
1299 2586 1383 2627 Cap.
1394 2585 1494 2618 7.Ἧν
1508 2584 1542 2616 δέ
1553 2597 1601 2617 τις
1616 2585 1667 2617 καὶ
1679 2585 1745 2616 '10-

1050 2635 1118 2672 νικὴ
1145 2634 1274 2675 ὄρχησις
1298 2634 1466 2676 παροίνιος,
1489 2635 1598 2666 Ionica
1618 2635 1745 2666 suu-tio

1049 2686 1132 2717 inter
1144 2686 1229 2717 vina.

1093 2735 1230 2776 Ionicos]
1257 2735 1357 2767 Iones
1380 2735 1414 2766 in
1438 2733 1520 2766 Asia
1545 2734 1684 2775 Minori,
1700 2733 1742 2766 ab

1877 2416 1885 2423 0

1914 2727 1916 2731 .
1902 2455 1916 2709 naastan-agnum..
