1916 3190
621 250 891 284 censimum
927 251 1023 282 ms.
1055 251 1130 281 ιιι.
1158 242 1201 282 4.

470 344 628 391 Visam
645 349 916 403 pharetratos
937 347 1140 390 Gelonos

1580 345 1639 386 35

529 416 587 458 Et
607 416 865 470 Scythicum
884 414 1128 457 inviolatus
1147 422 1331 454 amnem.

414 483 515 525 Vos
534 483 756 525 Caesarem
774 483 927 531 altum,
947 481 1112 522 militia
1126 479 1258 522 simul

412 551 579 593 Fessas
599 551 801 592 cohortes
820 549 994 590 abdidit
1012 545 1208 603 oppidiS,

473 617 619 660 Finire
638 621 909 672 quaerentem
927 615 1121 665 labores,

528 684 677 726 Pierio
695 683 909 725 recreatis
925 686 1053 724 antro
1070 694 1082 723 :

183 803 307 835 cruoris
322 812 430 844 eqnm

1582 681 1639 722 40

440 807 516 844 potu
534 805 727 844 gaudentes.-
751 802 886 836 Gelam
908 804 1088 844 pharetram
1100 807 1274 846 gestantes,
1291 807 1384 845 atque
1395 803 1534 846 fluvium
1560 801 1638 842 Scy-

187 845 263 877 thia
272 845 364 877 adibo
377 846 505 879 manu.
553 847 614 878 Vos
627 855 775 886 magnu-
788 846 1073 888 Augustumfinem
1089 847 1247 879 laboribus
1259 850 1414 888 petentem
1428 845 1590 878 oblectans
1605 844 1639 874 in

185 896 276 927 specu
289 888 412 930 Pierio,
432 888 719 931 quandofutigdaes
732 889 808 921 bello
828 894 949 920 turmas
963 889 998 920 in
1009 890 1137 922 urbibus
1151 890 1322 922 collocavit.
1371 891 1431 922 Vos
1445 891 1639 920 mansuetum

795 977 853 989 006
857 977 933 989 ‘m

935 977 1034 990 eeeee

188 1044 350 1074 alm—8⁷
369 1042 526 1073 Coesarem
537 1042 636 1074 altram
650 1043 767 1074 militia
778 1043 894 1084 jungit
904 1044 1080 1082 Acron,et
1097 1050 1174 1085 post
1190 1054 1267 1076 eum
1285 1043 1425 1076 Ascens.
1441 1048 1478 1074 et
1490 1042 1642 1074 Mancia.

189 1084 214 1115 i.
227 1093 260 1116 e.
286 1083 464 1125 inclytum,
491 1083 667 1116 sublimem
691 1086 970 1125 triumphis—38
994 1086 1111 1118 Fessus
1126 1087 1214 1127 conj.
1231 1086 1347 1118 Lamb.
1360 1090 1399 1118 et
1421 1087 1554 1126 recepit
1575 1086 1643 1117 Cu-

189 1125 283 1166 ning.
299 1126 469 1167 probante
483 1125 599 1158 Bentl.
622 1127 750 1158 urbibus
764 1127 885 1159 abdidit
902 1128 980 1160 Nic.
993 1129 1113 1160 Heins-
1129 1130 1171 1160 ad
1185 1129 1288 1161 ovid.
1302 1130 1393 1161 Fast.
1410 1137 1461 1159 ιν.
1474 1131 1550 1160 305.
1570 1129 1643 1159 red-

189 1169 272 1200 didit

286 1168 408 1210 opp-'dis
418 1166 580 1201 annoet.
593 1174 628 1200 et
646 1169 768 1201 Faern.
782 1170 948 1207 Lambini,
963 1170 1073 1203 codex
1086 1171 1209 1204 Achill.
1222 1172 1310 1204 Stat⁴
1328 1171 1506 1202 Pulmsnni
1522 1171 1641 1202 Hunn-

191 1215 228 1241 et
240 1210 376 1242 Diestb.
390 1218 475 1243 ms
489 1211 611 1243 Bland.
626 1217 661 1242 et
677 1211 788 1243 Mald.
805 1213 959 1254 Crnquii‚
973 1219 1120 1255 quatuor
1134 1215 1318 1253 Torrentii,
1334 1214 1484 1246 Bentleii
1502 1213 1645 1244 Galeris.

191 1252 322 1285 Battel.
337 1251 437 1285 nodi.
451 1255 482 1284 1.
494 1255 525 1286 2.
536 1259 571 1285 et
586 1254 738 1286 Colbert.
756 1264 818 1294 pro
834 1264 866 1286 v.
881 1255 902 1286 l.
916 1255 1032 1288 Zarot.
1048 1257 1201 1289 Florent.
1219 1259 1316 1288 1482.
1339 1262 1374 1287 et
1389 1257 1530 1287 Venett.
1542 1257 1640 1286 1486.

193 1297 292 1327 1495.
333 1292 492 1327 Probant
506 1297 605 1327 Brut.
627 1302 663 1327 et
678 1297 798 1328 Barth.
816 1296 962 1329 Advers.
980 1307 1110 1331 xxxix.
1124 1302 1156 1330 9.
1178 1306 1214 1331 et
1231 1299 1340 1330 edidit
1355 1299 1471 1330 Bentl.
1489 1306 1641 1338 eumque

191 1337 300 1370 secuti
321 1342 400 1370 sent
423 1338 548 1370 Sanad.
574 1337 705 1370 wakef.
730 1344 766 1370 et
788 1339 896 1371 Kidd.
923 1341 1048 1372 addidit

1071 1342 1194 1382 oppidis
1213 1341 1304 1373 Sivr.
1328 1346 1365 1372 et
1388 1342 1437 1372 sic
1461 1340 1533 1372 Alt.
1551 1343 1582 1371 l.
1607 1343 1645 1370 et

193 1378 342 1413 Deua.
374 1380 514 1412 redditas
536 1380 660 1422 oppidis
686 1381 803 1413 Graev.
829 1381 981 1414 Bentleii
1006 1393 1026 1414 s
1046 1393 1090 1416 m.
1117 1386 1260 1425 piu—39
1283 1384 1431 1416 Deme.
1455 1383 1645 1414 laborem.—

782 1450 786 1453 ’
843 1465 988 1499 Nom:

233 1533 275 1563 85
305 1530 514 1563 pharetratos
555 1528 704 1570 Gelonos]
736 1529 888 1571 Scythiae

193 1581 352 1623 populos,
366 1581 409 1613 de
433 1581 556 1623 quibus
578 1589 619 1612 n.
640 1580 710 1613 Od.
726 1583 759 1612 9.
785 1585 821 1612 et
834 1583 890 1613 20.

191 1631 315 1672 Virgil-
331 1631 465 1663 AEneid.
482 1641 566 1663 vm.
588 1633 598 1648 ‘
615 1630 861 1670 Sagittiferos!

235 1683 278 1713 86
300 1680 480 1723 Scythicum
505 1679 641 1720 amnem]
663 1680 804 1711 Tanaim
827 1679 890 1712 flu-

194 1731 301 1771 vium,
315 1730 472 1773 (vernac.
488 1729 590 1771 Don‚)
606 1730 697 1760 inter
717 1731 891 1772 Europam

195 1786 230 1812 et
243 1780 359 1812 Asiam
375 1780 515 1811 limitem
530 1779 804 1811 celeberrimum.
825 1781 893 1812 Lu-

195 1839 271 1862 can.
283 1838 341 1862 nr.
352 1832 430 1862 272.
451 1830 461 1848 ‘
479 1829 610 1861 vertice
621 1830 735 1870 lapsus
750 1830 894 1871 Riphaeo

198 1880 321 1912 Tanais
336 1879 464 1911 diversi
485 1879 622 1910 nomina
647 1879 764 1910 mnndi
781 1879 894 1920 Impo-

196 1929 266 1961 suit
279 1929 376 1970 ripis,
391 1928 549 1970 Asiaeque
564 1933 601 1960 et
622 1930 789 1961 terminus
802 1930 893 1962 idem

196 1980 359 2020 Enropae,
393 1979 515 2011 mediae
544 1979 706 2010 dirimens
747 1980 895 2012 confinia

197 2031 326 2063 terrie?

237 2085 281 2114 37
308 2082 370 2115 Vos
388 2083 555 2122 Coesoerem,
568 2081 638 2124 εμπ]
660 2083 730 2114 Vos
742 2082 858 2120 etiam,
872 2092 893 2114 o

196 2133 322 2170 Musae,
337 2132 526 2173 Augustum
538 2133 721 2174 Caesarem,
733 2137 809 2173 post
823 2132 893 2164 bel-

195 2182 283 2214 licos
306 2182 454 2221 labores,
485 2182 651 2214 recreatis
680 2182 893 2214 cantionibus

196 2232 318 2264 vestris
332 2242 373 2265 ac
387 2233 533 2265 modulis
555 2232 725 2274 poeticis3
747 2233 783 2264 in
801 2235 894 2264 antro

197 2282 320 2323 Pierio,
330 2291 469 2314 secessu
484 2288 519 2315 et
537 2283 607 2314 otio
622 2282 764 2314 liberali.

240 2333 364 2365 Militia
375 2333 469 2365 simul
482 2334 596 2366 Fessa·
612 2333 756 2365 'cohor-ees
770 2332 894 2365 abdidit

194 2383 333 2425 oppidis]
355 2385 439 2416 enm
465 2384 499 2416 in
514 2384 655 2416 urbibus
670 2382 800 2425 copias,
813 2385 892 2425 hye-

185 2434 312 2477 ¹mnudi
333 2444 447 2475 causa,
461 2445 521 2467 seu
543 2434 579 2467 in
601 2434 762 2476 hybernis
786 2434 892 2466 collo-

200 2485 304 2518 eavit.

241 2538 286 2567 89
306 2537 417 2570 finire
443 2542 630 2580 querentem
657 2537 792 2578 labores]
830 2537 894 2568 His

171 2623 181 2630 J
202 2585 337 2625 qnidam
359 2588 465 2619 alludi
485 2589 602 2620 volunt
617 2588 660 2619 ad
684 2588 718 2619 id
735 2586 824 2628 quod
841 2595 896 2617 re-

202 2633 314 2666 fertur
327 2635 500 2676 Augustus
522 2638 672 2678 quietem
700 2642 836 2677 optasse
858 2642 894 2667 et

204 2684 418 2715 vae-tionem
446 2695 467 2716 a
493 2686 687 2726 Republica
720 2686 892 2727 petivisse.

202 2732 293 2764 Vide
318 2732 456 2764 Sueton.
480 2734 606 2766 Octav.
628 2745 704 2776 cap.
727 2738 781 2768 28.
823 2735 891 2767 Sed

175 2829 179 2832 q
202 2781 317 2823 potius
344 2786 482 2815 notatur
507 2783 652 2825 Augusti
679 2785 890 2819 cousuetudo

943 1541 1006 1573 per
1022 1532 1160 1574 hyemes
1170 1532 1316 1565 vacandi
1332 1532 1507 1565 literarum
1520 1531 1643 1570 studio,

942 1584 1071 1625 ingenii
1086 1585 1232 1624 deliciis,
1247 1584 1432 1615 carminum
1454 1582 1645 1622 scriptioni.

942 1634 1082 1665 sueton.
1112 1634 1239 1666 Octav.
1266 1642 1343 1673 cap.
1360 1634 1414 1663 84.
1448 1631 1458 1648 ‘
1474 1632 1645 1672 Eloquen-

945 1684 1026 1715 tiam
1041 1683 1224 1725 studiaque
1238 1683 1392 1714 liberalia
1403 1681 1446 1713 ab
1458 1687 1562 1713 aetate
1576 1682 1645 1722 pri-

945 1743 999 1766 ma
1014 1738 1050 1764 et
1065 1734 1191 1774 cupide
1207 1738 1244 1764 et
1266 1732 1532 1764 laboriosissime
1547 1740 1645 1762 exer·

945 1782 1041 1824 cnit‚'
1058 1786 1122 1815 Sec.
1143 1793 1220 1823 cap.
1241 1785 1295 1814 85.
1316 1784 1326 1800 ‘
1344 1783 1455 1814 Multa
1480 1782 1566 1813 varii
1588 1791 1645 1822 ge-

945 1834 1038 1864 neris
1059 1842 1161 1873 prosa
1176 1832 1330 1864 oratioue
1357 1832 1551 1872 composuit
1567 1854 1576 1863 .
1589 1855 1598 1864 .
1610 1855 1619 1864 .
1634 1854 1645 1862 .

948 1883 1127 1915 Poeticam
1157 1883 1347 1914 summatim
1374 1882 1503 1923 attigit.
1546 1881 1645 1914 Unus

946 1934 1034 1966 liber
1049 1938 1147 1965 extat
1169 1932 1319 1973 scriptus
1341 1933 1384 1963 ab
1408 1941 1451 1963 eo
1471 1931 1645 1964 Hexame-

947 1985 1012 2016 tris
1025 1984 1189 2024 versibus,
1200 1983 1295 2024 cnjus
1307 1987 1343 2014 et
1358 1987 1595 2023 argumentum
1611 1986 1646 2013 et

946 2034 1066 2066 titulus
1074 2034 1158 2073 est,‘
1167 2032 1309 2065 Sicilia!
1332 2033 1439 2064 Extat
1447 2032 1535 2063 alter
1547 2041 1645 2072 eque

946 2084 1098 2116 modicus
1134 2083 1426 2124 Epigrammatum
1457 2091 1533 2123 quae
1571 2081 1646 2112 fere

947 2140 1102 2177 tempore
1117 2134 1232 2166 balnei
1242 2132 1483 2164 meditabatur.
1506 2132 1646 2172 Tragoe-

946 2186 1037 2217 diam
1048 2194 1171 2226 magno
1180 2184 1310 2225 impetu
1319 2192 1475 2220 exorsus,
1487 2191 1554 2213 non
1569 2191 1646 2212 suc-

946 2236 1092 2268 cedente
1121 2234 1212 2276 stylo
1241 2233 1409 2266 abolevit.’
1454 2234 1509 2264 De
1535 2230 1645 2271 Ajace

943 2285 1006 2317 illa
1020 2290 1109 2324 erat,
1121 2287 1189 2316 διο.

988 2339 1031 2368 40
1053 2337 1166 2368 Pierio
1193 2334 1342 2366 recreatis
1374 2332 1481 2372 antro]
1517 2331 1643 2362 Pierus

947 2397 1041 2419 mons
1077 2391 1131 2418 est
1162 2384 1352 2416 Thessaliae
1387 2382 1495 2413 Musis
1532 2390 1644 2412 sacer.

947 2437 1034 2468 Inde
1063 2434 1222 2466 Pierides
1250 2433 1318 2464 illae
1350 2431 1454 2462 dictae
1491 2435 1582 2468 sunt,
1608 2435 1646 2462 et

947 2485 1107 2528 quicquid
1124 2484 1167 2515 ad
1181 2493 1239 2514 eas
1256 2481 1405 2522 pertinet
1421 2480 1572 2512 Pierium
1590 2491 1646 2512 vo-

946 2535 1031 2571 cari,
1054 2541 1171 2566 notum
1197 2537 1251 2564 est
1278 2542 1317 2562 ac
1345 2531 1474 2562 tritum.
1521 2531 1645 2563 Cicero

947 2585 990 2616 de
1009 2584 1093 2615 Nat.
1107 2583 1209 2613 Deor.
1231 2591 1251 2612 a
1267 2580 1383 2611 Pierio
1400 2585 1498 2621 patre
1520 2589 1644 2612 nomen

948 2634 1110 2666 desumit:
1134 2636 1170 2663 at
1183 2632 1280 2663 Sext.
1294 2630 1480 2670 Pompeius
1505 2639 1525 2661 a
1546 2629 1643 2662 dicto

946 2688 1074 2721 monte,
1104 2682 1202 2723 cnjus
1230 2680 1405 2712 amoenitas
1434 2684 1471 2711 et
1497 2680 1644 2712 solitudo

945 2739 1137 2776 opportuna
1152 2737 1204 2764 est
1221 2736 1256 2763 et
1272 2735 1372 2772 grata
1385 2729 1559 2763 studiosis.
