1916 3190
663 279 728 310 An
760 277 1030 309 cARsuNUst
1069 277 1160 307 mu.
1191 277 1223 306 1.
1586 267 1674 309 245

736 465 869 508 EXC
877 464 1076 508 URSUS
1121 466 1181 508 V.

641 595 708 628 AD
733 595 813 628 OD.
835 595 987 628 XXXV.
1030 595 1092 627 Vs.
1115 597 1166 626 17.
1188 593 1268 636 Sqq.

233 719 350 754 Locus
374 723 514 764 nuperis
536 723 683 755 virorum
707 723 885 755 doctorum
900 722 1190 763 disputationibus
1212 721 1461 759 nobilissimus;
1487 719 1520 750 in
1537 728 1604 760 quo
1619 728 1678 750 nos

231 771 281 803 ita
295 773 327 806 h.
341 774 364 806 l.
380 775 601 816 versabimur,
613 780 651 807 ut
668 775 826 817 primum,
838 784 939 816 quam
950 775 984 807 in
997 774 1200 807 Observatt.
1215 774 1389 815 posuimus
1401 772 1677 814 explicationem,

232 825 377 865 amplius
391 826 598 859 illustremus
613 832 651 859 et
664 826 916 869 confirmemus,
930 827 1057 860 deinde
1071 827 1280 869 attingamus
1292 835 1396 868 super
1410 826 1485 868 ipso
1498 825 1576 856 loco
1585 824 1679 855 Sum·

230 884 363 910 morum
378 878 582 911 criticorum
591 879 740 921 judicis.

276 928 400 971 elwa,
422 941 543 971 meos,
567 942 690 974 unce-s,
714 932 926 973 liqtsiquu
946 932 1118 973 planabam,
1138 930 1311 962 firmitatis
1325 934 1362 961 et
1382 927 1680 967 immutabilitatis,

230 979 334 1011 olam
347 987 383 1013 et
394 992 505 1015 cuneos
519 985 622 1016 etiam
640 984 810 1015 violentie
826 984 978 1024 symbola
989 983 1136 1025 antiquis
1148 982 1252 1015 fuisse
1262 982 1418 1014 diximus.
1447 981 1488 1012 1d
1501 990 1561 1012 nos
1570 988 1681 1011 sermo

231 1031 364 1072 priscus
379 1034 493 1066 docet.
522 1035 624 1076 Apud
640 1036 819 1067 Platonem
834 1035 1018 1075 (Phaedon.
1033 1045 1068 1075 p.
1084 1037 1138 1066 63.
1155 1033 1333 1075 Francos.)
1350 1042 1496 1074 qumque
1513 1033 1682 1074 voluptas,

233 1083 377 1125 quisque
391 1085 489 1117 dolor
504 1085 515 1102 ‘
528 1087 659 1118 clavum
670 1086 681 1101 '
700 1087 826 1118 babere
840 1087 978 1127 dicitur,
993 1097 1061 1127 quo
1075 1087 1213 1127 corpori
1229 1088 1377 1117 animum
1392 1084 1524 1126 affigat:
1541 1085 1682 1123 ‘Beda-171

233 1133 327 1173 ἡδονὴ
341 1136 392 1168 καὶ
405 1137 501 1175 λύπη,
517 1138 620 1179 ὅπερ
633 1136 713 1175 ἧλον
726 1137 845 1178 ἔχουσα
856 1140 1011 1180 προσηλοῖ
1020 1138 1119 1178 αὐτὴν
1127 1138 1264 1180 (ψυχὴν)
1275 1138 1352 1179 arpos
1364 1138 1404 1170 τὸ
1418 1136 1506 1177 eiua
1519 1137 1571 1169 καὶ
1584 1149 1681 1178 προσ-

234 1189 363 1229 asper-5,
387 1189 421 1221 Ιι.
437 1199 469 1221 e.
489 1190 678 1222 arctissime
701 1190 857 1222 annectit
880 1200 954 1222 eam
977 1191 1125 1232 corpori,
1150 1191 1316 1231 impresso
1331 1200 1398 1222 nou
1414 1190 1566 1222 evitabili
1581 1200 1681 1221 sensu

235 1248 365 1282 eorum,
387 1251 464 1283 quas
487 1243 522 1273 iu
544 1252 687 1283 corpore
711 1243 809 1274 linunt.
851 1243 1003 1274 Eandem
1019 1243 1141 1274 animm
1154 1252 1232 1274 cum
1247 1252 1390 1284 corpore
1404 1243 1681 1284 conjunctionem

235 1292 268 1332 ἐξ
281 1292 420 1334 ἀνάγκης
434 1303 510 1327 esse
522 1295 659 1327 dixerat
675 1297 710 1327 iu
723 1296 851 1328 Timeo
876 1306 911 1337 p.
927 1299 1022 1329 10⁵4.
1044 1296 1079 1328 in
1103 1305 1172 1337 quo
1195 1296 1317 1328 eodem
1343 1307 1379 1338 p.
1394 1299 1490 1328 1055.
1532 1295 1684 1335 aalma

232 1345 414 1379 inferiores
429 1349 583 1388 corporis
596 1348 734 1380 humaui
756 1349 941 1389 particulas
956 1349 1122 1389 colligant
1137 1348 1282 1389 ἀοράτως
1294 1350 1420 1381 mets
1431 1349 1576 1389 γόμφοι-τ,
1592 1347 1683 1390 quod

236 1398 309 1431 Cic.
325 1398 368 1431 de
384 1399 544 1434 Univers.
560 1404 612 1433 18.
628 1401 803 1433 transtulit
816 1412 827 1432 ι
848 1401 967 1432 crebris
980 1404 1127 1441 tanqum
1139 1402 1274 1433 cuneolis
1285 1402 1424 1433 insertis.
1470 1401 1481 1418 ‘
1492 1401 1598 1433 Claro
1613 1406 1683 1432 tra-

227 1449 303 1484 hali
323 1449 447 1492 figere·
465 1453 608 1494 antiquo
622 1462 777 1486 sermone
793 1454 915 1486 Latino
930 1459 1007 1486 erat
1021 1453 1153 1485 firmum
1168 1459 1205 1485 et
1220 1454 1430 1486 immutabile
1445 1452 1594 1486 efficere.
1637 1454 1682 1484 V.

233 1511 265 1534 e.
280 1502 352 1536 Cic.
366 1505 465 1537 Verr.
480 1514 515 1537 v.
528 1508 584 1538 21.
606 1507 615 1524 ‘
627 1507 676 1539 Ut
691 1507 754 1538 hoc
775 1506 979 1539 beneficium
1005 1506 1130 1538 trabali
1156 1507 1256 1538 clavo
1277 1505 1426 1547 figeret.’
1470 1506 1612 1537 Petron.
1626 1508 1682 1536 86.

231 1555 242 1572 ¹
255 1554 370 1598 Nosti,
392 1557 482 1599 quod
505 1557 604 1589 simul
631 1558 814 1594 destinavi.
840 1559 937 1589 clavo
962 1558 1084 1590 trabali
1101 1557 1206 1589 fixum
1222 1558 1298 1589 est)
1340 1557 1499 1590 Animum
1518 1557 1683 1589 Hectoris

231 1607 444 1650 indomitum,
466 1611 562 1651 eujus
589 1611 760 1642 violentiae
782 1611 829 1642 nil
845 1615 962 1651 potest
978 1611 1153 1648 resistere,
1175 1615 1353 1650 comparat
1371 1611 1469 1641 Paris
1482 1621 1538 1651 sp.
1555 1609 1682 1641 Home-

233 1667 307 1692 rum
332 1669 409 1692 eum
432 1661 443 1678 ‘
455 1663 593 1703 securi,'
611 1664 721 1694 omnia
746 1668 960 1703 penetrante,
987 1662 1028 1694 11.
1043 1666 1076 1694 r.
1090 1665 1144 1693 60.
1158 1672 1233 1702 sqq.
1275 1662 1333 1693 De
1348 1662 1465 1702 liquido
1475 1662 1599 1703 plumbo
1614 1671 1684 1692 me·

232 1712 407 1743 morabilis
420 1714 515 1745 locus
530 1715 650 1754 Eurip.
661 1714 825 1746 Androni.
839 1717 915 1746 265.
933 1713 1051 1752 KdOmr'
1066 1714 1184 1754 ἑδραῖε,
1196 1713 1247 1745 καὶ
1261 1714 1324 1754 ’γὰρ
1337 1713 1364 1745 εἰ
1376 1713 1463 1755 πέριξ
1476 1714 1507 1745 α’
1521 1713 1591 1753 ἔχει
1602 1718 1682 1750 '1³21-

234 1762 290 1795 τδς
312 1763 477 1806 μόλυβδος,
501 1765 743 1806 ἔζωον-ἧσσα)
759 1766 832 1806 ἐγώ.
875 1767 960 1798 Τιιιιι
974 1762 1012 1798 et
1027 1767 1071 1798 de
1087 1767 1164 1798 Fati
1179 1777 1206 1797 s.
1230 1766 1458 1798 Necessitatis
1482 1766 1514 1796 vi
1539 1773 1574 1797 et
1596 1767 1684 1797 inso-

235 1814 331 1847 lubili
347 1821 383 1848 et
398 1818 618 1859 insuperabili
632 1820 714 1850 clavi
725 1823 760 1849 et
771 1819 862 1850 canes·
874 1819 967 1850 obvii
977 1823 1056 1850 sunt
1071 1819 1104 1849 in
1121 1819 1235 1859 prisco
1250 1827 1406 1849 sermone
1421 1818 1571 1859 poetico.
1602 1819 1686 1851 Pin·

237 1867 311 1900 dar.
327 1869 433 1910 Pyth.
447 1875 487 1901 Δ.
504 1873 578 1902 12⁵.
610 1870 663 1902 Τίς
677 1870 710 1902 δὲ
722 1870 861 1902 κίνδυνος
874 1873 1035 1912 κρατεροῖς
1047 1870 1223 1910 &dymnus
1236 1872 1332 1908 δῆσεν
1341 1870 1451 1910 ἅλικες
1466 1870 1621 1911 θέσφατον
1633 1869 1685 1908 ἣν,

235 1931 266 1952 κ.
281 1931 314 1952 τ.
329 1926 365 1952 λ.
411 1923 501 1958 Qua
516 1933 589 1954 vero
600 1924 771 1964 periculus
784 1924 898 1955 validis
910 1934 951 1956 ex
964 1926 1129 1956 adamante
1143 1934 1203 1955 eos
1218 1922 1470 1965 (Argonautas)
1482 1923 1549 1955 sibi
1570 1923 1684 1963 alliga-

235 1973 283 2005 vit
296 1983 323 2006 s.
337 1976 442 2016 affixit
455 1975 573 2009 clavis?
594 1978 678 2008 Erat
689 1977 827 2019 insutis,
839 1978 894 2017 ξε.
917 1977 950 2009 Ιι.
962 1987 995 2009 e.
1010 1986 1087 2018 qum
1103 1976 1302 2008 Necessitas
1316 1985 1374 2007 eos
1389 1976 1432 2006 ad
1447 1976 1534 2006 bane
1550 1976 1683 2016 pericu-

235 2026 343 2058 losam
357 2028 608 2068 expeditionem
623 2028 812 2061 faciendam
830 2029 862 2060 vi
877 2028 1089 2060 ineluctabili
1105 2028 1244 2069 adegit?
1285 2028 1413 2060 Similis
1437 2027 1575 2060 Horatii
1588 2028 1682 2060 locus

237 2083 291 2110 est
305 2087 363 2111 ιιι.
380 2079 448 2111 Od.
463 2083 517 2112 Μ.
528 2085 563 2123 5.

279 2131 433 2164 Fuerunt
448 2133 547 2164 multi
564 2132 685 2175 Intpp.
700 2134 759 2176 qui
774 2133 819 2166 ad
833 2134 1077 2175 suppliciorum
1093 2134 1278 2175 cruciatus,
1290 2145 1318 2167 s.
1329 2138 1501 2166 tormenta
1512 2131 1684 2164 referrent

232 2184 469 2221 instrumenta,
492 2195 568 2227 quae
598 2191 713 2227 gestat
736 2188 947 2220 Necessitas.
992 2188 1104 2219 elavos
1123 2187 1260 2219 trabales
1283 2188 1380 2218 aiunt
1402 2196 1477 2218 esse
1503 2187 1635 2226 σφῆνας,
1655 2196 1683 2216 s.

233 2236 385 2278 γόμφους,
410 2239 468 2280 qui
492 2248 554 2279 per
579 2249 705 2280 corpus
730 2240 964 2272 damnatorum
989 2240 1117 2278 adacti,
1141 2240 1195 2272 vel
1221 2240 1343 2281 quibus
1365 2239 1458 2272 cruci
1481 2238 1571 2270 affixi
1590 2238 1658 2269 sint
1672 2247 1681 2268 ε

233 2291 337 2322 aad:
352 2290 505 2323 Caucaso
519 2290 656 2323 affixum
670 2302 746 2324 esse
761 2293 1003 2325 Prometheum
1018 2293 1110 2335 (Cic.
1133 2293 1270 2324 Tuscul-
1286 2301 1330 2325 11.
1345 2292 1416 2333 9.):
1438 2301 1527 2326 mo,
1552 2289 1684 2330 gutturi

235 2342 354 2379 infixo,
369 2347 498 2376 tractos
512 2354 588 2376 esse
602 2350 765 2378 nocentes
779 2346 814 2377 in
828 2346 955 2387 ignem,
969 2346 1013 2377 ad
1031 2347 1140 2378 scalas
1164 2346 1349 2387 gemonias,
1366 2346 1400 2375 in
1415 2344 1578 2380 Tiberim,
1592 2342 1684 2382 (Cic.

235 2403 298 2435 pro
318 2395 356 2427 C.
374 2395 489 2428 Rabir.
503 2400 558 2428 16.
584 2397 737 2439 Philipp.
752 2408 779 2430 1.
794 2401 826 2430 2.
847 2399 1007 2431 Juvenal.
1023 2407 1051 2430 ι.
1068 2402 1143 2430 156.
1167 2398 1250 2435 &c.)
1273 2396 1436 2437 liquefacto
1461 2394 1583 2434 plumbo
1607 2402 1684 2425 reos

234 2455 307 2478 esse
322 2448 469 2488 punitos.
505 2449 572 2480 Sed
587 2450 651 2481 hoc
667 2451 822 2482 ultimum
835 2461 902 2483 non
918 2451 984 2482 nisi
1000 2461 1044 2482 ex
1059 2450 1197 2482 Acrone
1212 2454 1248 2479 et
1262 2447 1519 2487 Martyrologiis
1534 2451 1683 2484 sumunt,

235 2498 355 2532 Rome
370 2501 530 2533 usitatum
544 2503 748 2543 supplicium
765 2502 884 2544 fuisse,
908 2512 975 2534 nou
1002 2507 1145 2542 possunt
1171 2499 1377 2538 ostendere;
1399 2497 1683 2539 quemadmodum

236 2555 275 2582 et
286 2551 369 2583 illud
385 2553 427 2584 de
441 2554 557 2585 cuneis
572 2554 771 2587 Promethei
789 2556 889 2596 paulo
904 2555 1008 2586 altius
1023 2558 1077 2584 est
1093 2553 1300 2593 repetitum;
1321 2561 1395 2591 quae
1412 2560 1468 2581 res
1477 2550 1552 2590 jam
1569 2550 1684 2581 admo-

238 2602 316 2633 dum
332 2611 522 2643 suspectam
540 2606 625 2638 hanc
639 2608 905 2648 explicationem
918 2606 1045 2638 reddit.
1088 2605 1288 2636 Sanadonus
1303 2613 1377 2634 eam
1394 2602 1520 2643 accipit
1533 2601 1683 2644 quidem,

238 2653 298 2684 sed
323 2664 461 2694 gravem
477 2659 773 2698 reprehensionem
791 2659 903 2700 poetae
926 2657 1043 2689 addit:
1068 2657 1078 2674 ‘
1091 2656 1135 2688 Je
1164 2666 1206 2687 ne
1234 2656 1309 2696 puis
1333 2653 1490 2694 souffrir‚’
1513 2653 1683 2695 inquiens,

239 2704 252 2721 ‘
265 2709 322 2736 cet
337 2706 465 2737 attirail
481 2709 684 2747 patibulaire
699 2711 743 2742 de
757 2712 863 2751 elous,
878 2710 923 2741 de
938 2710 1044 2750 coins,
1061 2708 1103 2739 de
1119 2717 1217 2739 crocs
1232 2712 1270 2739 et
1285 2707 1328 2739 de
1343 2706 1456 2748 plomb
1468 2706 1586 2738 fondu-
1613 2706 1684 2739 J'ai

241 2766 300 2788 cru
319 2767 359 2788 en
375 2756 494 2790 devoir
509 2759 697 2803 decharger
710 2763 745 2794 la
759 2762 968 2803 traduction,
981 2771 1022 2794 en
1038 2760 1245 2792 substituant
1258 2759 1307 2791 les
1321 2758 1414 2791 idees
1427 2757 1604 2800 ‘generales
1617 2767 1684 2788 aux
