1916 3190
281 215 364 257 190

755 226 799 263 Q.
831 225 1041 255 HORA'ru
1077 225 1250 256 FLAccr

395 317 601 361 Pulveris
623 319 774 372 exigui
796 332 932 374 prope
950 319 1081 360 littus
1103 332 1244 373 parva
1263 319 1482 362 Matinum

453 385 660 428 Munera:
688 399 770 428 nec
791 386 1029 441 quicquam
1049 387 1131 428 tibi
1148 386 1333 439 prodest

278 526 415 566 pulveris
427 528 540 560 donum
554 532 643 560 tenue
657 527 877 567 co'e'rcetJuxta
891 537 977 559 oram
988 527 1160 560 Matinum.
1194 527 1287 560 Nihil
1298 538 1374 569 ergo
1384 529 1507 572 proficit
1523 529 1582 561 eibi
1593 531 1728 571 mortali,

885 635 1003 647 eeeeee

1006 635 1125 647 oooooo

281 708 422 740 omnibus
430 710 663 751 perArchytam
675 722 686 748 ‚·
704 710 797 742 Libri
816 715 895 742 ante
911 710 1043 742 Fabric.
1063 710 1299 751 Archytas.-3
1313 710 1426 742 Pulm.
1444 710 1579 742 Gembl.
1593 713 1624 742 1.
1636 712 1734 743 latum

279 760 312 790 p.
327 751 485 783 Matinum
495 762 509 790 ;
531 751 603 784 Alt.
619 756 649 786 2.
665 754 741 785 litus
749 764 782 795 p.
796 754 1025 785 marinum—4
1043 753 1171 785 Funera
1188 763 1249 793 pro
1265 753 1399 784 Munera
1414 753 1501 794 conj.
1515 754 1594 785 Nic.
1612 753 1733 785 Heius.

939 869 1080 902 No'rAE

282 953 456 985 oraculum
483 952 666 994 Apollinis,
699 963 765 996 quo
802 963 979 985 numerum

283 1013 399 1035 arenae
437 1002 500 1034 sibi
533 1008 651 1034 notum
691 1012 767 1035 esse
802 1003 979 1043 gloriatur,

282 1052 362 1085 Οἶδα
382 1052 444 1092 ἐγὼ
470 1051 595 1092 ψάμμου
614 1053 643 1083 τ’
670 1052 797 1094 ἀριθμὸν
820 1051 871 1083 καὶ
885 1051 982 1092 μέτρα

281 1102 456 1140 θαλάσσης·
469 1112 511 1133 an
528 1103 571 1134 ad
588 1103 712 1134 librum
723 1103 765 1134 ab
776 1101 982 1134 Archimede

284 1152 509 1193 compositum
527 1152 583 1184 cui
608 1150 923 1191 titulusrwapptirnz
945 1151 980 1182 in

283 1212 349 1244 quo
365 1202 472 1234 initur
492 1202 581 1233 ratio
609 1211 745 1233 arenam
766 1200 980 1241 numerandi,

284 1252 312 1284 si
339 1251 483 1284 mundus
506 1261 546 1283 ea
571 1250 662 1283 foret
678 1252 861 1292 oppletus?
892 1251 982 1282 Vide

242 1328 246 1331 .
282 1302 432 1334 Tui-neb.
463 1311 571 1334 xxvr.
601 1304 633 1333 1.
667 1301 825 1342 Hyginus
856 1301 916 1333 lib.
940 1301 983 1333 de

285 1352 489 1384 Limitibus:
525 1353 535 1370 ‘
554 1351 793 1383 Archimedem
826 1352 984 1392 praeclari

286 1404 395 1434 virum
410 1402 537 1443 ingenii
551 1401 668 1433 ferunt
683 1402 862 1443 scripsisse
878 1411 984 1442 quan-

285 1460 358 1485 tum
373 1462 551 1485 arenarum
567 1462 692 1494 capere
708 1452 852 1484 mundus
869 1457 983 1494 queat,

286 1503 314 1535 si
331 1513 373 1534 ea
387 1502 602 1544 repleretur!

327 1556 348 1584 2
371 1552 530 1594 Archyta]
553 1552 723 1594 Crnquius
736 1561 919 1593 perperam
934 1552 985 1583 in-

285 1603 413 1645 telligit
441 1602 611 1645 quendam
641 1602 829 1644 Archytam
860 1602 986 1633 Firma-

285 1663 365 1686 num
397 1652 542 1685 Horatio
567 1662 733 1692 coaevum,
756 1653 984 1684 Geometricis

286 1708 322 1735 et
339 1703 585 1735 Astronomicis
610 1702 908 1735 observationibus
934 1702 982 1733 ni-

286 1753 351 1785 mis
377 1753 625 1795 indulgentem,
639 1753 683 1784 de
707 1763 776 1795 quo
801 1753 924 1784 Cicero
940 1751 984 1783 de

287 1803 405 1835 Divin.
423 1811 465 1834 11.
488 1804 498 1820 ‘
512 1812 532 1834 o
559 1803 625 1834 vim
642 1801 800 1843 ma'gnam
817 1801 941 1833 erroris
956 1800 985 1832 !’

287 1854 351 1884 &c.
395 1853 504 1885 Juvat
520 1862 597 1884 cnm
614 1852 741 1884 ceteris
762 1851 915 1883 omnibus
932 1861 988 1883 ac-

287 1902 405 1941 cipere
441 1902 497 1933 hic
531 1900 719 1942 Archytam
755 1900 988 1940 Tarentinum,

287 1950 445 1982 Platonis
455 1950 656 1983 familiarem
666 1956 702 1983 et
713 1962 732 1982 a
747 1951 904 1991 Dionysii
915 1960 991 1982 cru·

289 1999 433 2031 delitate
449 2000 631 2039 vindicem,
647 2000 813 2041 siquidem
830 1999 987 2030 illum-ob

289 2049 395 2080 verba
408 2048 563 2090 quaedam
580 2048 622 2079 de
646 2047 828 2089 tyrannide
849 2047 987 2078 liberius

289 2098 425 2138 prolata
439 2098 515 2129 neci
532 2097 703 2129 addictum
721 2106 781 2137 per
796 2095 988 2136 Epistulam

290 2148 429 2188 eripuit.
476 2147 625 2188 Diogen.
649 2147 764 2178 Laert.
785 2155 842 2177 ιιι.
859 2150 893 2177 et
910 2153 990 2176 vm.

290 2196 326 2228 Ia
340 2195 479 2238 praefuit
491 2196 620 2237 septies
644 2205 713 2227 suae
739 2194 887 2235 civitati,
912 2203 988 2225 cum

291 2249 406 2277 tamen
423 2245 615 2286 imperandi
638 2249 771 2286 tempus
794 2254 880 2275 anno
897 2247 990 2274 esset

232 2335 235 2337 -
291 2305 360 2327 uno
377 2295 450 2326 aliis
465 2294 642 2326 definitum
658 2306 666 2326 ε
691 2294 917 2327 idemibidem
930 2294 990 2326 ho·

292 2344 468 2377 norificam
483 2344 650 2386 Archytae
667 2345 873 2376 mentionem
889 2343 991 2375 habet

292 2395 420 2426 Tullius
436 2394 471 2425 in
493 2394 626 2426 Catone
646 2394 802 2435 Majore:
833 2394 990 2425 ‘Virum-

294 2455 361 2487 que
376 2454 535 2486 magnum
547 2444 702 2486 inprimis
718 2449 755 2476 et
767 2443 971 2485 praeclarum
982 2442 992 2456 ’

295 2495 457 2534 nominat,
474 2494 588 2526 dicere
602 2493 740 2536 quidem
757 2493 893 2535 egregie
915 2492 993 2524 soli-

298 2548 388 2575 tum:
411 2544 421 2561 ⁴
435 2544 678 2585 Capitaliorem
701 2543 894 2575 hominibus
918 2552 991 2584 pes-

297 2599 366 2625 tem
376 2594 499 2625 nullam
511 2603 584 2625 esse
596 2604 615 2625 a
626 2598 748 2625 natura
759 2593 990 2635 datam,quam

298 2644 448 2683 corporis
471 2645 696 2687 voluptatem,
713 2645 808 2686 cujus
830 2644 939 2676 avidae
954 2645 992 2676 li-

298 2693 431 2724 bidines
448 2698 576 2726 temere
591 2698 628 2727 et
646 2693 823 2727 effraenate
845 2694 887 2726 ad
904 2695 991 2735 poti-

296 2741 423 2774 undum
453 2742 687 2776 incitarentur.
746 2744 838 2776 Hinc
870 2744 991 2786 patriae

1032 953 1265 994 proditiones:
1287 956 1353 986 διο.
1396 954 1432 986 Is
1456 954 1686 996 Pythagorica
1699 956 1735 989 in

1034 1002 1295 1045 Philosophicis,
1318 1004 1497 1036 Platonica
1525 1006 1559 1036 in
1589 1005 1736 1038 Geome-

1035 1052 1128 1083 tricis
1147 1057 1325 1094 praecepta
1339 1054 1508 1086 hauserat.
1542 1055 1736 1087 Mathema-

1036 1100 1113 1132 ticis
1129 1106 1165 1132 et
1183 1101 1393 1134 Mechanicis
1407 1103 1538 1135 artibus
1552 1104 1736 1141 excellens,

1036 1151 1228 1183 columbam
1250 1152 1397 1193 ligneam
1412 1153 1650 1186 ‘libramentis
1665 1164 1738 1186 sus-

1035 1210 1189 1241 pensam,
1205 1206 1242 1234 et
1265 1211 1346 1234 aura
1367 1202 1507 1243 spiritus
1533 1203 1662 1236 inclusa
1686 1210 1737 1236 at-

1037 1260 1104 1291 que
1121 1251 1257 1282 occulta
1275 1252 1443 1283 concitam
1466 1251 1600 1285 fecerat
1621 1253 1737 1285 volan-

1038 1300 1130 1332 tem!
1153 1300 1245 1332 Gell.
1265 1309 1301 1332 x.
1315 1304 1367 1333 12.
1395 1301 1527 1334 Cubnm
1544 1303 1671 1344 primns
1686 1304 1738 1335 in-

1038 1350 1145 1391 venit,
1163 1350 1311 1382 Platone
1327 1355 1418 1383 teste
1433 1352 1467 1383 in
1483 1353 1631 1393 Republ.
1653 1354 1737 1385 Dio-

1038 1409 1117 1442 gen.
1134 1399 1247 1431 Laert.
1260 1401 1317 1432 cit.
1330 1401 1390 1434 lib.
1404 1410 1487 1433 vm.

1080 1454 1099 1482 3
1118 1452 1262 1483 Pulveris
1276 1452 1400 1493 exigui]
1419 1453 1468 1484 Te
1481 1453 1620 1495 dignum
1633 1455 1739 1496 insig-

1038 1500 1072 1531 ni
1087 1502 1284 1540 mausolaeo,
1300 1511 1423 1543 nempe
1434 1507 1486 1534 tot
1501 1504 1633 1535 meritis
1650 1513 1738 1544 prae-

1037 1553 1183 1581 stantem
1204 1551 1270 1581 heu
1292 1551 1430 1583 cohibet
1451 1561 1492 1584 ac
1507 1553 1597 1594 tegit
1612 1554 1739 1595 pulvis-

1037 1599 1131 1631 culus
1152 1599 1289 1631 marinis
1310 1600 1445 1642 quidem
1472 1603 1570 1634 undis
1597 1604 1737 1635 advolu—
1769 1632 1771 1634 .

1039 1654 1107 1681 tus.

1081 1699 1186 1739 Prope
1217 1698 1308 1730 littus
1344 1698 1521 1741 Matinum]
1555 1700 1612 1732 Ad
1646 1711 1739 1734 oram

1038 1748 1195 1790 Apuliae;
1219 1749 1277 1780 ubi
1289 1748 1325 1779 in
1339 1749 1499 1782 Lucaniae
1515 1750 1662 1783 confinio
1679 1761 1739 1792 po-

1039 1802 1112 1842 puli
1140 1802 1272 1843 degunt
1301 1802 1451 1833 Matini:
1474 1807 1554 1835 sunt
1577 1808 1614 1835 et
1636 1804 1742 1836 saltus

1043 1850 1178 1883 buxetia
1205 1851 1432 1891 abundantes,
1456 1852 1501 1884 de
1526 1852 1648 1894 quibus
1674 1853 1742 1885 Lu·

1044 1910 1119 1933 can.
1144 1910 1198 1932 rx.
1228 1904 1302 1934 186.
1324 1901 1450 1933 ‘calidi
1470 1903 1589 1934 lucent
1613 1902 1743 1935 buxeta

1045 1950 1196 1982 Matini!

1081 2003 1102 2030 4
1127 2001 1197 2031 Nec
1207 2001 1335 2040 prodest
1346 2000 1462 2032 Aerias
1470 2003 1607 2033 tentasse
1619 2001 1741 2042 domos]

1041 2048 1109 2080 Qui
1132 2047 1262 2079 factum
1280 2053 1318 2080 ut
1333 2051 1453 2080 mortis
1474 2050 1538 2082 hoc
1557 2059 1663 2090 genus
1679 2051 1742 2083 mi-

1042 2095 1222 2128 serandum
1238 2096 1280 2127 ab
1292 2098 1394 2128 astris
1408 2098 1468 2128 tibi
1482 2100 1595 2138 parari
1611 2108 1679 2131 non
1693 2099 1742 2131 in-

1043 2145 1216 2176 tellexeris
1243 2154 1306 2176 nec
1322 2143 1483 2186 effugeris
1507 2147 1662 2178 eruditus
1682 2158 1741 2188 ap-

1044 2198 1152 2238 prime
1169 2197 1386 2228 Astronomia
1402 2201 1437 2228 et
1449 2198 1621 2229 Matheai?
1650 2199 1741 2232 Quin

1044 2246 1215 2287 praescisti
1246 2251 1282 2278 et
1310 2247 1481 2278 eluctatus
1510 2256 1547 2279 es
1573 2246 1694 2288 fatum,
1721 2258 1742 2280 o

1044 2295 1221 2337 Archyta?
1242 2296 1300 2329 Sic
1314 2296 1514 2337 Astrologos
1529 2296 1643 2329 futura
1654 2307 1743 2339 prae-

1044 2345 1160 2376 videre
1175 2350 1210 2377 et
1227 2345 1458 2387 praejudicare
1474 2351 1645 2379 tentantes
1659 2347 1743 2380 data

1044 2404 1179 2436 semper
1192 2395 1370 2427 occasione
1391 2395 1551 2437 suggillat
1569 2396 1744 2429 Horatius.

1044 2445 1159 2477 A'e'rr'as
1170 2449 1303 2477 tentasse
1313 2445 1431 2486 domos]
1452 2446 1673 2477 Planetarum
1682 2446 1743 2479 do·

1045 2495 1180 2536 micilia,
1196 2495 1346 2527 siderum
1362 2494 1573 2534 affectiones,
1585 2495 1743 2537 virtutes,

1045 2545 1142 2586 situs,
1155 2550 1326 2587 aspectus,
1341 2546 1607 2585 contemplatum
1618 2543 1741 2578 fuisse:

1044 2595 1207 2636 animoque
1225 2595 1389 2627 rotundum
1406 2593 1607 2627 Per-cuniae
1623 2595 1742 2636 polum,

1046 2645 1214 2686 sphaeram
1243 2644 1455 2686 sphaeraeque
1494 2644 1741 2685 inclinationes,

1044 2695 1133 2726 orbis
1155 2695 1249 2726 varia
1269 2695 1418 2735 climata,
1445 2693 1663 2737 diversasque
1688 2703 1740 2726 re-

1045 2744 1159 2786 giones
1175 2744 1382 2786 cognovisse.
