1916 3190
258 252 344 294 428
734 268 777 304 Q.
810 265 1017 296 HoRA'rn
1055 265 1228 297 FLAcct

489 358 636 399 Falsis
656 360 878 413 impulerit
901 358 1172 409 criminibuS,
1191 359 1322 400 nimis

544 424 684 466 Casto
706 425 1038 480 Bellerophonti

606 493 830 534 Maturare
850 505 1020 542 necem,
1045 493 1193 533 refert.

493 559 656 600 Narrat
671 573 796 612 paene
818 560 969 601 datum
990 559 1128 600 Pelea
1144 560 1347 609 Tartaro,

492 625 770 678 Magnessam
792 626 1074 680 Hippolyten
1094 626 1195 667 dum
1211 625 1322 679 fugit
1342 625 1592 668 abstinens:

554 691 612 732 Et
630 705 814 744 peccare
835 693 1044 734 docentes

607 758 768 801 Fallax
787 759 996 800 historias
1015 761 1174 808 monet,

1651 426 1706 466 15

1654 757 1711 799 20

266 896 394 925 mortem
408 895 577 927 accelerare
598 896 832 936 Bellerophonti
854 895 982 926 ninnium
1000 895 1124 934 pudico.
1171 893 1282 932 Refert
1297 894 1425 925 Peleum
1447 895 1568 924 tantum
1585 900 1646 922 non
1660 891 1710 922 iu-

264 935 439 977 terfectum,
453 946 522 967 cum
538 940 710 977 temperans
723 940 878 969 eluctatur
893 937 1102 976 Hippolytum
1115 945 1132 967 e
1148 936 1326 975 Magnesia.
1372 934 1552 971 Quinetiam
1569 935 1712 973 deceptor

265 981 375 1009 narrat
387 978 536 1010 historias
547 980 663 1011 crimen
677 980 842 1015 admittere
855 979 1029 1010 madentes.
1063 977 1126 1009 Sed
1140 977 1307 1010 incassum.
1340 977 1468 1008 Etenim
1475 976 1604 1017 rupibus
1615 974 1714 1007 Icarii

864 1070 1107 1084 oeeeeoeeeue

267 1135 451 1174 Protheum,
468 1135 637 1167 variantes
651 1146 705 1178 ap.
723 1137 826 1169 eund.
841 1137 934 1170 Jani.
979 1137 1108 1168 Proeton
1123 1135 1350 1177 Cuning.-—15
1374 1132 1621 1174 Bellerophonti,
1646 1131 1717 1163 Bel-

266 1177 414 1214 lorosonti
435 1178 607 1210 variantes
632 1188 689 1219 ap.
718 1179 896 1212 δοιώ-18
918 1180 1106 1218 Magnessam
1134 1178 1270 1219 quidam
1300 1176 1401 1209 codd.
1427 1186 1485 1217 ap.
1513 1175 1717 1206 eundem.—

267 1221 310 1249 2⁰
333 1219 450 1250 Pellax
463 1220 554 1261 conj.
568 1220 683 1252 Bentl.
706 1226 912 1262 receperunt
933 1221 1060 1254 Sanad.
1083 1225 1119 1252 et
1144 1221 1234 1252 Sivr.
1257 1229 1324 1251 non
1347 1223 1462 1251 tamen
1478 1217 1585 1249 Kidd.
1603 1225 1717 1257 quam-

267 1261 318 1291 vis
340 1260 456 1292 Bentl.
481 1261 552 1294 fere
576 1264 740 1303 sequitur.
785 1265 795 1282 ‘
814 1264 964 1296 Omnino
985 1262 1228 1303 significantius
1250 1267 1303 1293 est
1319 1261 1448 1302 Pellax,
1467 1266 1502 1291 et
1518 1258 1600 1291 alibi
1614 1258 1716 1290 etiam

268 1311 332 1341 pro
358 1312 401 1334 eo
416 1303 535 1342 salla-x,
562 1315 605 1336 ex
629 1306 938 1346 interpretamento
963 1306 1051 1338 haud
1074 1305 1191 1341 dubie,
1215 1304 1366 1345 irrepsit,
1389 1308 1428 1335 ut
1450 1303 1546 1342 Virg.
1574 1300 1650 1332 AEn.
1673 1308 1718 1332 11.

267 1346 322 1374 9ο.
351 1344 409 1375 ubi
439 1346 506 1377 vid.
535 1347 650 1387 Heyn.
699 1349 767 1380 Sed
794 1353 906 1380 tamen
936 1353 972 1380 et
992 1347 1100 1386 fallax
1126 1347 1213 1378 bene
1241 1345 1369 1378 habet!
1398 1345 1488 1376 Jani.
1527 1347 1627 1375 movet
1655 1351 1717 1383 pro

267 1388 368 1415 „tonet
385 1387 470 1427 conj.
486 1388 623 1420 Marcii.
640 1394 676 1420 et
693 1390 742 1421 sic
758 1395 829 1421 tres
844 1390 946 1422 codd.
960 1389 1142 1428 Torrentii,
1166 1388 1266 1420 Bodl.
1282 1391 1312 1419 1.
1329 1397 1384 1428 ap.
1402 1387 1518 1418 Bentl.
1535 1386 1620 1416 Exc.
1635 1384 1716 1415 Sax.

268 1426 342 1458 Alt.
357 1429 387 1458 1.
411 1429 513 1461 Dess.
529 1432 564 1461 2.
586 1430 703 1462 Bentl.
730 1432 877 1472 Cuning.
904 1432 1028 1466 Sanad.
1047 1431 1136 1462 Sivr.
1151 1429 1246 1469 Jani,
1262 1430 1401 1471 Bipont.
1415 1428 1554 1460 Mitscli.
1573 1426 1717 1458 wetzel.

922 1513 1061 1547 NOTAE

263 1574 344 1615 jura
360 1574 500 1616 violare,
515 1575 754 1618 hospitemque
777 1577 851 1618 ipse
877 1577 967 1618 peri-

269 1633 363 1655 mere
391 1625 511 1666 nollet,
539 1625 583 1656 ad
624 1625 708 1657 alios
742 1625 968 1658 occidendum

271 1673 466 1706 transmisit.
522 1673 610 1706 Vide
641 1674 785 1706 Homer.
816 1674 916 1706 Iliad.
933 1677 967 1706 Ζ.

273 1723 477 1764 Apollodor.
494 1723 550 1756 lib.
565 1733 607 1756 11.
622 1726 686 1756 &c.

314 1776 354 1805 14
377 1774 541 1815 Impulerit
569 1775 735 1806 Maturare
758 1774 878 1815 necem]
914 1775 970 1807 Ne

270 1823 433 1862 temporis
449 1832 543 1854 mora
559 1827 595 1855 et
611 1824 843 1864 cunctatione,
858 1824 970 1856 Belle-

271 1872 449 1912 rophontis
473 1872 681 1910 innocentia,
696 1883 716 1905 a
732 1883 768 1905 se
785 1883 866 1905 vero
879 1873 971 1914 cogi-

271 1921 333 1952 tati
365 1921 526 1953 facinoris
557 1921 696 1954 infamia
732 1923 971 1964 detegeretur,

271 1969 477 2011 tandemque
493 1981 559 2003 non
574 1972 646 2003 sine
657 1973 752 2013 gravi
767 1973 938 2005 dedecore
951 1983 972 2005 a

271 2018 346 2048 viro
371 2018 443 2058 ipsa
465 2021 700 2053 mulctaretur.
747 2022 805 2054 De
819 2023 972 2055 Bellero-

272 2067 481 2108 phontejam
497 2078 521 2099 1.
536 2070 605 2101 od.
619 2073 675 2102 27.
691 2071 726 2102 in
740 2070 820 2103 fine.

316 2118 357 2147 17
381 2117 505 2147 Narrat
523 2128 611 2157 paeue
624 2121 732 2151 datum
746 2122 843 2152 Pelea
860 2121 970 2155 Tarta-

272 2175 321 2204 ro,
335 2164 407 2206 ξω]
431 2164 553 2196 Refert
569 2167 670 2198 etiam
684 2170 970 2208 quemadmodum

273 2217 395 2255 erepta
423 2212 495 2245 fere
525 2218 578 2246 est
600 2215 671 2246 vita
698 2217 805 2248 Peleo
829 2218 971 2250 Achillis

274 2257 380 2304 pati-i,
394 2263 473 2295 dum
492 2269 606 2296 castus
631 2270 801 2297 amantem
826 2266 916 2307 fugit
931 2277 972 2300 ac

275 2313 404 2354 repulit
426 2313 654 2354 Hippolyten.
699 2314 786 2346 Haec
807 2315 896 2346 enim
913 2325 973 2347 ex-

275 2362 484 2394 candescens
509 2363 602 2394 velut
623 2363 816 2396 insidiatum
837 2374 897 2396 suo
911 2374 973 2406 pu-

275 2411 351 2444 dori
362 2411 524 2452 juvenem
538 2411 661 2443 detulit
674 2412 746 2444 viro
759 2422 832 2445 suo.
876 2414 974 2447 Jovis

277 2461 412 2503 quidem
437 2460 628 2501 Hospitalis
652 2460 736 2492 iram
758 2461 886 2493 veritus
906 2462 978 2503 illc,

277 2510 457 2543 Centauris
471 2510 649 2550 inermem,
668 2509 840 2553 dubioque
854 2512 975 2552 procul

275 2559 552 2592 interficiendum
568 2559 704 2591 tradere
720 2559 896 2601 cogitavit.
927 2560 976 2593 At

275 2611 451 2642 innocenti
475 2619 578 2651 opem
604 2611 756 2642 tulerunt
778 2611 850 2648 Dii,
873 2611 975 2644 misso

277 2660 433 2692 Vulcano
447 2671 456 2699 ;
479 2669 499 2691 a
514 2669 583 2701 quo
598 2665 743 2701 accepto
766 2661 892 2693 Peleus
907 2661 976 2703 gla-

279 2708 336 2740 dio
351 2709 539 2740 Centauros
555 2708 754 2750 debellavit,
765 2714 977 2753 mortemque

280 2758 399 2792 evasit.
423 2758 510 2791 Vide
518 2759 658 2792 Pindar.
675 2760 776 2792 Nem.
791 2760 860 2793 Od.
871 2770 924 2795 tv.
939 2765 976 2793 et

1023 1586 1056 1608 v.
1070 1575 1175 1609 Ovid.
1192 1576 1279 1607 Met.
1296 1584 1349 1607 xx.
1371 1573 1571 1616 Apollodor.
1587 1572 1647 1605 lib.
1659 1581 1717 1605 ru.

1019 1627 1085 1656 &c-

1064 1676 1106 1705 18
1129 1673 1329 1712 Magnessam
1343 1672 1549 1714 Hippolyten]
1565 1671 1718 1703 Uxorem

1022 1723 1143 1756 Acasti
1165 1724 1271 1764 Regis
1293 1722 1498 1764 Magnesiae,
1518 1731 1593 1763 quoe
1615 1722 1720 1753 ‘rhes-

1022 1773 1115 1805 saliae
1145 1773 1252 1814 regio.
1298 1773 1390 1805 Hinc
1422 1777 1624 1812 cognomen,
1652 1779 1720 1812 quo

1021 1823 1244 1863 distinguitur
1279 1823 1322 1855 ab
1357 1822 1551 1863 Hippolyta
1580 1820 1723 1853 Amazo-

1022 1883 1102 1904 num
1117 1873 1261 1913 Regina.

1067 1925 1107 1954 19
1131 1923 1265 1954 Peccare
1287 1922 1428 1953 docentes
1451 1921 1564 1952 Fallax
1576 1918 1724 1952 historias

1022 1971 1141 2012 monet]
1174 1971 1342 2005 Quoniam
1369 1970 1512 2012 periculi
1537 1969 1723 2011 mortisque

1022 2026 1134 2054 metus
1151 2032 1269 2063 parum
1291 2021 1413 2061 valuit,
1428 2020 1495 2052 alia
1503 2020 1577 2062 jam
1592 2020 1724 2052 ratione

1023 2071 1134 2112 Gygis
1156 2071 1303 2102 animum
1318 2070 1466 2110 impellit
1481 2068 1604 2101 chloes
1618 2069 1724 2101 inter·>

1021 2120 1172 2151 nuntius.
1217 2118 1332 2150 Affert
1347 2119 1504 2151 historias
1514 2123 1551 2150 et
1566 2119 1725 2159 exunpla

1022 2178 1153 2205 eorum,
1170 2168 1239 2210 qui,
1253 2169 1394 2209 rejectis
1411 2169 1527 2209 primis
1541 2167 1724 2205 amoribus,

1022 2228 1129 2250 novos
1150 2228 1219 2250 non
1242 2217 1427 2260 injucunde
1450 2227 1516 2250 nec
1538 2217 1724 2249 infeliciter

1023 2267 1243 2299 admiserunt.
1286 2268 1403 2308 Ipsum
1425 2267 1548 2300 Jovem
1578 2274 1724 2298 comme·

1023 2321 1134 2346 morat
1150 2315 1337 2355 Alcmenae,
1366 2315 1512 2355 Danaiis,
1529 2318 1566 2346 et
1581 2315 1723 2346 aliarum

1027 2374 1159 2396 amores
1173 2369 1421 2404 consectatum,
1436 2367 1501 2396 &c.
1548 2365 1651 2395 Forte
1664 2363 1724 2395 ad-

1024 2413 1077 2445 dit
1091 2414 1251 2445 Paridem
1267 2417 1304 2445 et
1320 2413 1502 2452 Helenam,
1521 2415 1588 2444 &c.
1642 2413 1724 2444 Pec-

1025 2473 1097 2495 care
1105 2462 1261 2503 docentes]
1284 2462 1389 2494 Certe
1401 2462 1484 2493 nihil
1496 2462 1614 2503 magis,
1623 2472 1724 2503 quam

1028 2513 1234 2554 exemplum,
1247 2512 1363 2544 vitium
1377 2512 1509 2544 suadet.
1524 2512 1623 2544 Viarn
1634 2513 1724 2543 enim

1027 2563 1179 2596 ostendit
1193 2563 1289 2605 quasi
1309 2563 1425 2595 tritam
1448 2567 1484 2594 et
1507 2561 1658 2602 facilem,
1672 2567 1725 2595 at-

1028 2623 1095 2656 que
1109 2623 1128 2644 a
1143 2618 1226 2645 nota
1239 2612 1390 2645 criminis
1407 2621 1513 2653 prope
1531 2611 1726 2645 immunem.

1029 2663 1132 2704 Apud
1155 2663 1228 2695 Cic.
1248 2664 1259 2681 ⁸
1271 2661 1427 2694 Historia
1448 2661 1610 2702 magistra
1624 2660 1726 2693 vite.¹

1028 2712 1115 2744 Sunt
1137 2712 1194 2753 qui
1220 2713 1334 2754 legant
1355 2710 1506 2743 historias
1526 2713 1640 2752 movet,
1660 2719 1724 2752 nec

1031 2761 1190 2796 absurde.
