1916 3190
276 216 362 259 528
753 231 797 270 Q.
829 230 1038 262 HonA‘rn
1071 232 1249 263 Fusccr

504 318 608 362 Non
628 325 726 363 ante
746 334 872 363 verso
892 321 992 362 lene
1011 334 1174 363 merum
1193 322 1310 365 cado

561 385 672 428 Cum
693 386 812 437 flore,
834 387 1075 438 Maecenas,
1093 401 1304 440 rosarum,
1328 392 1372 431 et

620 453 782 495 Pressa
801 454 890 494 tuis
909 453 1096 495 balanus
1115 455 1292 508 capillis

506 518 537 561 J
540 520 771 562 amdudum
794 520 914 575 apud
933 533 1002 562 me
1021 525 1112 563 est:
1141 522 1263 575 eripe
1282 526 1324 563 te
1341 534 1503 574 morae3
1694 525 1726 566 5

506 586 581 628 Ne
602 600 776 641 semper
794 587 932 628 udum
951 587 1093 628 Tibur
1113 592 1160 629 et
1177 587 1350 630 AEsulae

562 653 748 694 Declive
770 654 1082 707 contempleris
1103 667 1257 696 arvum
1275 658 1320 696 et

618 719 830 773 Telegoni
843 720 952 774 juga
972 720 1218 774 parricidae.

278 828 428 869 amphora
441 837 503 859 non
514 826 687 859 hactenus
674 837 808 863 tnversa,
823 837 893 859 cum
899 827 1036 868 floribus
1049 837 1203 867 rosarum,
1217 831 1248 860 et
1263 828 1390 860 balanus
1409 838 1556 868 expressa
1577 829 1640 861 tm
1663 828 1728 861 en·-

281 871 383 903 m‘bus.
426 869 582 902 &abtrahe
604 872 635 902 te
654 869 862 901 cunctationi:
883 878 921 900 πε
943 869 1088 901 continuo
1109 874 1228 910 spectes
1251 871 1412 902 humidum
1435 871 1547 910 sthur,
1560 875 1592 903 et
1611 881 1727 912 pronos

280 922 375 953 agros
385 912 517 952 AEsuloe,
531 912 679 953 collesque
696 911 843 951 Telegoni
853 911 1034 952 pamct'doe.
1078 911 1230 952 Relinque
1239 912 1636 974 abundantiumsautidz’um
1649 912 1730 954 affe·

876 991 1122 1006 ‘eonem‘

280 1068 301 1090 u
331 1068 376 1090 m.
403 1067 457 1099 pr.
480 1057 573 1098 Lips.
590 1060 620 1089 1.
656 1058 804 1091 Mentel.
829 1059 928 1092 Dess.
952 1062 987 1092 2.
1011 1064 1049 1091 et
1073 1059 1173 1091 Harl.
1193 1063 1229 1092 4.
1247 1063 1279 1092 5.
1293 1063 1326 1092 6.
1351 1060 1426 1091 Non
1453 1063 1527 1092 ante
1549 1069 1728 1092 vasum.—

279 1101 429 1132 4Pressa
443 1099 507 1131 tuis
521 1099 646 1132 balam
661 1100 807 1142 cuning.
809 1105 874 1133 —6
889 1102 958 1133 Nec
973 1102 1103 1143 aliquot
1114 1102 1211 1134 Torr.
1226 1112 1310 1134 unus
1324 1103 1455 1134 Bersm.
1469 1102 1561 1143 Lips.
1573 1104 1607 1134 4.
1630 1101 1730 1134 Harl.

282 1146 314 1174 1.
330 1146 361 1174 2.
377 1145 408 1173 3.
424 1144 456 1173 4.
470 1145 503 1172 5.
516 1145 549 1173 6.
584 1142 656 1174 Alt.
670 1144 703 1174 2.
737 1153 758 1175 a
782 1153 827 1174 m.
851 1153 902 1185 pr.
929 1144 1030 1176 Baxt.
1055 1143 1161 1176 Gesn.
1184 1149 1220 1176 et
1234 1145 1377 1177 wetzel.
1422 1145 1496 1176 Non
1510 1144 1730 1176 ceteriTorr.

280 1194 366 1215 unus
381 1184 514 1215 Bersm.
529 1184 623 1225 Lips.
637 1187 670 1216 2.
693 1185 841 1218 Locher.
858 1187 983 1219 Venet.
1000 1188 1097 1218 1492.
1119 1186 1203 1218 Asc.
1242 1187 1291 1218 Ne
1306 1186 1426 1218 Lamb.
1441 1186 1545 1228 Cruq.
1559 1191 1598 1218 et
1611 1186 1731 1218 Bentl.

280 1226 384 1258 esuis
396 1226 499 1258 codd.
511 1226 656 1258 Mentel.
669 1227 773 1260 Fran.
790 1228 854 1267 Lip
857 1237 884 1260 s.
898 1231 929 1260 1.
945 1231 977 1260 3.
1001 1229 1102 1260 Dess.
1113 1231 1146 1260 2.
1171 1228 1319 1261 Helmst.
1334 1228 1406 1260 Alt.
1419 1231 1451 1260 2.
1467 1238 1549 1260 am.
1561 1238 1589 1260 ι.
1606 1228 1730 1260 Venet.

282 1270 378 1300 1478.
413 1268 533 1300 Basill.
549 1268 669 1310 Steph.
695 1269 799 1311 Rutg.
827 1270 931 1302 Fabr.
956 1270 1040 1302 Fnb.
1067 1270 1187 1302 Heins-
1209 1271 1329 1303 Jones.
1356 1271 1485 1302 Dacer.
1506 1270 1600 1309 hui,
1622 1270 1731 1302 Zeuu.

280 1310 452 1342 Schrevel.
466 1310 579 1343 Bond.
596 1311 724 1351 Delph.
740 1312 882 1352 Bipout.
897 1313 1036 1344 Mitsch.
1052 1318 1087 1344 et
1102 1312 1209 1344 Kidd.
1243 1314 1315 1344 Neu
1329 1311 1729 1353 euning.Snnad.F1-au-

281 1353 342 1391 cis,
360 1357 396 1383 et
414 1352 566 1384 Towers.
609 1352 685 1385 En!
707 1363 842 1395 semper·
830 1355 939 1386 -udum
953 1354 1090 1386 Wakef.
1115 1360 1192 1395 post
1212 1355 1391 1387 Nicolaum
1407 1354 1578 1395 Hardiug.

279 1395 376 1425 udum
398 1395 504 1426 etiam
525 1395 653 1434 Taylor
666 1395 710 1427 de
726 1397 810 1436 Leg.
828 1397 903 1428 (ἣν.
922 1407 956 1438 p.
969 1399 1023 1428 ³7.
1046 1397 1212 1437 probante
1226 1397 1298 1428 viro
1313 1397 1439 1429 docto·
1430 1406 1463 1428 ιιι
1485 1397 1585 1427 ‘The
1601 1395 1731 1427 British

282 1434 415 1473 Critic‚’
438 1439 519 1466 tom.
536 1444 572 1466 v
616 1436 713 1468 Idem
730 1437 782 1467 vir
797 1437 917 1468 doctus
934 1437 1010 1468 En!
1033 1438 1253 1470 Wakefieldii
1272 1439 1423 1477 damnat,
1443 1438 1629 1469 assentitur
1651 1446 1732 1468 vero

282 1477 430 1509 Nicolao
446 1476 612 1517 Harding.
627 1478 758 1518 legenti
772 1478 829 1510 At.
857 1479 956 1519 Couj.
974 1478 1032 1509 alii
1052 1479 1108 1516 Ut,
1125 1479 1214 1519 quod
1230 1480 1363 1519 recepit
1378 1478 1483 1510 Kidd.
1520 1477 1600 1510 vid.
1612 1478 1733 1510 Mark-

282 1519 374 1550 land.
390 1519 425 1549 in
440 1519 518 1558 Exp
521 1518 545 1549 l.
557 1487 602 1549 Vg.
616 1518 659 1550 A.
675 1518 720 1550 A.
735 1522 899 1551 258-267.
944 1520 1126 1550 Variautes
1141 1529 1198 1560 ap.
1213 1519 1314 1552 Jani:
1331 1520 1461 1559 AEsolae,
1476 1519 1597 1558 Atuloe,
1614 1520 1731 1561 Emlae,

282 1559 565 1599 Essuloe,AEfuloe‚
581 1559 908 1601 Efuloe,Effu1ae.—7
931 1561 1063 1602 Copula
1088 1564 1119 1591 et
1146 1562 1181 1592 in
1207 1560 1275 1592 fine
1301 1571 1351 1593 vs.
1367 1562 1468 1594 abest
1488 1571 1508 1592 a
1529 1562 1622 1603 Lips.
1637 1564 1670 1593 4.
1695 1567 1733 1593 et

283 1582 431 1634 Helmst’.
433 1604 498 1634 —8
523 1602 672 1642 Telegoni
685 1604 794 1635 codex
810 1612 866 1644 ap.
878 1601 970 1635 Jaui.
989 1602 1156 1643 patrue-ide
1171 1602 1264 1643 Lips.
1279 1606 1311 1635 1.
1327 1613 1406 1635 nm.
1421 1613 1473 1645 pr.
1486 1604 1579 1636 Mur.
1595 1603 1682 1637 Feb.
1697 1608 1734 1636 et

939 1694 970 1726 N
977 1693 1080 1726 01⁸AE

767 1758 887 1798 Tuum,
899 1758 985 1790 Lec-
1024 1749 1099 1798 nis,
1114 1757 1253 1794 βάλανος
1267 1758 1412 1792 Groecis.
1456 1756 1546 1789 Vide
1562 1756 1653 1788 Plin.
1668 1764 1737 1789 xn-

283 1812 352 1847 tor,
367 1806 552 1847 ingenium,
568 1811 628 1839 tua
648 1806 817 1848 sagacitas
842 1807 907 1838 tibi
929 1816 984 1840 ce·
1035 1810 1087 1840 21.
1103 1816 1187 1839 xm.
1204 1811 1234 1839 1.
1257 1812 1293 1839 et
1309 1810 1341 1839 4.
1360 1810 1396 1839 et
1409 1805 1503 1838 alibi.
1547 1805 1648 1837 Pers.
1662 1805 1736 1837 Sat.

283 1756 385 1798 plinae
399 1756 586 1798 explicatio
601 1757 726 1798 gravis.

282 1859 358 1887 tera
377 1865 443 1887 uon
460 1856 532 1887 siue
546 1857 723 1897 voluptate
738 1856 908 1897 loquetur.

329 1905 492 1947 Tyrrhena
515 1914 625 1945 regum
645 1905 828 1946 progenies]
859 1904 916 1937 Ab
937 1906 982 1937 E·

285 1954 412 1986 trusels
423 1955 574 1995 Regibus
589 1954 743 1986 oriuude.
775 1954 865 1987 Vide
875 1963 900 1987 1.
913 1954 982 1987 od.

287 2007 317 2035 1.
331 2009 367 2036 et
382 2007 436 2036 20.
451 2004 567 2045 ibique
582 2004 665 2036 Not.

328 2056 349 2084 2
373 2054 448 2084 Non
467 2056 540 2084 ante
560 2063 649 2084 verso
665 2054 732 2084 lene
755 2063 874 2085 merum
895 2051 985 2095 cado]

285 2101 415 2132 Plenus
432 2102 500 2132 viui
516 2102 621 2133 cadus
642 2112 704 2133 nec
721 2102 905 2143 delibatus,
920 2112 984 2135 uec

285 2151 646 2191 resignatus,uecdnm
663 2161 723 2182 sno
737 2153 813 2183 loco
829 2157 952 2184 motus.

329 2202 349 2231 3
374 2200 453 2230 Cum
470 2198 553 2240 flore
575 2200 730 2239 rosarum]
752 2201 851 2232 Serta
873 2207 909 2232 et
929 2211 985 2234 co-

287 2249 389 2280 rollas
410 2257 430 2279 e
450 2246 588 2278 floribus
608 2247 650 2278 ad
675 2248 831 2278 convivia
852 2258 986 2289 semper

288 2297 484 2330 adhibuisse
515 2300 661 2336 veteres,
680 2295 755 2327 fuse
775 2295 846 2327 dixi
869 2305 894 2327 1.
916 2297 985 2328 Od.

289 2348 352 2380 ult.
367 2350 403 2378 et
417 2344 511 2377 alibi.

331 2400 352 2428 4
381 2396 498 2427 Pressa
526 2394 589 2425 tuis
617 2394 745 2426 balanus
774 2394 911 2436 capillis]
940 2395 987 2427 Et

290 2450 463 2487 unguenta
486 2444 692 2486 pertinuisse
715 2443 759 2476 ad
782 2444 986 2479 hilaritatem

291 2504 518 2538 pompamque
543 2493 688 2526 convivii
718 2497 835 2526 notum
864 2498 920 2526 est
943 2502 987 2526 ex

291 2546 391 2578 dictis
406 2545 491 2577 ibid.

331 2594 489 2635 Batauus]
499 2593 772 2635 Myrobalanum,
781 2598 988 2634 unguentum

291 2645 482 2677 balaninum
498 2653 517 2675 e
533 2644 657 2685 glande
670 2643 908 2685 unguentaria,
922 2652 988 2675 nou

295 2694 438 2726 absimili
460 2693 556 2725 nucis
574 2693 749 2733 avellanae‚
774 2702 877 2734 quam
901 2692 988 2725 fere-

294 2745 353 2777 bat
366 2743 523 2786 quaedam
537 2743 732 2776 arbuscula.
779 2743 879 2775 Glans
894 2743 987 2776 Lati-

1036 1867 1086 1890 ιν.
1112 1861 1165 1890 37.
1198 1860 1209 1877 ‘
1220 1858 1413 1890 balanatum
1440 1865 1591 1898 gausape
1603 1855 1614 1871 '
1646 1865 1732 1888 uun-

1036 1915 1140 1949 cupat
1153 1908 1275 1939 balano
1287 1907 1475 1939 delibutum
1489 1905 1702 1946 capillitium.

1077 1961 1097 1989 5
1119 1958 1214 1998 Apud
1225 1967 1273 1989 me
1285 1956 1347 1997 est]
1370 1955 1450 1988 Tibi
1474 1954 1606 1997 pridem
1631 1953 1735 1986 desti-

1036 2011 1118 2039 nata
1129 2012 1232 2049 atque
1250 2010 1437 2038 reservata.

1079 2057 1178 2097 Eripe
1191 2059 1223 2087 te
1232 2054 1344 2095 morae]
1357 2055 1491 2086 Excute
1502 2052 1666 2094 quaelibet
1675 2051 1737 2084 im-

1037 2104 1255 2145 pedimentu;
1286 2103 1437 2144 nihilque
1470 2107 1505 2134 te
1534 2106 1737 2141 remoretur,

1038 2155 1215 2196 quominus
1230 2154 1320 2196 apud
1333 2163 1387 2185 me
1401 2156 1571 2184 coeuatum
1584 2151 1712 2183 venius.

1079 2207 1100 2235 6
1124 2204 1176 2235 Ne
1204 2213 1322 2244 semper
1348 2203 1455 2244 udum,
1475 2200 1549 2242 ξω]
1570 2201 1735 2242 Relinque

1038 2253 1205 2284 tantulum
1217 2253 1308 2284 aedes
1319 2257 1392 2284 tuas
1403 2251 1570 2290 excelsas,
1581 2259 1601 2282 e
1612 2249 1736 2292 quibus

1038 2302 1203 2341 prospicis
1218 2302 1336 2342 Tibur,
1351 2302 1514 2341 AEsulam,
1527 2303 1592 2332 διο.

1086 2349 1190 2379 Udum
1206 2351 1318 2390 Tibur]
1334 2350 1442 2391 Aquis
1457 2350 1642 2381 abundans·
1673 2348 1735 2379 vi-

1038 2395 1082 2428 de
1098 2406 1124 2429 1.
1139 2397 1207 2429 Od.
1222 2400 1254 2428 7.
1269 2402 1306 2428 et
1322 2401 1374 2429 18.
1391 2402 1428 2428 et
1441 2406 1483 2428 ιι.
1498 2397 1566 2428 od.
1579 2400 1611 2429 6.
1627 2397 1704 2428 init.

1081 2447 1201 2478 AEnaae
1212 2445 1428 2486 Declive,85c.]
1450 2445 1606 2477 Vicinum
1615 2445 1735 2478 Tiburi

1038 2495 1216 2537 oppidum,
1230 2496 1264 2527 in
1276 2495 1399 2527 declivi
1412 2503 1472 2525 seu
1488 2494 1597 2525 latere
1611 2494 1735 2526 montis

1038 2544 1255 2577 aedificatum.

1083 2597 1103 2626 8
1128 2594 1271 2634 Telegoni
1290 2593 1374 2634 juga
1399 2592 1584 2634 parricide]
1605 2594 1734 2626 Tuscu-

1040 2644 1109 2675 lum
1135 2644 1225 2675 Latii
1247 2643 1365 2675 urbem
1387 2641 1565 2674 duodecim
1586 2642 1736 2675 millibus

1041 2703 1198 2735 passuum
1220 2703 1240 2725 a
1254 2694 1361 2725 Roma
1376 2692 1574 2732 distantem,
1597 2701 1617 2724 a
1637 2692 1737 2724 Tele-

1039 2752 1125 2785 gono
1140 2743 1270 2784 Ulyssis
1287 2752 1306 2775 e
1321 2743 1421 2776 Circe
1434 2741 1518 2784 filio,
1533 2742 1591 2785 qui
1603 2747 1735 2784 patrem
