1916 3190
293 252 381 295 322

772 266 817 303 Q·
850 265 1063 296 HORA'rn
1098 266 1274 298 FLAcct

526 357 648 409 Non,
669 359 708 400 si
729 359 932 410 treceniS,
955 364 1176 414 quotquot
1193 364 1297 403 eunt
1315 361 1428 413 dies,
1727 365 1757 406 5

521 423 698 476 Amice,
720 426 871 479 places
891 426 1260 480 illacrymabilem

582 493 779 534 Plutona
799 493 961 545 tauris;
993 493 1072 547 qui
1091 496 1156 534 ter
1175 494 1373 548 amplum

636 559 876 614 Geryonen
895 559 1148 614 Tityonque
1170 561 1283 602 tristi

291 680 425 714 Plutoni
433 680 692 721 inexorabiii‚qui
706 683 752 712 ter
763 690 910 719 magnum
925 680 1101 720 Geryonem
1114 683 1145 711 et
1159 680 1289 722 Tityum
1301 681 1527 724 coe'rcetfluoio
1537 683 1756 724 letali,uempe

895 777 1119 789 Omm&⁴
1125 778 1144 789 O

290 839 390 872 codd.
399 841 520 874 etedd.
534 847 618 875 vett.
633 852 690 883 ap.
703 844 794 877 Jani.
798 847 859 875 -5
875 844 985 884 ιΝοη,
994 844 1023 875 εἰ
1035 843 1165 875 tricenis
1178 853 1293 875 omnes
1303 844 1406 885 Cruq.
1420 843 1636 886 praeterdno,
1648 843 1751 876 Harl.

290 885 323 914 2.
341 885 373 915 3.
388 886 421 916 4.
437 888 469 916 5.
484 888 517 916 6.
534 886 644 926 Lipss.
664 892 749 926 tres,
766 887 855 918 Altt.
871 886 1476 919 Desa.Hetmst.Venet.1590.Vet.
1497 887 1617 919 Comb.
1634 887 1753 918 Basill.

293 927 610 959 152⁷.1531.Fabr
620 929 726 969 Rutg.
739 929 859 969 Steph.
877 929 1205 960 Falsamlectionem
1223 929 1335 969 arguit
1346 929 1402 960 vel
1414 930 1523 970 prima
1535 929 1669 971 syllaba
1680 930 1752 960 lon

290 978 346 1008 ga.
352 967 463 1001 'Jam'.
479 970 628 1002 trecentis
638 981 724 1002 unus
734 972 826 1011 Cruq
833 971 1001 1003 .Mentel.
1015 971 1142 1002 Venet.
1154 973 1249 1003 1492.
1264 971 1407 1004 Locher·
1421 972 1553 1004 trecenis
1563 972 1662 1003 Harl.
1675 974 1705 1004 1.
1715 976 1753 1003 et

290 1011 428 1050 plurimi
442 1018 529 1052 optt
543 1022 620 1043 cum
637 1013 716 1045 edd.
734 1018 882 1045 recentt.
914 1014 959 1044 V.
970 1013 1075 1044 Brod.
1091 1013 1239 1044 Misceil.
1254 1022 1294 1045 u.
1305 1016 1359 1045 19.
1381 1018 1472 1046 erunt
1487 1014 1554 1045 dies
1567 1014 1661 1054 Lips.
1674 1016 1752 1045 3.—

287 1055 310 1084 7
322 1053 415 1094 Lips.
428 1056 461 1085 4.
473 1054 755 1097 quitibz'amplum.
758 1059 821 1087 —8
836 1055 1124 1096 Geryonemcodd.
1137 1061 1173 1087 et
1183 1056 1301 1088 multae
1311 1055 1391 1088 edd.
1403 1066 1460 1098 op.
1468 1055 1569 1096 Jani;
1583 1056 1752 1096 Geryonen

943 1139 1087 1172 NOTAE

285 1202 469 1244 tiIioribus,
487 1205 648 1245 paulatim
666 1205 793 1236 arescit
810 1213 934 1245 corpus
949 1213 990 1235 ac

286 1253 453 1294 durescit,
483 1260 521 1287 et
544 1255 633 1287 cutis
662 1255 695 1286 in
721 1265 822 1296 rugas
853 1259 987 1286 contra-

284 1303 388 1336 hitur.

326 1357 346 1384 5
371 1354 459 1394 Non,
474 1354 505 1386 si
524 1354 673 1394 trecenis]
706 1354 852 1386 Etiamsi
880 1355 991 1387 tribus

284 1403 436 1445 quotidie
466 1404 693 1435 Hecatombis
711 1405 896 1436 Plutonem
922 1413 991 1437 sat-

283 1463 366 1495 agas
388 1454 540 1495 placare,
567 1464 632 1486 non
661 1454 777 1486 litabis
803 1461 930 1494 tamen,
956 1460 992 1487 et

283 1509 429 1536 mortem
438 1503 566 1537 frustra
576 1505 823 1546 deprecabere.
840 1506 991 1547 AEschyl.

283 1554 388 1587 Μόνος
405 1557 492 1587 Θείὅν
514 1555 578 1597 ’γὰρ
598 1554 740 1588 Θάνατος
755 1556 791 1587 οὗ
803 1556 904 1597 δώρων
921 1556 992 1598 ἐρᾷ,

282 1604 365 1638 Οὐδὲ
379 1605 470 1641 θύων.
487 1606 551 1638 οὔτ’
570 1606 763 1638 ἐπισπένδων
780 1607 877 1638 ναοῖς.
913 1606 990 1639 Sola

281 1655 425 1687 Deorum
436 1666 518 1688 mors
529 1666 590 1688 non
602 1657 727 1697 capitur·
738 1656 990 1698 muneribus‚nec

279 1707 308 1738 εἰ
321 1706 478 1749 sacrifices
492 1707 526 1738 in
538 1707 672 1748 templis.

325 1755 486 1796 stet-eriis]
510 1757 701 1797 Perperam
719 1756 835 1798 aliqui,
849 1757 989 1798 tricenis,

280 1806 378 1847 cujus
405 1807 515 1848 prima
538 1807 670 1848 syllaba
695 1817 771 1839 cum
800 1807 846 1839 sit
870 1809 987 1850 longa,

278 1857 381 1888 metri
401 1857 477 1898 lege
493 1861 643 1889 arcetur.

322 1910 343 1938 6
366 1906 641 1948 Illocrymabilem]
662 1908 918 1948 Lacrymabiles
934 1909 984 1941 di-

279 1961 403 1988 cuntur
419 1957 441 1987 ii
458 1957 515 1998 qui
534 1956 577 1988 ad
598 1957 862 1988 misericordiam
880 1957 983 1991 facile

278 2010 458 2036 moventur
473 2015 535 2046 per
549 2006 717 2046 lacrymas
739 2011 775 2037 et
795 2016 938 2047 preces:
964 2018 983 2040 e

277 2055 451 2086 contrario
472 2055 600 2086 Pluton
623 2059 769 2086 vocatur
789 2052 982 2098 illacryma-

277 2104 367 2145 bilis,
402 2104 463 2146 qui
497 2113 669 2145 nunquam
704 2104 871 2137 flectitur.
924 2107 981 2139 Sic

279 2156 409 2187 Erasm.
425 2153 568 2196 ἄδακρυς,
581 2154 801 2195 implacabilis,
816 2156 915 2197 cujus
937 2157 981 2189 ob

276 2205 522 2251 inexorabilem
534 2204 701 2236 saevitiam
716 2204 981 2249 illacrymemus,

276 2258 386 2299 iuquit
400 2255 613 2288 Torrentius.

319 2309 340 2338 7
363 2306 519 2348 Plutona]
550 2305 742 2337 Inferorum
764 2310 802 2338 et
830 2310 978 2338 mortuo-

277 2366 351 2389 rum
365 2357 489 2388 Deum.
533 2356 569 2388 Is
589 2356 731 2388 Saturni
747 2355 850 2396 filius,
868 2355 978 2388 frater

278 2407 515 2440 autem-Jovis
545 2416 586 2439 ac
614 2406 782 2446 Neptuni.
835 2406 884 2439 Hi
907 2410 978 2438 tres

277 2459 325 2489 ita
353 2462 532 2499 paternum
561 2465 700 2497 regnum
722 2455 892 2488 divisere:
916 2456 978 2489 Ju-

278 2509 367 2550 piter
387 2508 526 2550 quidem
543 2506 730 2539 Orientalis
750 2506 858 2547 plagae
876 2507 978 2538 sorti·

277 2564 331 2591 tus
359 2564 413 2591 est
439 2558 640 2600 Imperium,
659 2563 696 2590 et
724 2567 800 2589 eum
824 2556 903 2589 inde
921 2558 980 2589 lux

277 2610 418 2646 oriatur,
434 2610 567 2641 Coeium
584 2609 696 2641 dictus
712 2614 766 2639 est
782 2617 980 2649 occupasse.

276 2660 461 2700 Neptunus
473 2660 605 2691 Insulas
615 2659 748 2700 habuit,
760 2658 849 2691 unde
862 2665 899 2691 et
909 2668 978 2690 ma-

278 2709 321 2740 ris
350 2710 503 2742 dominus
525 2720 564 2742 ac
583 2711 676 2742 Deus
700 2710 894 2751 appellatus
915 2716 979 2741 est.

276 2759 381 2790 Pluto
409 2766 491 2791 natu
528 2762 685 2792 minimus
715 2760 979 2793 Occidentalem

275 2808 424 2842 obtinuit
440 2812 729 2852 regionem‚secus
744 2810 890 2843 inferum
907 2820 977 2843 ma-

1043 1212 1092 1234 re.
1115 1202 1208 1234 Hinc
1220 1202 1339 1234 fabula
1358 1202 1525 1235 dominari
1543 1201 1671 1235 Inferis
1683 1202 1750 1236 ait:

1043 1260 1080 1286 et
1097 1255 1255 1296 quoniam
1278 1259 1382 1286 terrae
1399 1253 1584 1286 visceribus
1601 1253 1751 1285 condun-

1045 1309 1102 1336 tur
1125 1305 1266 1336 metalla
1282 1305 1356 1336 auri
1377 1310 1413 1336 et
1435 1303 1583 1346 argenti,
1604 1303 1751 1336 Divitia,-

1044 1365 1118 1387 rum
1130 1356 1228 1387 Deus
1243 1355 1459 1388 existimatus
1477 1360 1545 1394 est,
1557 1358 1595 1386 et
1604 1354 1696 1387 Ditis
1708 1363 1749 1386 nc

1043 1405 1167 1436 Plutus
1192 1405 1318 1437 dictus.
1373 1406 1533 1436 Lactant.
1555 1404 1672 1436 Divin.
1689 1404 1748 1435 In-

1042 1454 1155 1486 stitut.
1171 1454 1232 1485 lib.
1249 1463 1276 1485 1.
1295 1449 1431 1495 'Neque
1447 1463 1527 1485 vero
1542 1454 1747 1494 praetertnit·

1041 1504 1182 1535 tendum
1207 1504 1298 1545 quod
1319 1507 1466 1535 testatur
1491 1503 1575 1535 Coei.
1598 1503 1746 1544 Rhodig.

1042 1565 1138 1588 xvn.
1163 1559 1217 1588 21.
1253 1566 1386 1596 eorum,
1407 1566 1482 1597 quae
1503 1555 1546 1587 ad
1568 1554 1747 1588 defuncto-

1042 1616 1116 1638 rum
1140 1610 1300 1647 spectant
1321 1605 1464 1645 cultum,
1485 1605 1670 1637 Plutonem
1692 1604 1747 1637 fu·

1041 1655 1108 1687 isse
1126 1660 1300 1687 auctorem
1318 1655 1478 1696 primum.
1512 1655 1590 1688 Quo
1608 1655 1745 1687 nomine

1039 1705 1222 1748 creditum,
1258 1714 1337 1737 mox
1368 1705 1441 1737 vitu
1468 1704 1596 1737 functis
1626 1706 1745 1747 praesi-

1042 1754 1153 1842 degui
1170 1809 1219 1837 ter
1233 1805 1368 1846 amplum
1386 1804 1564 1846 Geryonen,
1578 1803 1650 1845 ὅτι]
1675 1804 1745 1838 Qui

1040 1861 1199 1897 potentes
1216 1865 1368 1897 quosque
1395 1860 1430 1886 et
1450 1864 1590 1895 magnos
1615 1854 1746 1896 domat,
1801 1900 1803 1903 ι

1039 1916 1071 1938 v.
1088 1916 1121 1947 g.
1146 1906 1343 1947 Geryonem
1367 1901 1404 1937 et
1416 1905 1576 1946 Titynm:
1600 1905 1745 1944 scilicet,

1038 1962 1077 1989 ut
1091 1957 1210 1989 scribit
1223 1956 1387 1989 Juvenal,
1399 1955 1470 1987 Sat.
1484 1964 1522 1987 x.
1535 1957 1610 1988 172.
1624 1955 1635 1972 ‘
1646 1955 1743 1987 Mors

1039 2010 1111 2042 sola
1127 2009 1257 2041 fatetur
1281 2009 1459 2042 Quantula
1477 2008 1546 2040 siut
1571 2008 1742 2040 bominum

1037 2060 1263 2101 corpuscula)
1298 2062 1308 2077 ‘
1324 2060 1391 2091 Ter
1413 2058 1586 2100 amplnm'
1609 2059 1742 2100 Geryo-

1036 2118 1113 2140 nem
1137 2113 1238 2140 vocat
1263 2109 1444 2147 Horatius,
1468 2112 1478 2127 ⁸
1494 2108 1743 2150 tergeminum'

1035 2159 1157 2200 Virgil.
1172 2160 1305 2191 AEneid.
1322 2169 1402 2191 viu.
1417 2163 1492 2192 202.
1515 2170 1558 2191 ex
1584 2170 1626 2191 eo
1649 2161 1741 2201 qumi

1035 2208 1245 2250 fabulantur,
1275 2210 1403 2250 triplex
1426 2210 1459 2241 ei
1482 2219 1606 2250 corpus
1621 2208 1740 2240 fuisse.

1035 2259 1128 2290 Hinc
1150 2260 1274 2300 Virgil.
1291 2259 1423 2292 AEneid.
1443 2269 1494 2291 vr.
1509 2262 1584 2291 289.
1606 2260 1616 2276 ‘
1631 2258 1740 2292 forma

1033 2308 1235 2349 tricorporis
1252 2308 1406 2340 umbrael
1441 2308 1610 2350 Fingendi
1635 2319 1737 2350 porro

1033 2367 1147 2388 ansam
1166 2358 1312 2398 praebuit
1331 2359 1460 2398 triplex
1485 2368 1642 2399 regnum,
1664 2359 1737 2391 sive

1033 2407 1178 2449 triplicis
1201 2408 1292 2439 circa
1315 2408 1518 2449 Hispaniam
1540 2408 1660 2440 insulae
1677 2407 1737 2439 do·

1031 2458 1191 2498 minium3
1206 2459 1259 2490 vel
1268 2458 1381 2499 potius
1393 2458 1495 2489 trium
1506 2457 1650 2489 fratrum
1662 2467 1737 2489 cor-

1032 2508 1124 2550 poris
1149 2507 1270 2540 robore
1288 2509 1524 2549 praestantium
1541 2508 1737 2550 concordia,

1033 2567 1109 2601 quae
1125 2563 1222 2590 tanta
1237 2558 1388 2599 quidem,
1414 2562 1422 2575 ‘
1439 2563 1477 2589 ut
1493 2568 1560 2590 uno
1576 2558 1649 2599 regi
1665 2559 1735 2590 ani-

1033 2618 1087 2640 mo
1101 2608 1324 2647 viderentur:
1340 2608 1449 2649 inquit
1465 2607 1595 2641 Justin.
1611 2607 1654 2639 ad
1665 2609 1736 2639 cal-

1032 2668 1105 2691 cem
1136 2659 1214 2690 libri
1238 2658 1361 2689 ultimi.
1413 2657 1514 2691 Quod
1545 2657 1636 2689 idem
1659 2655 1734 2688 fere

1033 2714 1148 2740 narrat
1171 2707 1316 2740 Diodor.
1337 2708 1442 2740 Sicul.
1460 2717 1494 2739 v.
1508 2711 1540 2739 2.
1568 2708 1624 2739 ubi
1643 2706 1736 2739 ‹ieci->

1033 2769 1122 2791 mum
1141 2759 1300 2791 Herculis
1316 2758 1464 2790 laborem
1482 2758 1515 2789 in
1528 2756 1734 2790 debellando

1031 2810 1193 2852 Geryone
1210 2810 1362 2851 exponit.
1408 2809 1517 2840 Porro
1534 2807 1631 2840 valde
1649 2807 1733 2838 arri-
