1916 3190
268 227 355 269 432
755 242 800 282 Q.
832 243 1039 274 nonn'rn
1076 243 1249 289 FLchr
1272 241 1277 248 ⁴

496 332 734 388 Amphorae
755 337 923 377 fumum
942 337 1091 378 bibere
1112 338 1323 381 institut'ae

579 399 583 403 ’
883 401 1080 444 Consule
1094 403 1239 445 Tullo.

497 465 646 515 Sume,
669 466 917 518 Maecenas,
939 469 1125 522 cyathos
1148 471 1281 511 amici

497 531 689 585 Sospitis
709 539 884 575 centum
903 549 915 586 ;
947 539 990 576 et
1008 536 1164 589 vigiles
1185 537 1390 578 lucernas

267 654 426 678 recurrens
438 648 582 679 corticem
598 649 668 689 pice
682 651 810 692 affixum
832 652 953 689 auferet
976 650 1057 681 dolio
1073 651 1201 689 fumum
1216 654 1396 685 contrahere
1416 656 1512 694 coepto
1526 653 1583 684 sub
1601 653 1718 683 Consu-

267 684 334 719 latu
351 687 444 721 Tulli.
490 691 520 721 Ο
534 691 701 733 Maecenas,
717 694 819 734 accipe
833 697 977 725 centenos
991 693 1133 734 scyphos,
1148 694 1186 725 ob
1200 695 1331 726 amicum
1344 696 1538 736 incolumem,
1549 698 1579 727 el
1594 694 1719 736 lychnos

874 785 1051 800 OOOOOOOOO
1055 785 1091 798 00
1095 786 1113 798 O

267 833 325 865 bit.
370 835 499 868 Omnes
513 838 621 870 ceteri
639 839 740 872 codd.
756 844 790 872 et
805 840 885 872 edd.
909 840 1177 872 dimovebit—12
1200 839 1301 873 Tvllio
1326 841 1462 873 emend.
1485 841 1619 873 Bonfin.
1647 839 1718 872 An-

266 880 374 908 notat.
387 887 530 911 xxxvu.
556 880 645 911 unde
667 882 716 913 sic
731 882 875 914 Ascens.
890 892 945 913 an·
960 885 1055 914 1519.
1082 886 1243 923 tanquam
1271 884 1446 923 pertineat
1469 883 1512 914 ad
1541 883 1716 915 Ciceronis

265 919 501 958 consulatum3
524 926 563 952 ut
580 923 680 954 Tullio
706 933 769 963 per
786 923 983 964 Synaeresin
1008 932 1071 963 pro
1097 923 1225 964 dissyll.
1242 925 1297 956 sit.
1339 925 1407 956 Sed
1432 925 1521 956 bene
1547 924 1718 965 depexum

266 958 362 991 illum
378 961 475 993 dedit
492 963 743 996 mamam—14
766 965 863 996 Harl.
879 969 910 998 1.
937 965 1082 995 Mentel.
1100 965 1194 1005 Lips.
1211 969 1241 997 l.
1267 966 1416 997 Bentleii
1442 967 1560 998 Graev.
1581 971 1618 998 et
1641 966 1718 998 Col-

266 1000 357 1033 bert.
382 1003 528 1043 Hospitis
545 1013 606 1044 pro
621 1005 770 1045 sospitis.
813 1007 897 1038 Mox
923 1010 955 1037 et
982 1005 1087 1045 ejecit
1108 1006 1253 1047 Cuning.
1270 1007 1350 1049 quia
1375 1008 1490 1048 aptior
1516 1008 1647 1040 loetitiae
1672 1008 1719 1039 sit

266 1044 377 1075 oratio
393 1044 569 1078 dissoluta.
613 1046 700 1078 Eum
717 1049 828 1080 secuti
843 1048 969 1080 Sanad.
986 1052 1022 1079 et
1037 1047 1127 1079 Sivr.
1145 1052 1181 1080 et
1196 1049 1270 1090 jam
1295 1049 1393 1082 abest
1417 1059 1437 1082 a
1461 1049 1557 1091 Lips.
1571 1051 1604 1082 4.
1625 1051 1635 1068 ‘
1649 1049 1715 1081 Sed

923 1140 1066 1174 NOTAE

264 1211 341 1252 pice
363 1212 501 1253 quidem
523 1213 714 1248 astrictum.
760 1216 870 1249 Cato:
897 1219 907 1234 ‘
923 1215 965 1248 In

264 1261 460 1302 amphoram
469 1268 617 1296 mustum
629 1265 964 1306 indito‚et,corticem

262 1312 447 1351 oppicato.'
484 1315 608 1347 Tibull.
626 1325 665 1347 ιι.
687 1317 786 1356 Eleg.
805 1320 835 1349 1.
852 1317 862 1334 ‘
879 1316 965 1349 Chio

263 1361 387 1392 solvite
405 1363 514 1394 vincla
529 1364 638 1396 cado.'

307 1411 347 1439 ll
373 1410 506 1442 Fumum
529 1412 632 1444 bibere
653 1413 826 1454 institutae]
857 1414 964 1446 Fumo

263 1457 391 1489 dudum
424 1461 603 1500 expositae,
639 1462 729 1493 unde
766 1465 963 1494 contentum

261 1507 297 1538 in
325 1516 367 1538 ea
391 1508 505 1540 vinum
525 1510 598 1550 jam
627 1516 798 1542 maturum
823 1515 858 1542 et
886 1512 962 1542 lene

262 1565 412 1596 prorsus.
435 1557 539 1589 Ovid.
553 1559 647 1591 Fast.
659 1570 693 1592 v.
704 1564 714 1578 ‘
726 1561 854 1592 Fumea
865 1560 964 1591 vina.'

262 1605 417 1637 Martial.
432 1615 489 1637 ιιι.
504 1609 557 1639 81.
573 1608 583 1626 ‘
597 1609 708 1640 Cocta
728 1608 830 1640 fumis
853 1613 964 1641 musta

256 1653 491 1686 'Massilianisl
534 1655 634 1688 Idem
652 1666 688 1689 x.
704 1660 758 1689 36.
779 1658 790 1675 ⁴
809 1658 964 1699 improba

260 1702 425 1735 fumaria’
446 1705 552 1745 dicit;
577 1710 625 1746 et,
643 1707 653 1724 ‘
666 1706 806 1748 Accipit
823 1711 963 1739 aetatem

260 1753 411 1795 quisquis
426 1754 468 1785 ab
484 1754 562 1794 igne
577 1755 706 1788 cadus:
741 1756 868 1788 Tibull.
885 1765 963 1787 mox

261 1803 322 1836 cit.
338 1806 348 1822 ⁴
363 1804 462 1836 Nunc
476 1805 554 1836 mihi
567 1805 733 1838 fumosum
750 1807 875 1838 veteris
888 1815 963 1846 pro-

260 1853 351 1885 ferte
372 1855 554 1886 Falernum
579 1855 759 1887 Consulis!
797 1855 963 1887 Columel-

260 1912 287 1935 1.
305 1906 336 1934 6.
362 1905 539 1944 apothecae
568 1910 843 1946 superponuntur
868 1905 963 1946 locis,

259 1952 350 1983 unde
362 1953 559 1994 plerumque
571 1954 683 1986 fumus
696 1955 865 1985 exoritur:
879 1963 961 1995 quo·

259 2001 348 2031 niam
361 2002 437 2032 vina
446 2002 537 2034 fumo
549 2003 693 2035 celerius
705 2006 959 2035 vetustescunt:

259 2048 333 2089 ejus
364 2053 480 2081 tenore
504 2061 696 2091 praecocem
727 2050 959 2083 maturitatem

257 2098 411 2138 trahunt,
425 2101 489 2130 dcc.
522 2101 613 2132 Plin.
637 2110 748 2133 xxm.
764 2104 794 2132 1.
817 2102 827 2119 ‘
844 2101 959 2132 Minus

256 2146 399 2178 infestat
428 2156 551 2178 nervos
574 2149 663 2188 quod
688 2154 860 2181 vetustate
884 2150 959 2181 dul-

258 2197 380 2227 cescit.
392 2218 401 2227 .
413 2217 422 2226 .
435 2218 444 2226 .
459 2195 529 2227 Nos
549 2194 632 2226 fumi
655 2197 881 2228 amaritudine
902 2207 959 2228 ve-

259 2247 424 2275 tustatem
441 2244 533 2275 indui
557 2253 753 2285 persuasum
773 2245 959 2276 habemns!

260 2292 421 2324 Meminit
436 2297 473 2323 et
485 2292 570 2323 Coel.
588 2292 730 2332 Rhodig.
747 2300 850 2323 xxw.
862 2295 917 2323 21.

303 2343 343 2372 12
360 2341 490 2372 Consule
505 2340 609 2380 Tullo]
626 2342 807 2386 Consulum
824 2340 958 2372 nomine

257 2391 412 2423 solebant
427 2392 537 2422 notari
556 2391 643 2426 vina,
661 2395 700 2422 ut
715 2391 796 2422 alibi
812 2391 957 2432 amplius

259 2440 342 2472 dixi.
381 2439 472 2471 Vide
498 2449 522 2472 1.
547 2439 616 2472 od.
638 2441 692 2471 20.
718 2445 755 2472 et
780 2448 822 2471 n.
843 2440 959 2471 Od-S.

257 2491 328 2521 Hic
344 2494 476 2522 certum
500 2499 621 2521 nomen
645 2499 706 2531 pro
729 2489 885 2530 quolibet
907 2489 957 2520 in-

259 2545 355 2572 certo
371 2540 465 2580 poni,
481 2540 661 2580 vinumque
678 2543 775 2571 vetus
791 2538 959 2570 duntaxat

258 2588 488 2620 commendari
502 2588 719 2620 crediderim.
751 2587 849 2621 Quod
867 2587 894 2619 si
909 2587 958 2619 vi-

259 2646 338 2668 num
352 2637 433 2668 illud
445 2638 618 2669 conditum
629 2637 743 2668 fuerat
754 2638 816 2668 sub
828 2638 867 2668 L.
880 2636 959 2668 Vol-

260 2687 350 2718 catio
374 2687 484 2727 Tullo,
501 2688 557 2728 qui
582 2688 705 2719 Consul
723 2686 787 2718 fuit
809 2696 884 2719 cum
907 2686 958 2718 M.

259 2735 393 2767 AEmilio
421 2737 562 2779 Lepido,
585 2747 673 2769 anno
695 2737 788 2769 urbis
810 2736 958 2770 conditas

1018 1217 1095 1247 687.
1122 1214 1292 1256 prolatum
1316 1224 1398 1247 vero
1420 1220 1476 1247 est
1499 1215 1544 1247 ab
1573 1215 1719 1249 Horatio

1019 1265 1122 1305 paulo
1157 1269 1235 1306 post
1265 1265 1462 1306 subjugatos
1491 1266 1534 1297 ab
1562 1265 1718 1308 Agrippa

1019 1313 1224 1354 Cantabros,
1239 1314 1281 1345 de
1296 1314 1419 1356 quibus
1433 1314 1497 1346 sub
1508 1315 1606 1356 liujus
1617 1315 1718 1347 finem

1019 1362 1128 1403 odes,
1141 1373 1227 1395 anno
1250 1363 1383 1395 scilicet
1404 1366 1479 1395 ⁷³4.
1504 1369 1542 1396 ut
1563 1364 1612 1396 ait
1633 1365 1717 1396 Cru-

1016 1412 1127 1451 quius,
1141 1412 1253 1443 vinum
1267 1411 1350 1447 illud
1365 1416 1463 1443 vetus
1477 1411 1596 1444 fuisset
1611 1422 1716 1444 annos

1015 1461 1070 1490 47.
1107 1459 1249 1491 Interea
1264 1459 1456 1492 meminisse
1473 1465 1610 1501 oportet
1626 1462 1715 1503 quod

1016 1508 1138 1540 scribit
1155 1510 1246 1540 Plin.
1262 1519 1340 1540 mox
1355 1509 1413 1541 cit.
1425 1510 1436 1527 ‘
1454 1509 1634 1541 Falernum
1651 1520 1716 1543 nec

1016 1557 1051 1588 in
1074 1559 1240 1595 novitate,
1264 1568 1328 1590 nec
1352 1558 1386 1590 in
1409 1558 1516 1590 nimia
1543 1563 1714 1592 vetustate

1017 1607 1153 1646 corpori
1168 1607 1306 1638 salubre
1321 1611 1386 1639 est.
1416 1608 1535 1639 Media
1546 1609 1617 1649 ejus
1631 1614 1715 1641 aetas

1016 1664 1036 1686 a
1052 1657 1105 1686 15.
1129 1665 1218 1687 anno
1241 1655 1477 1696 incipih.·.Si
1500 1658 1547 1689 sit
1559 1657 1714 1690 fumoin-

1019 1709 1222 1744 veteratum,
1237 1705 1411 1736 insalubre
1426 1709 1492 1737 est.
1526 1705 1715 1748 Mangones

1017 1752 1082 1784 ista
1097 1753 1131 1784 in
1149 1753 1326 1794 apothecis
1341 1754 1593 1794 excogitavere.
1634 1755 1714 1788 Jnm

1016 1807 1052 1834 et
1064 1802 1326 1843 patresfamilias
1337 1807 1476 1834 aetatem
1486 1802 1644 1835 ademere
1652 1804 1716 1844 liis,

1017 1861 1093 1893 quae
1125 1862 1188 1893 per
1217 1861 1254 1883 se
1281 1852 1405 1884 cariem
1435 1858 1584 1884 traxere.
1637 1854 1714 1887 Quo

1016 1909 1112 1936 certe
1139 1905 1304 1936 vocabulo
1329 1904 1412 1936 satis
1434 1904 1565 1935 consilii
1587 1903 1716 1936 dedere

1015 1954 1117 1994 prisci
1133 1953 1155 1985 :'
1193 1962 1315 1994 nempe
1342 1953 1422 1985 vina
1448 1952 1491 1983 ad
1527 1957 1713 1986 extremam

1014 2007 1238 2039 senectutem,
1253 2013 1328 2044 quae
1341 2002 1472 2034 cariosa
1486 2006 1551 2043 est,
1561 2011 1626 2033 non
1639 2012 1714 2034 esse

1014 2052 1242 2084 recondenda.
1265 2052 1448 2092 Dalecamp.

1057 2104 1096 2132 13
1121 2101 1215 2132 Sume
1238 2101 1366 2141 cyathos
1387 2098 1526 2140 centum]
1547 2099 1606 2132 Ob
1627 2099 1714 2131 laeti-

1015 2150 1096 2182 tiam
1111 2150 1155 2182 de
1175 2151 1275 2182 amici
1299 2150 1437 2190 sospitis
1463 2149 1714 2188 incolumitate,

1013 2207 1073 2229 seu
1089 2199 1132 2230 de
1157 2199 1294 2230 Horatii
1318 2200 1369 2230 tui
1392 2199 1514 2239 salute,
1539 2198 1618 2230 bibe
1634 2207 1712 2229 cen-

1016 2250 1085 2277 tum
1098 2248 1249 2287 cyathos,
1266 2248 1301 2279 id
1314 2252 1379 2287 est,
1395 2248 1508 2288 plures
1529 2251 1566 2278 et
1581 2247 1710 2288 plures,

1014 2300 1049 2324 et
1061 2298 1135 2325 tota
1144 2301 1244 2328 nocte
1257 2306 1387 2327 mecum
1405 2300 1559 2336 perpota.
1580 2290 1711 2327 Nume-

1013 2351 1069 2372 rus
1086 2341 1201 2373 finitus
1217 2353 1278 2382 pro
1294 2344 1438 2374 infinito.

1043 2393 1095 2426 ,14
1123 2391 1243 2430 Vigiles
1263 2393 1403 2422 lucernas
1422 2392 1535 2429 Perfer
1550 2392 1584 2422 in
1598 2393 1707 2433 lucem]

1011 2439 1196 2471 Prandium
1208 2440 1410 2481 ignorabant
1422 2445 1554 2472 veteres
1569 2451 1576 2472 :
1594 2446 1631 2473 at
1642 2451 1708 2474 coe-

1012 2498 1088 2519 nam
1101 2488 1259 2529 maxime,
1283 2497 1351 2520 non
1375 2488 1510 2529 quidem
1527 2494 1565 2520 ut
1581 2499 1641 2521 nos
1664 2490 1707 2522 ad

1011 2537 1185 2579 candelas,
1199 2536 1259 2570 sed
1273 2538 1316 2570 ad
1332 2539 1474 2579 lychnos
1489 2543 1526 2570 et
1539 2539 1709 2580 lucernas,

1012 2587 1248 2627 producebant
1272 2597 1378 2629 usque
1401 2587 1444 2618 ad
1461 2588 1572 2619 lucem
1595 2593 1707 2630 poste.

1013 2646 1096 2675 ram,
1111 2637 1368 2677 pergraecando,
1394 2637 1428 2668 id
1444 2640 1509 2677 est,
1525 2637 1592 2669 ritu
1608 2638 1707 2670 Grn-

1011 2696 1126 2718 cornm
1141 2692 1215 2719 tota
1227 2691 1328 2719 nocte
1339 2687 1577 2728 computando.
1592 2688 1704 2720 Plant-

1010 2736 1212 2769 Menaeehm.
1228 2746 1252 2771 1.
1268 2740 1299 2769 2.
1311 2739 1364 2769 62.
1401 2737 1411 2754 ‘
1427 2737 1513 2769 Inde
1527 2747 1635 2780 usque
1662 2738 1705 2771 ad

1888 2783 1916 3190 ωηο-ψκηαιωπν-..π
1908 2704 1916 2748 ..M
1905 2623 1916 2682 1.-.·.·.
1912 2595 1916 2598 .
