1916 3190
576 261 846 294 canianum
880 260 978 292 ι.ιιι.
1007 257 1084 292 ιιι.
1113 248 1182 291 10.

1535 247 1619 290 441,

406 356 630 409 Ingratam
648 354 814 398 Veneri
834 367 950 410 pone
969 352 1251 407 superbiam3

408 422 482 463 Ne
502 426 700 464 currente
716 425 813 463 rota
829 421 946 462 funis
963 424 1036 462 eat
1051 424 1183 461 retro.

1562 419 1620 460 10

405 488 514 530 Non
532 492 575 530 te
594 488 844 542 Penelopen
862 487 1086 530 difficilem
1105 484 1252 541 procis

627 553 878 609 Tyrrhenus
894 554 1044 608 genuit
1061 564 1240 607 parens-

182 657 351 689 deaa'saas?
390 657 502 697 1⁵51·ae
516 657 640 697 fastum
654 658 768 691 Veneri

941 654 1620 695 “sanctinum-haemm-

178 701 262 733 κει.
306 657 1543 742 mmmmffluWQPaaomu-oetibniamafflkm.
1588 696 1618 727 o

978 790 1020 803 00

180 856 280 896 laet.
294 865 329 898 p.
339 858 396 888 u·
414 855 519 897 (διὰ,
529 861 569 889 ut
583 854 1536 896 reeteBentlmilillolu-inaeh.1.iueptius.’Jani.—1o
1553 854 1622 885 Nec

177 901 418 930 munus
431 880 759 938 Bers’mauui,1)ess.
775 901 808 930 2.
821 903 858 930 et
871 898 967 939 Lipa.
982 901 1013 930 l.
1028 896 1369 939 amm-retrosum·

180 942 345 972 1.2.8.4.
357 944 430 972 §.m
443 941 500 972 alii
513 941 615 972 codd.
629 941 772 973 Venett.
790 940 866 972 νει.
880 939 1001 972 Comb.
1016 944 1053 970 et
1068 940 1145 971 edd.
1166 938 1241 971 fere
1255 943 1341 971 vett.
1356 944 1393 970 et
1408 938 1522 979 migg.

1378 900 1430 928 eat
1440 899 1512 927 rota
1523 895 1622 928 Harl.

1539 943 1620 969 tute

178 981 295 1013 nemu.
309 985 380 1014 rou
395 982 491 1021 sanis
512 986 656 1014 euti-etro
666 982 825 1014 Petrens-
840 986 878 1013 et
892 982 972 1014 Gal.
987 981 1149 1017 Bentleii,
1159 981 1304 1013 Mediol.
1315 983 1411 1012 1477.
1425 980 1540 1011 Bentl.
1557 980 1623 1011 Cu-

178 1024 274 1065 uiug.
287 1023 390 1056 Baxt.
404 1024 515 1056 Gesn.
527 1025 636 1056 Zeun.
649 1024 735 1056 Sivr.
745 1023 838 1064 Jani,
853 1023 994 1055 Mitsch.
1010 1024 1149 1064 Bipont.
1161 1023 1306 1056 Wetaei.
1319 1021 1456 1054 Wakef·
1465 1028 1502 1054 et
1514 1021 1622 1054 Kidd.

829 1114 971 1147 NOTAE

182 1174 267 1210 Nat.
280 1177 389 1209 Deor.
401 1187 434 1211 ιι.
450 1181 504 1212 26.
524 1179 536 1197 ⁴
546 1179 632 1211 Tum
647 1187 744 1220 aquae
758 1179 873 1212 decla·

182 1230 236 1258 rat
248 1225 383 1267 effusio,
405 1237 481 1270 φιτ
506 1238 619 1270 neque
642 1228 874 1269 conglaciaret

181 1274 379 1318 frigoribus,
394 1287 505 1320 neque
519 1279 598 1310 nive
614 1279 778 1319 prniuave
792 1286 872 1309 cou-

182 1332 365 1367 cresceret,
378 1327 442 1359 nisi
460 1327 581 1360 eadem
595 1337 633 1360 ae
653 1328 800 1360 admisto
815 1337 872 1360 ca-

180 1375 255 1407 lore
263 1375 452 1418 liquefacta
461 1382 499 1409 et
510 1377 641 1418 dilapsa
652 1376 873 1409 diffunderet.

180 1422 303 1466 Itaque
314 1431 351 1457 et
360 1425 584 1467 Aquilonibus
594 1427 803 1468 reliquisque
812 1425 873 1459 fri·

174 1473 315 1515 guribus
326 1473 471 1515 adiectis
482 1475 634 1507 durescit
648 1475 793 1513 humor‚’
805 1478 871 1508 διο.

221 1526 244 1555 8
263 1524 353 1556 Pan
377 1525 502 1557 namin
524 1525 669 1568 Jupiter]
700 1526 796 1558 Bene
821 1526 874 1558 aie

177 1572 305 1614 legito:
328 1574 398 1611 alii.
421 1575 508 1607 Pars
525 1575 651 1616 huniae,
670 1575 726 1607 vel
747 1576 876 1614 buin,-

176 1621 238 1653 aed
262 1631 454 1664 perperam.
502 1624 624 1656 Jovem
656 1633 718 1664 pro
748 1625 875 1656 retbere

178 1679 247 1702 non
262 1679 339 1704 raro
351 1672 522 1712 usurpari,
537 1677 675 1704 notum:
698 1673 776 1704 hnic
792 1682 874 1713 ergo

177 1719 363 1759 respondet
376 1729 454 1758 vox,
471 1721 608 1753 anniae.
652 1721 740 1753 Paro
761 1722 875 1753 lauriae

178 1767 238 1799 Sol
252 1767 388 1809 quidem
403 1768 559 1809 dicatur3
581 1775 618 1802 at
634 1780 704 1802 uon
722 1770 875 1812 Jupiter,

178 1817 370 1857 praesertim
392 1819 563 1851 concubia
579 1824 705 1858 nocte;
726 1829 793 1861 qua
807 1821 875 1860 Ly-

179 1875 237 1898 ce·
259 1866 400 1907 januam
434 1869 653 1905 occentabat,
684 1869 729 1900 de
768 1878 874 1907 more,

179 1916 290 1948 Poeta
305 1922 430 1950 noster.

222 1969 245 1998 9
265 1967 429 2007 Ing-mlum
449 1966 561 1999 Veneri
582 1977 661 2008 poue
683 1968 873 2009 superbiam]

180 2015 298 2047 Venus
316 2017 408 2048 enim
426 2016 533 2057 jocis,
553 2017 683 2058 gratiis,
703 2017 875 2050 amoribus

180 2066 309 2106 stipata
336 2065 463 2107 ubique
490 2071 720 2098 memoratur:
751 2066 874 2108 quibus

180 2113 383 2146 adversatur
406 2115 543 2147 omnino
565 2116 736 2157 superbia.
759 2125 785 2148 1.
801 2116 873 2149 Od.

180 2165 214 2194 Β.
234 2163 246 2180 ‘
260 2163 410 2204 Erycina
424 2164 551 2204 ridens,
571 2165 681 2199 Quam
695 2165 797 2206 jocus
810 2165 873 2198 cir-

182 2221 260 2245 cum
274 2213 366 2250 volat
379 2218 415 2245 et
429 2214 585 2256 Cupido-¹

225 2265 267 2294 lo
289 2263 342 2295 Ne
357 2267 503 2296 emente
520 2267 590 2296 neu
603 2263 697 2303 sanis
709 2266 761 2296 eat
772 2263 873 2306 rem]

180 2313 238 2345 Ne
259 2311 388 2346 offensa
410 2315 634 2346 Vennriram
657 2314 693 2345 iu
718 2318 754 2346 te
774 2322 873 2346 auam

179 2363 347 2404 stringat.
369 2368 475 2405 tuque
488 2363 605 2396 favore
619 2363 692 2405 ejus
707 2363 874 2396 destituta

175 2413 422 2454 contemnaris,
436 2418 475 2444 ιιι
494 2413 595 2445 modo
609 2421 663 2444 me
676 2414 872 2445 contemnis.

180 2459 277 2491 Time
300 2470 384 2502 ergo
407 2461 581 2502 sapienter
597 2460 744 2493 fortune
768 2461 872 2494 vices.

182 2507 309 2539 Tibuu.
323 2518 348 2540 ι.
361 2514 394 2541 5.
407 2513 462 2541 67.
483 2509 494 2527 ‘
511 2510 590 2542 Heu
612 2510 764 2542 canimus
785 2510 873 2542 frus-

183 2559 258 2587 tra:
271 2565 336 2588 nee
350 2558 461 2590 verbis
474 2559 567 2591 victa
581 2559 729 2600 patescit
741 2558 873 2592 Janua·
863 2582 873 2590 .

184 2603 245 2636 aed
261 2605 361 2644 plena
371 2613 426 2637 est
445 2609 669 2646 percutienda
682 2617 794 2639 manu.
825 2607 875 2639 At

186 2657 239 2690 tu,
249 2653 306 2693 qui
322 2654 431 2693 potior
455 2664 545 2687 nuuc
569 2667 619 2696 es,
641 2666 718 2688 mea
731 2655 805 2688 fata
818 2665 875 2688 ca·

187 2705 266 2732 veto
276 2711 287 2732 :
308 2702 471 2734 Versatur
484 2705 588 2736 celeri
608 2706 679 2737 fors
693 2705 777 2737 levis
791 2705 875 2736 orbe

186 2748 298 2783 τοίω]
339 2750 413 2784 Isto
436 2755 548 2784 tamen
570 2753 647 2787 loco
669 2754 874 2796 Metaphora

925 1177 1063 1211 videtur
1084 1187 1160 1210 esse
1182 1177 1286 1209 ducta
1302 1184 1369 1208 uon
1383 1185 1404 1207 a
1421 1179 1499 1208 rota
1512 1175 1622 1208 fortu-

925 1238 978 1260 uae
996 1228 1134 1260 volubili
1147 1231 1182 1259 et
1204 1226 1371 1266 instabili,
1384 1225 1446 1258 aed
1461 1225 1575 1266 potius
1600 1235 1622 1256 a

925 1279 1010 1310 rotis
1025 1283 1062 1310 et
1077 1277 1248 1317 trochleis,
1264 1275 1385 1318 quibua
1400 1275 1622 1308 circumvolu-

924 1335 980 1360 tus
1006 1326 1098 1359 funis
1125 1327 1278 1368 iugentia
1298 1326 1455 1358 sublevat
1468 1329 1505 1357 et
1519 1324 1623 1356 trabit

924 1377 1088 1418 pondera,
1107 1377 1136 1408 si
1159 1377 1247 1408 bene
1271 1379 1451 1407 teneatur:
1476 1377 1513 1406 at
1527 1374 1557 1405 si
1571 1373 1622 1404 di-

923 1426 1044 1457 missus
1058 1424 1176 1466 fuerit,
1191 1429 1229 1456 et
1243 1429 1320 1456 rota
1333 1429 1371 1455 et
1384 1422 1474 1455 funis
1488 1427 1525 1455 et
1539 1431 1623 1463 pon·

924 1475 988 1507 dns
1009 1476 1044 1507 in
1065 1479 1198 1517 partem
1223 1474 1429 1507 contrariam
1450 1472 1623 1512 feruntur,

924 1530 1079 1564 currunt,
1093 1524 1244 1565 fugiunt,
1258 1523 1499 1555 deturbantur.
1537 1522 1622 1554 Seu·

924 1584 979 1605 sus
998 1576 1114 1616 itaque
1135 1573 1271 1606 Horatii
1293 1573 1381 1604 erit:
1402 1582 1422 1603 ο
1446 1573 1553 1613 Lyce,
1578 1581 1622 1604 ne

923 1623 1069 1654 Veneris
1095 1629 1133 1655 tu
1149 1622 1284 1654 vincula
1298 1630 1474 1662 nexusque
1488 1629 1624 1661 sperne,

925 1681 1002 1713 quae
1016 1673 1046 1704 si
1060 1671 1228 1703 dimiseris
1243 1680 1326 1702 cave
1351 1680 1394 1701 ue
1418 1679 1470 1701 res
1485 1675 1553 1701 tua
1568 1680 1621 1701 re·

925 1724 979 1762 tro
1005 1726 1043 1753 et
1069 1730 1204 1762 pessum
1225 1724 1306 1751 eant
1325 1728 1367 1751 ae
1382 1719 1623 1751 dissolvantur.

924 1769 1050 1811 virgil.
1075 1771 1150 1802 Ecl.
1172 1778 1255 1801 vm.
1270 1772 1324 1801 78.
1344 1770 1355 1787 ‘
1371 1769 1530 1808 Veneris,
1552 1769 1622 1806 die,

925 1819 1063 1851 vincula
1076 1818 1203 1851 necto.’

970 1872 1009 1901 ll
1033 1869 1110 1901 Noa
1130 1872 1163 1901 te
1176 1869 1351 1910 Penelope·
1365 1869 1534 1912 difficiles,
1551 1869 1622 1911 qt]

926 1919 1006 1951 Nou
1028 1927 1064 1950 es
1079 1923 1118 1951 ιιι
1139 1919 1327 1960 Penelope,
1347 1920 1534 1961 Spartana,
1555 1928 1622 1952 nec

926 1968 1076 2000 educata
1098 1969 1333 2011 instructaque
1358 1968 1453 2000 duris
1474 1969 1623 2002 moribus

927 2023 1125 2061 austeraque
1159 2018 1296 2050 vivendi
1331 2018 1483 2050 ratione:
1519 2019 1622 2051 immo

928 2072 1117 2109 venustam,
1141 2067 1303 2109 lepidam,
1327 2066 1545 2099 tractabilem
1564 2077 1623 2109 ge-

925 2118 1001 2150 nuit
1030 2123 1066 2150 te
1095 2121 1195 2159 pater
1218 2117 1339 2157 Italus,
1359 2117 1416 2148 vel
1442 2117 1622 2158 Etruscus,

925 2172 966 2199 ut
992 2168 1109 2208 placet
1134 2166 1345 2209 quibusdam,
1370 2176 1437 2198 nec
1463 2167 1622 2200 absurde.

923 2217 1088 2248 Etruscos
1110 2216 1267 2248 ludorum
1292 2225 1333 2247 ac
1355 2216 1566 2257 voluptatum
1588 2227 1623 2248 a-

923 2270 1073 2298 matores
1098 2275 1199 2297 nemo
1227 2265 1359 2297 nescit:
1394 2264 1503 2296 refert
1536 2265 1623 2297 Coel.

925 2314 1073 2356 Rbodig.
1089 2324 1154 2347 xv,
1169 2317 1222 2346 11.
1247 2319 1353 2354 atque
1374 2323 1395 2344 a
1410 2314 1514 2353 Lydis
1529 2318 1622 2345 trax-

924 2364 993 2396 isse
1007 2363 1173 2404 originem
1188 2362 1390 2402 suspicatur.

980 2414 1152 2452 Penelopen
1186 2410 1343 2451 difficilem
1374 2409 1494 2451 procis]
1533 2410 1622 2444 Haec

925 2461 1061 2502 Ulyssis
1075 2469 1161 2492 uxor
1181 2460 1256 2490 viro
1282 2468 1343 2490 suo
1361 2457 1463 2490 fidem
1483 2469 1622 2493 servans

926 2509 1047 2549 viginti
1077 2517 1181 2540 anuos
1209 2507 1357 2548 absenti,
1386 2517 1508 2548 procos
1533 2508 1622 2541 bene

925 2559 1050 2590 multos
1082 2557 1210 2590 acriter
1238 2556 1461 2595 solicitantes,
1488 2562 1623 2598 patrem

926 2608 1029 2639 etiam
1044 2616 1149 2638 novas
1163 2606 1300 2647 nuptias
1315 2605 1516 2639 suadentem
1530 2608 1623 2641 eluc-

927 2662 999 2688 tata
1013 2661 1077 2688 est.
1121 2655 1262 2687 Homer.
1280 2654 1406 2697 Odyss.
1420 2660 1455 2688 B.
1468 2661 1504 2691 Z.
1518 2661 1557 2690 n.

969 2708 1011 2737 12
1046 2703 1238 2747 Tyrrhenus]
1270 2705 1436 2745 Tyrrheni
1472 2706 1620 2739 Etruria

926 2754 1055 2796 populi.
1095 2753 1290 2795 Tyrrhenis
1312 2753 1472 2787 Straboni
1501 2756 1620 2788 eadem
