1916 3190
303 240 388 282 148

752 254 822 291 .Q.
857 254 1067 284 HORATH
1103 256 1282 287 FLAcm

477 345 568 387 Hic
589 346 834 388 innocentis
853 348 1015 400 pocula
1036 349 1185 390 Lesbii

476 413 629 454 Duces
647 414 730 454 sub
752 415 904 455 umbra
922 428 933 466 ;
963 428 1046 456 nec
1067 415 1312 457 Semeleius

529 479 643 520 Cum
666 480 810 521 Marte
833 481 1072 523 confundet
1099 482 1338 537 Thyoneus

586 546 775 599 Praelia3
805 560 887 589 nec
907 552 1079 590 metues
1106 553 1358 602 protervum

471 613 694 667 Suspecta
715 614 893 669 Cyrum,
914 628 971 657 ne
994 616 1105 657 male
1126 617 1295 670 dispari

1697 618 1754 681 2⁵

471 680 805 722 Incontinentes
828 681 999 735 injiciat
1019 695 1191 733 manus,

304 800 416 833 Circen
422 801 584 843 fulgidam
604 814 660 845 pro
674 806 778 837 eodem
800 806 953 839 solicitas.
997 807 1070 838 Illic
1091 807 1215 838 innoxii
1229 805 1332 838 Lesbii
1353 806 1480 848 scyphos
1501 806 1625 838 hauries
1639 806 1671 837 in
1685 814 1753 835 uni·

301 841 375 874 bra.-
399 854 495 885 neque
504 846 618 885 furens
633 846 770 879 Semeles
775 848 869 890 filius
878 858 947 880 cum
961 849 1070 880 Marte
1082 858 1206 889 pugnas
1221 849 1359 880 miscebit
1370 861 1379 879 .-
1402 859 1499 889 neque
1514 849 1636 879 timebis
1651 846 1751 886 suspi-

299 886 415 917 cionem
428 896 535 920 creare
548 890 703 928 petulanti
715 891 810 932 Cyro,
825 900 864 922 ne
878 892 936 922 tibi
949 891 1075 922 minime
1089 892 1202 932 equali
1215 892 1455 934 intemperantes
1471 900 1581 922 manus
1594 890 1750 926 adhibeat,

906 983 945 995 ‘0

301 1044 394 1085 ning.
412 1046 604 1087 vitreamque
621 1047 844 1080 Circam-22
860 1048 940 1080 Duo
955 1048 1148 1084 Harleiani,
1163 1058 1217 1079 nec
1231 1050 1324 1080 semel
1337 1049 1534 1080 Boium-23
1553 1048 1631 1079 Cum
1648 1047 1755 1079 Marte

958 1155 1097 1188 NOTAE

296 1224 373 1257 dem
407 1226 577 1267 Ulyssem.
626 1226 834 1270 laborantes]
871 1229 998 1261 Amore

296 1275 528 1316 tabescentes,
552 1286 666 1308 amore
689 1283 876 1311 certantes.
908 1279 997 1311 Vide

296 1326 374 1366 Lyl.
390 1326 534 1367 Gyrald.

338 1377 382 1407 20
410 1376 610 1416 Vitreamque
628 1377 757 1418 Circen]
790 1378 906 1410 Instar
919 1380 998 1411 vitri

295 1425 452 1466 nitidam,
468 1426 718 1468 splendentem,
733 1428 905 1471 decoram,
922 1439 997 1471 spe-

295 1475 431 1508 ciosam.

337 1528 378 1557 21
403 1525 471 1557 Hic
484 1526 657 1559 innocentis
674 1530 783 1569 poculo
795 1528 916 1569 Lesbii]
954 1530 996 1561 E-

293 1576 483 1618 pulaberis,
498 1577 602 1610 etiam
614 1578 768 1610 hilariter
777 1584 814 1611 et
821 1579 973 1620 jucunde
986 1590 995 1610 :

293 1625 392 1658 bibes
409 1636 532 1668 nempe
547 1628 660 1659 vinum
677 1628 871 1669 innocuum,
885 1639 903 1660 e
918 1630 997 1661 Les-

293 1675 339 1707 bo
363 1676 471 1718 AEgaei
491 1677 591 1708 maris
613 1678 736 1718 insula,
751 1678 853 1710 hodie
869 1679 996 1712 Meteli-

293 1734 333 1756 no
349 1736 360 1756 .-
381 1725 426 1758 ob
457 1727 663 1759 tenuitatem
688 1737 755 1760 non
777 1728 916 1770 laidem,
931 1739 996 1762 nec

292 1779 429 1808 tentans
438 1782 557 1818 caput,
570 1786 634 1809 nec
642 1783 763 1819 pectus
773 1777 996 1820 inflammans,

292 1834 357 1857 nec
387 1825 473 1858 adeo
501 1827 679 1868 impellens
709 1827 751 1859 ad
777 1829 888 1860 rixas:
912 1839 995 1870 qna—

293 1880 439 1915 propter
453 1887 513 1908 non
526 1877 694 1915 confundet
706 1888 775 1910 cum
786 1878 895 1910 Marte
908 1879 994 1911 Bac·

291 1924 366 1955 clius
378 1927 500 1964 proelia.
543 1927 669 1958 Vinum
681 1933 853 1960 saccatum
865 1929 921 1960 hic
933 1929 993 1960 ali-

292 1973 349 2013 qui
367 1975 685 2016 comminiscuntur,
708 1978 798 2017 qnod
822 1978 867 2008 sit
887 1979 994 2018 magis

293 2023 336 2055 ad
353 2023 503 2054 mulieris
519 2025 658 2055 salivam
671 2034 710 2055 ac
727 2026 892 2065 palatum.
924 2019 994 2058 Sed

292 2073 373 2114 qnid
396 2073 506 2113 opus?
529 2083 604 2104 cum
622 2074 690 2105 tale
705 2074 749 2105 sit
774 2084 837 2115 per
859 2085 894 2106 se
911 2077 992 2107 Les·

292 2122 397 2159 bium,
427 2132 493 2164 quo
523 2123 533 2139 ‘
547 2124 675 2155 nullum
704 2128 788 2164 potu
818 2125 994 2164 suavius3'

290 2172 348 2218 cni
375 2171 523 2204 ἀτέλειαν
550 2173 741 2214 impertivit
767 2174 935 2215 Bacchus,
957 2176 992 2207 id

291 2227 358 2258 est,
372 2223 601 2254 immunitatem
611 2233 647 2254 ae
661 2223 868 2255 innocentiam
878 2235 889 2255 .·
901 2226 992 2266 quod

290 2274 541 2314 νεκταροσταγῆ,
561 2283 691 2305 manans
706 2276 843 2314 nectare,
858 2284 910 2305 am
917 2275 992 2306 bro-

291 2324 422 2364 siaeque
448 2324 589 2363 propius
617 2332 722 2364 quam
742 2324 830 2363 vino,
859 2328 992 2356 veteres

290 2372 340 2403 illi
355 2372 477 2414 passim
494 2378 669 2412 vocarunt,
680 2372 771 2412 apud
785 2372 991 2405 Athenaeum

290 2432 318 2455 1.
347 2426 401 2455 22.
432 2427 468 2455 et
498 2425 554 2454 23.
583 2424 649 2455 διο.
694 2422 796 2459 Vide,
825 2423 853 2454 si
876 2428 989 2463 vacat,

291 2473 383 2514 apud
399 2473 490 2506 Gen.
508 2481 596 2505 xiii.
608 2477 640 2504 5.
657 2472 809 2513 lepidum
825 2472 990 2505 Aristote-

289 2524 330 2554 lis
345 2529 546 2566 acutumque
561 2523 605 2555 de
619 2523 744 2554 Lesbio
767 2523 844 2555 vino
862 2523 989 2564 jndici-

291 2582 361 2611 um,
388 2583 454 2614 quo
479 2582 709 2606 successorem
738 2583 809 2605 snae
832 2573 989 2607 diatribae

291 2621 484 2662 designavit
499 2624 770 2664 Theophrastum
786 2633 806 2655 e
824 2623 946 2655 Lesbo·

333 2674 375 2703 22
400 2674 468 2703 Neo
489 2673 656 2705 Semeleius
680 2674 760 2705 Cum
780 2673 900 2713 Marte,
921 2672 990 2714 φη]

291 2723 369 2756 Nec
406 2724 546 2755 bibendi
579 2730 752 2757 certamen
790 2725 926 2756 desinet
955 2725 990 2755 iu

289 2782 421 2815 pugnas
435 2783 474 2807 ac
489 2774 589 2808 rixas.
623 2775 766 2807 semelae
789 2773 878 2807 filius
900 2773 988 2806 Bac-

1053 1230 1156 1261 chus:
1183 1240 1222 1262 ea
1238 1240 1338 1272 porro
1361 1230 1464 1262 etiam
1487 1228 1632 1270 Thyone
1647 1226 1754 1259 dicta.

1055 1279 1109 1310 Ne
1136 1285 1248 1312 tamen
1273 1281 1351 1312 inde
1375 1281 1550 1321 Thyoneum
1566 1278 1620 1310 bic
1635 1278 1753 1319 appel-

1052 1329 1114 1360 lari
1130 1329 1261 1366 credas,
1276 1339 1352 1361 cum
1369 1328 1543 1370 plui-ibus:
1560 1327 1646 1358 ‘olias
1663 1326 1750 1358 idem

1052 1377 1103 1409 bis
1121 1389 1300 1420 perperam
1317 1378 1460 1410 dixisset
1475 1374 1653 1433 Hunni-1*
1681 1377 1750 1408 Sed

1053 1428 1165 1467 potius
1195 1438 1215 1459 a
1242 1427 1313 1468 θύω,
1328 1429 1451 1466 ferveo,
1474 1428 1608 1466 insanio,
1633 1431 1751 1472 impetu

1039 1477 1303 1518 seror‚intellige
1317 1478 1516 1516 violentum,
1528 1477 1750 1517 petulantem,

1050 1528 1115 1558 διο.
1159 1527 1247 1559 Vide
1270 1527 1412 1559 Diodor.
1436 1527 1540 1558 Sicul.
1564 1535 1612 1558 ιν.
1629 1530 1661 1558 5.
1706 1526 1748 1558 Id

1050 1581 1115 1617 est,
1130 1577 1244 1609 vinum
1257 1578 1348 1609 istud
1363 1578 1523 1609 innocens
1539 1586 1605 1608 non
1619 1577 1751 1609 creabit

1050 1626 1264 1667 ebrietatem,
1292 1627 1466 1668 nullasque
1497 1626 1639 1666 proinde
1670 1636 1749 1658 con-

1051 1677 1216 1708 tentiones
1231 1687 1271 1709 ac
1290 1677 1475 1709 certamina
1489 1676 1596 1708 Marti
1611 1678 1750 1717 propria

1050 1726 1262 1766 provocabit.
1306 1726 1395 1758 Nam
1418 1725 1457 1757 τὸ
1473 1727 1627 1767 παροινεῖν
1643 1727 1678 1758 ἐκ
1691 1726 1750 1757 τοῦ

1048 1773 1177 1814 μεθύειν.
1193 1774 1322 1807 Athen.
1336 1775 1396 1807 lib.
1412 1783 1449 1807 x-

1091 1827 1132 1856 24
1157 1825 1226 1857 Nec
1253 1832 1368 1857 metues
1390 1830 1569 1866 protervum
1598 1826 1749 1867 Suspecta

1053 1875 1183 1917 Cyrum]
1220 1876 1330 1917 Cyrus
1365 1876 1431 1908 iste
1458 1876 1596 1908 Horatii
1626 1876 1751 1916 rivalis,

1049 1925 1250 1967 Tyndaridis
1283 1930 1398 1958 autem
1435 1927 1491 1957 vel
1523 1925 1663 1961 amicus,
1693 1927 1747 1958 vel

1049 1975 1153 2007 etiam
1170 1977 1326 2017 maritus,
1335 1986 1401 2008 non
1416 1976 1504 2008 bene
1520 1985 1597 2008 cnm
1612 1985 1653 2008 ea
1668 1986 1748 2008 con-

1047 2027 1208 2057 sentiens.
1270 2027 1337 2059 Qui
1364 2027 1500 2068 quidem
1531 2027 1559 2058 si
1586 2027 1748 2059 rescisset

1047 2083 1123 2104 cum
1152 2075 1219 2105 alio
1245 2074 1460 2107 familiariter
1487 2076 1628 2114 versari,
1656 2076 1746 2108 haud

1047 2133 1147 2164 aequo
1178 2124 1313 2156 tulisset
1341 2126 1467 2162 animo,
1487 2124 1548 2156 sed
1574 2126 1746 2166 zelotypia

1046 2182 1221 2214 accensus,
1244 2178 1305 2205 aut
1330 2174 1425 2205 velut
1453 2174 1487 2205 in
1509 2183 1605 2205 suam
1625 2184 1745 2207 manus

1045 2223 1230 2264 injecisset,
1246 2229 1305 2255 aut
1320 2224 1423 2255 etiam
1440 2223 1581 2255 verbera
1595 2224 1745 2257 intents-

1046 2278 1112 2314 ret,
1127 2279 1227 2315 rupta
1242 2274 1412 2306 convivali
1435 2283 1570 2311 corona,
1594 2275 1744 2306 lacerata

1046 2326 1140 2354 veste
1155 2323 1247 2354 ultus
1269 2322 1472 2355 adulterium
1493 2322 1581 2365 quod
1595 2323 1746 2364 suspica-

1045 2376 1148 2404 retur.

1085 2425 1126 2453 26
1152 2423 1240 2454 Male
1253 2423 1388 2464 dispari]
1411 2422 1549 2455 Viribus
1563 2423 1684 2464 impari
1699 2423 1740 2454 ad

1043 2470 1279 2513 resistendum,
1314 2473 1471 2514 ictusque
1509 2471 1739 2504 declinandos.

1043 2523 1108 2554 Vel
1124 2523 1274 2555 moribus
1298 2524 1399 2564 plane
1425 2523 1582 2565 diversis,
1597 2528 1635 2555 ut
1651 2524 1739 2564 Tyn-

1043 2572 1131 2604 daris
1151 2572 1266 2614 lepida
1286 2573 1470 2614 hilarisque
1491 2570 1607 2608 fuerit,
1631 2573 1740 2614 Cyrus

1043 2624 1149 2656 tristis
1172 2634 1326 2656 morosus
1350 2634 1390 2655 ac
1410 2623 1527 2656 ferox:
1558 2624 1648 2656 unde
1672 2634 1739 2657 non

1042 2673 1130 2706 ferat
1153 2674 1228 2714 ejus
1248 2674 1420 2715 ingenium
1436 2683 1476 2706 ac
1492 2674 1628 2706 vivendi
1643 2674 1738 2707 insti-

1042 2729 1164 2757 tutum.

1083 2777 1126 2807 26
1147 2774 1277 2814 Injiciat
1291 2775 1416 2816 mnus]
1442 2775 1524 2808 Jure
1544 2774 1608 2807 sibi
1632 2773 1732 2826 vindis
