1916 3190
652 228 717 260 nn
749 227 934 260 unlus
966 226 1194 259 nonnul.
1588 221 1647 261 45

370 323 443 356 Aut
455 323 649 365 Ephe—w
673 331 749 353 sum
763 321 947 356 bima-w
976 322 1067 354 risve
1081 321 1224 354 Com
1251 319 1424 352 rimini--

627 382 679 388 ‘⁸‘
720 380 799 398 *w
840 382 895 388 ··“
935 380 1015 398 ‘w
1055 380 1136 397 “W
1179 379 1233 386 ‘²‘

679 421 759 440 “W
803 422 881 440 ‘w
923 422 1002 440 -W
1044 423 1099 429 ‘'-

203 459 364 510 Septimi
382 461 536 512 generis
557 459 659 498 Odae
678 462 719 498 3.
1572 466 1576 469 “

253 521 337 561 Lib.
359 535 390 560 1.
411 522 499 561 Ode
563 524 602 562 ⁷.
632 522 867 562 Laudabunt
884 520 948 559 alii
967 519 1114 558 claram
1131 518 1316 565 Rhodon,
1332 526 1399 558 aut
1414 520 1644 572 Mitylenen.

536 587 603 623 28.
630 586 685 624 Te
702 585 818 624 maris
848 590 889 622 et
913 591 1027 622 terroe
1051 594 1292 633 numeroque
1313 584 1482 622 carentis
1501 597 1643 624 arenae.

250 647 378 699 Epod.
514 661 600 687 xu.
630 648 737 693 Quid
752 647 821 686 tibi
833 647 908 693 vis,
919 645 1058 684 mulier
1072 645 1194 697 nigris
1209 645 1441 697 dignissima
1453 648 1590 686 barris.

250 742 471 782 Ocnvun
498 756 671 782 onnus:
701 750 746 782 ut
779 757 810 782 1.
840 742 919 781 Od.
950 748 988 782 8.
1015 755 1104 793 quoe
1123 748 1185 780 est
1215 740 1378 781 Dicolos
1398 742 1643 795 Distrophos.

196 806 351 845 Primus
383 807 549 859 quisque
582 819 715 846 versus
742 813 805 846 est
832 804 1133 856 Aristophanius
1166 804 1339 844 Dimeter
1365 805 1642 845 Acatalectus:

196 876 383 909 constans
397 883 419 909 e
440 870 688 917 choriambo,
708 877 748 909 et
765 869 952 915 Bacchio‚
972 869 1053 907 sive
1071 868 1349 919 Amphimacro
1365 882 1375 912 ;
1406 869 1481 908 hoc
1500 869 1617 908 modo
1634 884 1642 907 :

579 950 688 992 Lydia
702 949 758 982 dic
772 964 879 984 -υυ-
906 958 968 991 per
982 958 1098 981 omnes
1111 964 1142 982 υ
1151 966 1172 971 -
1182 966 1204 971 -

250 1023 456 1062 Secundus
478 1029 606 1062 autem
623 1023 789 1073 quisque
809 1029 870 1060 est
889 1021 1185 1059 Cher-iambicus
1205 1021 1388 1060 Alcaicus
1406 1022 1644 1062 Tetrameter

196 1086 448 1124 Acatalectus
463 1099 476 1130 ς
493 1092 680 1124 constans
701 1097 751 1122 ex
762 1083 927 1135 Epitrito
944 1082 1138 1130 secundo,
1157 1083 1311 1123 duobus
1327 1085 1585 1133 Choriambis,
1604 1094 1644 1125 et

196 1148 383 1194 Bacchio,
400 1149 480 1187 sive
499 1147 812 1199 Amphffiracho:
834 1146 908 1184 hoc
927 1145 1046 1184 modo
1062 1158 1072 1184 :

258 1227 307 1259 Te
322 1228 418 1260 Deos
430 1237 451 1260 ο
465 1243 568 1261 -υ--
594 1236 632 1258 ro
646 1225 792 1267 Sybarin
808 1241 906 1259 -w-
934 1234 996 1258 cur
1011 1232 1176 1266 properes
1189 1240 1288 1258 -w-
1301 1225 1446 1257 amando
1460 1242 1538 1259 0--

601 1283 819 1343 Wvss'
829 1325 927 1343 w
971 1325 1070 1343 w
1110 1325 1161 1342 „-
1170 1327 1191 1332 -

197 1374 336 1413 Octavi
354 1375 505 1426 generis
526 1373 613 1412 Ode
633 1373 761 1412 unica.

248 1438 332 1477 Lib.
355 1451 387 1477 1.
433 1437 522 1476 Ode
537 1440 573 1477 8.
604 1437 727 1489 Lydia
744 1436 823 1483 dic,
841 1449 910 1487 per
929 1448 1077 1474 omnes.

249 1532 413 1572 Nonou
434 1545 605 1573 onnus:
633 1539 679 1570 ut
698 1546 727 1571 1.
750 1530 829 1569 Od.
848 1531 887 1569 9.
920 1544 1009 1582 quae
1034 1539 1095 1570 est
1120 1530 1296 1570 Tricolos
1324 1532 1638 1585 Tetrastrophos.

195 1594 314 1634 Primi
332 1597 475 1647 quique
499 1595 579 1634 duo
609 1608 744 1634 versus
777 1600 870 1632 sunt
901 1593 1095 1645 Dactylici
1123 1594 1273 1633 Alcaici
1303 1596 1540 1635 Acatalecti:
1574 1597 1640 1647 qui

195 1665 377 1696 constant
393 1672 442 1697 ex
460 1658 759 1697 Penthemimeri
773 1657 957 1705 Iambica,
971 1657 1012 1695 id
1031 1665 1105 1703 est,
1120 1671 1169 1695 ex
1192 1658 1341 1704 lambo,
1353 1659 1415 1696 vel
1427 1659 1639 1710 Spondae0‚

196 1721 329 1759 lambo
347 1728 385 1760 et
405 1721 568 1773 syllaba,
588 1735 676 1772 quae
695 1721 835 1759 dicitur
854 1721 1041 1758 Caesura:
1065 1720 1208 1758 deinde
1228 1733 1249 1758 e
1270 1721 1424 1759 duobus
1446 1722 1640 1773 Dactylis,

196 1784 256 1821 vel
275 1784 410 1822 ultimo
429 1785 702 1835 Amphimacro
718 1797 728 1827 ;
762 1784 839 1822 hoc
859 1783 975 1821 modo
992 1796 1002 1821 :

280 1856 387 1888 Vides
400 1874 450 1890 υ-
481 1862 519 1889 nt
533 1858 564 1888 al
577 1874 627 1890 υ-
655 1862 692 1888 ta
706 1875 725 1880 -
756 1861 825 1889 stet
842 1857 920 1888 nive
934 1872 1011 1890 -w
1038 1856 1220 1889 candidum
1234 1873 1313 1891 -w

281 1899 366 1930 Sora
377 1915 427 1932 υ-
455 1904 524 1935 ete,
540 1909 605 1931 nec
618 1915 670 1932 υ-
691 1899 764 1940 jam
778 1917 801 1922 -
816 1899 948 1931 sustine
961 1914 1039 1932 -w
1052 1904 1114 1930 ant
1127 1909 1212 1930 onus
1225 1915 1302 1932 -υυ

250 1971 401 2010 Tertius
421 1979 550 2011 autem
569 1972 736 2023 quisque
760 1980 822 2010 est
846 1972 1040 2010 Iambicus
1059 1972 1331 2012 Archilochius
1351 1973 1527 2012 Dimeter
1554 1974 1639 2026 Hy-

194 2034 501 2086 percatalectus:
534 2042 721 2074 constans
739 2042 907 2087 quatuor
924 2035 1113 2086 pedibus:
1146 2036 1268 2086 primo
1284 2041 1323 2074 et
1341 2038 1467 2084 tertio,
1489 2039 1637 2084 lambo,

194 2097 256 2135 vel
269 2097 490 2148 Spondaeo:
512 2099 688 2137 secundo
702 2106 743 2138 et
757 2106 909 2150 quarto,
920 2099 1055 2138 Iambo
1075 2098 1281 2146 duntaxat,
1297 2099 1440 2138 deinde
1460 2109 1639 2152 superest

194 2160 366 2212 syllaba;
396 2161 471 2200 hoc
490 2161 631 2200 modo:
746 2162 749 2163 ⁷

361 2235 475 2275 Sylvae
489 2252 539 2258 —-
552 2234 630 2266 labo
643 2251 693 2268 υ-
721 2238 836 2267 rsntes
850 2253 872 2258 -
881 2253 902 2257 —
917 2235 997 2285 gelu
1010 2252 1062 2268 υ-
1091 2245 1158 2277 que
1171 2252 1200 2269 υ

246 2309 417 2353 Quartus
444 2315 572 2348 autem
604 2309 770 2361 quisque
798 2316 860 2348 est
888 2308 1116 2362 Dactylicus
1146 2310 1330 2349 Alcaicus
1360 2311 1634 2350 Aeatalectus:

193 2378 378 2410 constans
396 2385 445 2410 ex
461 2372 636 2410 Dimetro
648 2372 832 2419 Hernico,
844 2379 884 2411 et
895 2372 1071 2411 Dimetro
1088 2373 1327 2416 Trochaico;
1348 2373 1389 2411 id
1408 2382 1481 2420 est,
1496 2387 1518 2411 e
1538 2374 1636 2412 duo-

191 2436 264 2473 bos
302 2435 495 2487 Dactylis‚
527 2442 568 2474 et
598 2435 751 2474 duobus
780 2435 1005 2475 Trochaeis:
1038 2436 1100 2474 vel
1132 2436 1271 2475 ultimo
1304 2436 1524 2487 Spondaeo;
1559 2437 1634 2475 hoc

194 2497 337 2537 modo:

362 2572 517 2604 Flumina
531 2588 611 2606 -υυ
636 2573 787 2606 constite
801 2589 878 2606 -w
907 2573 977 2604 rint
991 2582 1012 2604 a
1025 2589 1079 2605 -υ
1105 2576 1186 2603 cuto
1199 2590 1222 2594 -
1231 2590 1254 2594 —
