1916 3190
260 235 345 278 410
741 250 787 287 Q.
816 247 1030 279 Ηοιῑᾼτιι
1065 247 1241 280 ηΑοοῐ

488 341 677 384 Retorta
697 346 817 394 tergo
836 340 1016 382 brachia
1034 340 1188 390 libere,

544 409 795 462 Portasque
815 419 902 448 non
921 407 1116 458 clausas,
1136 410 1179 448 et
1198 419 1306 448 arva

606 475 753 516 Marte
773 474 861 516 coli
882 474 1098 527 populata
1116 478 1290 516 nostro.

488 541 614 583 Auro
630 554 839 596 repensus
859 541 1032 583 scilicet
1051 541 1195 582 acrior

488 607 622 649 Miles
642 609 825 650 redibit:
857 609 1027 661 flagitio
1048 607 1213 650 additis

547 676 785 717 Damnum.
847 675 1009 729 Neque
1030 675 1224 716 amissos
1245 674 1416 716 colores

601 742 725 784 Lana
746 743 876 784 refert
895 742 1118 783 medicata
1137 741 1272 783 fuco:

259 865 331 905 Ego
345 866 460 898 civium
476 867 686 900 Romanorum
700 868 848 908 conspexi
861 877 970 899 manus
980 870 1048 907 post
1062 868 1188 898 dorsum
1202 867 1371 906 ingenuum
1380 866 1520 898 inversas
1531 876 1544 903 ;
1567 869 1597 896 et
1610 867 1717 905 portae

257 912 383 948 apertas
397 921 409 946 ;
435 914 465 942 et
487 920 583 950 agros
595 911 682 942 arari
695 911 812 942 nostris
831 910 930 942 armis
950 910 1040 950 paulo
1060 913 1134 941 ante
1159 910 1345 941 devastatas.
1390 908 1551 940 Nimirum
1563 909 1717 939 redemtus

256 960 334 982 auro
355 952 443 984 miles
463 954 632 985 animosior
643 953 727 995 fiet.-
749 953 842 984 immo
865 951 992 983 crimini
1005 951 1148 991 jungitis
1169 953 1398 983 detrimentum.
1446 952 1511 983 Nec
1523 950 1718 992 deperditum

868 1036 1104 1049 ‘mmm‘

259 1101 343 1132 item
361 1100 464 1132 Fabr.
479 1101 599 1142 Steph.
615 1102 776 1142 Rutgers.
793 1106 830 1134 et
845 1102 935 1134 Sivr.
958 1101 1019 1133 sed
1035 1100 1223 1134 Lambinus
1240 1100 1374 1133 emend.
1391 1101 1545 1141 Der-epto,
1560 1103 1596 1131 et
1610 1098 1662 1130 sic
1675 1098 1718 1131 '1¹4

259 1143 343 1175 Fab.
361 1144 490 1175 Dacer.
507 1144 628 1176 Heins.
644 1145 760 1177 Burm.
776 1145 894 1177 Bentl.
911 1145 1060 1185 Cuniug.
1074 1144 1201 1176 Sanad.
1223 1144 1329 1177 Gesn.
1354 1144 1463 1175 Zeun.
1483 1142 1605 1176 Jones.
1621 1140 1717 1178 Jaui,

258 1186 400 1227 Bipont.
426 1186 566 1219 Mitsch.
582 1187 728 1219 Wetzel.
746 1186 883 1220 Wakef.
908 1187 1029 1219 Comb.
1051 1191 1088 1219 et
1107 1187 1216 1220 Kidd.
1242 1191 1279 1219 et
1300 1187 1374 1228 Jam
1399 1186 1453 1218 ita
1475 1185 1576 1217 codd.
1603 1182 1717 1216 Pulm-

260 1228 439 1261 Gemblac.
454 1232 485 1260 2.
503 1229 597 1270 Lips.
610 1232 644 1262 2.
659 1233 692 1262 4.
709 1234 744 1261 et
761 1229 849 1261 Altt.
864 1234 894 1262 l.
904 1232 937 1262 2.
953 1230 1036 1262 item
1054 1230 1134 1262 Nic.
1150 1229 1315 1262 Heinsius
1331 1229 1372 1261 ad
1385 1227 1490 1261 ovid.
1503 1227 1592 1259 Met.
1605 1235 1648 1258 u.
1659 1227 1716 1257 ⁵2.

258 1270 348 1302 Vide
363 1271 406 1302 ad
420 1271 488 1302 Od.
504 1279 638 1305 xxvnr.
655 1276 688 1304 6.
720 1273 854 1304 Directa
869 1273 950 1305 Vet.
966 1272 1086 1304 Comb.
1116 1273 1238 1314 Erepto
1253 1272 1344 1314 conj.
1359 1270 1478 1304 Lamb.
1501 1271 1637 1311 Arrepto
1660 1269 1718 1300 ha-

258 1313 320 1345 bet
335 1313 498 1346 Jannoct.
516 1315 693 1354 Lambini3
717 1316 807 1347 unde
821 1316 982 1347 Torrent.
997 1315 1087 1356 conj.
1102 1315 1225 1356 Arepta
1240 1325 1302 1356 pro
1316 1314 1555 1356 Almanam—23
1577 1311 1675 1343 Harl.
1687 1313 1718 1343 1.

260 1355 441 1396 antiquiss.
459 1357 583 1389 Bland.
602 1358 757 1398 Cruquii,
773 1357 846 1389 Alt.
866 1361 894 1389 l.
917 1362 953 1389 et
977 1358 1123 1398 Cuning.
1145 1359 1257 1390 clusas.
1303 1362 1312 1375 ‘
1326 1357 1412 1389 Eam
1435 1356 1610 1397 antiquam
1635 1353 1717 1384 doc-

261 1403 401 1439 tamque
418 1398 575 1438 formam,
592 1409 655 1440 pro
673 1401 802 1440 vulgari
817 1401 949 1440 clausas,
963 1400 997 1431 in
1013 1404 1182 1431 contextu
1198 1399 1335 1440 praetnli
1349 1409 1358 1437 ;
1371 1408 1447 1441 quae
1461 1402 1499 1430 et
1514 1397 1598 1428 mire
1614 1395 1718 1427 decet

261 1440 494 1472 venerabilem
520 1442 686 1481 Regulum
701 1442 720 1472 !’
742 1442 923 1473 Jam'.—26
945 1441 1089 1473 Ascens.
1120 1441 1400 1482 Rutgers.'Fab.
1434 1439 1551 1472 Bentl.
1591 1439 1716 1470 Dacer.

258 1481 375 1514 Jones.
394 1488 430 1514 et
445 1483 573 1515 Sanad.
588 1484 728 1515 redibit?
749 1484 968 1525 improbante
983 1484 1164 1517 ,ἰωῇ-27
1185 1485 1251 1515 Nec
1263 1483 1392 1515 amissos
1406 1491 1491 1514 nnus
1504 1479 1717 1516 Bersmanni,

259 1531 296 1556 et
313 1526 461 1567 Franeq.
478 1526 554 1557 Non
568 1527 698 1558 amissos
715 1527 808 1568 Lips.
822 1528 943 1559 4.-28
953 1527 1101 1559 Mentel.
1114 1526 1270 1558 medicata
1283 1536 1372 1558 succo
1382 1535 1396 1564 ,·
1418 1524 1513 1566 Lips.
1529 1527 1560 1556 1.
1575 1533 1617 1555 m.
1632 1531 1717 1554 suco.

916 1612 1061 1645 NOTAE

301 1677 343 1707 23
367 1674 543 1716 Parcasque
559 1686 620 1707 non
640 1678 774 1716 clausas,
786 1677 855 1718 esa]
876 1677 960 1709 Vidi

258 1730 295 1757 et
309 1726 524 1767 Carthaginis
549 1731 665 1768 portas
682 1738 753 1768 prae
775 1729 960 1760 securitate

258 1786 325 1807 non
354 1777 498 1818 clausas,
529 1778 624 1809 velut
655 1778 690 1809 in
719 1777 833 1810 media
862 1787 962 1820 pace,

259 1826 346 1858 adeo
363 1828 480 1868 procul
495 1827 617 1860 aberat
632 1829 740 1860 omnis
757 1828 871 1861 metus
885 1829 960 1861 lios-

256 1876 340 1917 tilis,
369 1881 447 1918 post
480 1877 611 1909 cladem
641 1878 749 1910 nostri
777 1878 964 1918 exercitus,

256 1936 427 1968 agrosque
452 1927 560 1959 libere
587 1930 675 1960 arari
703 1934 741 1960 et
766 1929 855 1969 coli;
878 1939 963 1971 qnos

258 1980 373 2008 tamen
386 1978 488 2018 paulo
510 1983 589 2010 ante
603 1979 705 2011 armis
718 1979 876 2020 populati
891 1978 962 2011 fue-

257 2035 383 2057 ramus.
435 2027 524 2059 Flor.
550 2037 591 2061 11.
606 2032 638 2060 2.
660 2032 670 2047 ‘
684 2030 735 2061 M.
754 2029 879 2062 Attilio
894 2030 962 2062 Re-

257 2076 336 2115 gulo
351 2074 439 2107 duce
448 2077 521 2116 jam
546 2077 579 2108 in
604 2078 759 2111 Africam
779 2079 964 2120 navigabat

257 2124 386 2156 bellum
403 2146 413 2155 .
431 2146 440 2155 .
457 2146 467 2156 .
483 2145 493 2155 .
511 2127 620 2157 ventis
642 2129 811 2169 remisque
837 2138 962 2170 prope-

258 2177 370 2205 ratum
394 2178 468 2213 est;
490 2178 674 2216 tantusque
701 2180 814 2208 terror
838 2177 962 2209 hostici

257 2224 425 2258 adventus
441 2224 558 2256 Poenis
573 2223 653 2264 fuit,
669 2230 707 2256 ut
720 2226 848 2266 apertis
864 2236 962 2267 paene

258 2273 368 2314 portis
394 2274 567 2315 Carthago
593 2279 776 2315 caperetur
793 2298 803 2307 .
819 2297 829 2306 .
845 2297 854 2307 .
873 2298 881 2307 .
897 2285 962 2307 nec

258 2333 335 2355 eum
365 2323 568 2364 hominibus,
602 2324 664 2355 sed
699 2334 775 2357 cum
804 2324 961 2356 monstris

259 2383 395 2415 quoque
411 2373 609 2406 dimicatum
633 2378 688 2405 est
703 2396 713 2406 .
727 2383 743 2405 .·
753 2394 764 2404 .
779 2395 789 2405 .
807 2373 878 2406 Sed
892 2383 961 2406 orn-

258 2425 351 2455 nium
374 2423 484 2456 victor
509 2424 662 2465 Regulus
687 2433 763 2456 cum
792 2429 960 2456 terrorem

259 2474 405 2506 nominis
417 2475 469 2506 sui
484 2474 553 2506 late
575 2474 844 2507 circumtulisset
847 2495 962 2513 .....

260 2526 502 2566 Carthaginem
518 2525 598 2557 belli
614 2530 720 2566 caput
736 2525 883 2566 urgebat
902 2526 960 2558 ob-

260 2575 361 2614 sidio,
373 2577 526 2617 ipsisque
542 2576 650 2617 portis
665 2575 880 2616 inum-ebat,'
895 2578 960 2608 διο.

304 2629 344 2656 25
371 2625 459 2656 Auro
477 2635 622 2666 repensus
636 2626 766 2666 scilicet,
781 2625 854 2668 ξι]
887 2626 961 2658 Iro·

260 2674 348 2707 nice.
383 2675 572 2707 Redemtus
596 2677 732 2708 scilicet
746 2677 894 2708 milesia
916 2677 962 2708 al-

262 2731 337 2756 tero
353 2726 539 2757 certamine
564 2725 687 2757 fortior
702 2731 739 2758 et
756 2726 869 2758 acrior
885 2726 964 2758 erit.

263 2775 426 2817 Quisquis
454 2776 515 2806 hoc
541 2782 671 2817 sperat,
697 2779 825 2818 quanto
851 2786 963 2808 versa·

1015 1682 1072 1709 tur
1086 1677 1120 1709 in
1135 1677 1273 1708 errore?
1295 1679 1333 1708 et
1347 1675 1496 1717 pretium
1518 1673 1716 1716 disperdere

1014 1733 1079 1768 est,
1103 1733 1140 1760 et
1162 1728 1332 1768 ignaviam
1354 1734 1482 1766 angere
1505 1729 1609 1766 atque
1629 1723 1718 1756 infa-

1014 1778 1127 1810 miam.
1152 1778 1335 1810 Enimvero
1349 1777 1438 1808 sicut
1450 1774 1608 1821 mefites
1621 1773 1719 1806 medi-

1014 1831 1086 1861 cata
1114 1829 1296 1873 genuinum
1326 1831 1363 1859 et
1387 1826 1541 1858 nativum
1565 1825 1716 1856 colorem

1017 1889 1078 1910 seu
1103 1879 1288 1911 candorem
1306 1877 1466 1910 amissum
1478 1884 1651 1916 nunquam
1666 1883 1720 1906 re-

1016 1933 1172 1969 cuperat,
1187 1929 1236 1960 ita
1261 1929 1372 1960 virtus
1393 1926 1500 1959 semel
1525 1923 1720 1958 deformata

1017 1983 1053 2010 et
1074 1977 1205 2010 detrita
1227 1977 1270 2009 ad
1296 1976 1479 2019 pristinum
1499 1973 1718 2016 splendorem

1017 2037 1187 2069 nunquam
1202 2027 1306 2067 redit,
1328 2035 1394 2058 nee
1410 2027 1592 2066 reparatur
1613 2023 1650 2056 in
1673 2023 1718 2056 iis

1017 2077 1076 2118 qui
1093 2086 1156 2118 per
1170 2076 1329 2108 inertiam
1345 2079 1383 2108 et
1405 2073 1596 2107 socordiam
1620 2073 1720 2106 dets-

1016 2127 1123 2158 riores
1149 2125 1234 2158 facti
1262 2125 1404 2158 fuerint.
1449 2125 1573 2167 Virgil.
1602 2129 1719 2158 tanen

1016 2181 1137 2208 contra
1149 2176 1271 2208 scribit
1283 2175 1413 2207 AEneid.
1423 2184 1468 2207 ιι.
1477 2177 1552 2208 367.
1575 2179 1585 2194 ·
1599 2175 1718 2209 Quon-

1016 2225 1095 2257 dam
1117 2226 1221 2257 etiam
1245 2225 1343 2257 victis
1369 2224 1460 2256 redit
1474 2225 1510 2256 in
1524 2222 1718 2266 praecordis

1017 2275 1147 2305 virtus)

1058 2325 1232 2366 Repeneus]
1254 2325 1311 2356 AEs
1327 2325 1406 2356 olim
1426 2333 1494 2356 nou
1516 2323 1716 2356 numen-ubs-

1015 2379 1072 2407 tur
1089 2380 1125 2406 ut
1140 2383 1242 2413 nunc,
1258 2373 1318 2405 sed
1335 2373 1564 2414 pendebatur.

1055 2427 1098 2457 28
1123 2424 1221 2464 Fuco]
1245 2423 1358 2454 Fnens
1380 2422 1485 2454 herba
1506 2427 1559 2454 est
1583 2423 1716 2455 marina

1014 2474 1166 2506 vestibus
1176 2472 1345 2515 tingendis
1353 2471 1486 2504 idonea.
1504 2472 1595 2505 Prin·
1609 2481 1716 2505 xxvi.

1015 2527 1068 2557 10.
1105 2524 1210 2555 ‘Tria
1232 2526 1312 2554 seint
1336 2531 1484 2563 genera:
1509 2522 1715 2562 latum,lou«

1016 2575 1104 2617 gius,
1127 2574 1374 2616 quadamtenus
1396 2572 1543 2604 rubens:
1573 2573 1716 2608 tertium

1014 2624 1134 2666 crispis
1145 2623 1247 2663 foliis,
1264 2632 1330 2665 quo
1345 2624 1378 2654 in
1395 2622 1500 2654 Creta
1522 2627 1634 2654 vestes
1648 2623 1716 2655 tin-

1015 2682 1164 2716 guntnr;
1185 2674 1297 2706 omnia
1319 2672 1471 2714 ejusdem
1494 2676 1600 2706 usus-³
1626 2673 1715 2716 cap.

1016 2729 1068 2759 12.
1084 2726 1093 2743 ‘
1108 2725 1222 2758 fucum
1239 2723 1356 2756 maris'
1374 2723 1534 2765 appellat.
