1916 3190
245 211 334 255 328

725 230 769 270 Q.
801 229 1015 262 nonam
1050 233 1231 266 nacor

531 319 731 366 Extenta
750 326 946 368 visentur
965 326 1160 371 Lucrino

594 390 761 444 Stagna
780 392 908 452 lacu3
938 395 1237 451 platanusque
1258 397 1424 440 coelebs

475 454 661 499 Evincet
680 454 848 502 ulmos‘:
880 462 1196 515 tumviolaria,
1217 469 1262 506 et
1679 470 1710 510 5

249 573 307 604 que
332 565 458 598 venient
478 571 651 609 spectatum
673 574 788 612 stagna
802 572 904 613 magis
917 573 1068 615 spatiosa,
1081 570 1173 616 quam
1186 576 1229 608 sit
1243 576 1331 608 lacus
1344 576 1512 608 mm.
1557 574 1712 607 Platona·

859 667 899 679 θ’

249 732 334 763 mum
345 725 419 759 Alt.
434 728 602 769 probante
615 730 708 765 Jani.
743 743 794 765 am
810 732 942 766 violaria
957 735 1091 767 emend.
1105 735 1210 768 With.
1225 736 1281 768 hic
1299 741 1336 768 et
1352 746 1401 769 vs.
1415 738 1448 768 9.
1469 733 1603 767 violaria
1618 733 1714 774 Myr-

908 830 943 862 N
947 830 1051 863 0¹1¹AE

253 897 407 930 diversos
446 909 566 942 greges
599 904 766 944 separatis
808 903 955 936 molibus

252 949 480 982 includendo:
505 957 544 983 ut
561 953 655 984 nulla
671 958 740 986 tam
763 964 855 987 saeva
871 960 956 986 tem·

254 1003 371 1039 pestas
412 999 595 1042 incideret,
623 1013 691 1044 qna
728 1013 796 1035 non
835 1004 956 1036 Oratae

253 1058 371 1080 mensa
388 1049 556 1082 varietate
581 1050 790 1085 ferculorum
808 1055 957 1087 abunda-

254 1104 316 1131 ret.
363 1098 529 1132 AEdifieiis
551 1102 655 1134 etiam
671 1104 829 1144 spatiosis
846 1110 882 1137 et
897 1115 956 1137 ex-

253 1150 356 1182 celsis
379 1150 516 1183 deserta
539 1152 581 1184 ad
601 1153 636 1184 id
661 1158 796 1196 tempus
814 1165 875 1188 ora
891 1157 958 1188 Lu-

255 1199 342 1231 crini
358 1200 452 1232 lacus
473 1202 622 1242 pressit,'
635 1205 699 1236 διο.

299 1253 318 1282 3
335 1251 474 1283 Lucrino
490 1252 574 1293 lacu]
599 1254 667 1285 Hic
684 1259 720 1286 et
735 1255 886 1287 Baianus
903 1266 962 1298 ap-

257 1301 467 1341 pellabatur,
482 1302 574 1335 inter
583 1303 746 1336 Puteolos
759 1311 794 1337 et
806 1306 908 1338 Baias
919 1307 961 1338 si-

259 1355 324 1391 tus,
340 1361 380 1383 ac
397 1351 488 1383 inter
503 1352 678 1386 Avernum
694 1355 804 1387 lacum
821 1360 856 1388 et
871 1366 963 1388 mare

259 1401 492 1441 Tyrrhenum:
528 1404 677 1435 maxime
719 1405 884 1445 piscosus,
928 1410 964 1438 et

259 1451 405 1491 proinde
433 1450 580 1484 afferens
609 1454 762 1486 lucrum:
795 1455 874 1487 hinc
904 1466 966 1487 no-

259 1510 350 1533 men.
383 1502 441 1533 Ita
453 1502 590 1543 quidem
603 1504 703 1536 olim:
721 1508 756 1537 at
767 1515 855 1538 anno
868 1509 964 1538 1538.

261 1556 365 1583 terrae
381 1557 493 1584 motus
506 1563 631 1586 novum
647 1555 814 1588 excitavit
827 1557 965 1589 extulit·

263 1611 330 1643 que
355 1607 507 1635 montem
535 1604 718 1637 cinereum
739 1591 889 1638 dicium:
913 1606 964 1638 ni-

261 1651 377 1694 hilque
393 1653 530 1695 reliquit
547 1664 566 1686 e
584 1656 659 1687 lacn
677 1655 823 1689 Lucrino
838 1661 966 1697 praeter

264 1713 436 1736 coenosam
464 1706 623 1745 paludem
648 1717 723 1738 cum
750 1707 967 1745 arundineto,

264 1754 353 1795 quod
371 1755 507 1796 quidem
532 1757 566 1787 in
589 1767 651 1788 suo
668 1758 794 1790 Lexico
820 1757 970 1790 affirmat

264 1805 418 1836 Michael
449 1805 578 1838 Anton.
602 1807 830 1839 Baudrandus
853 1818 967 1840 rerum

265 1855 583 1897 Geographicarum
600 1858 879 1898 studiosissimus,
901 1862 970 1890 tes·

265 1905 377 1946 tisque
404 1908 571 1939 oculatus.
615 1908 739 1940 Strabo
764 1909 822 1941 lib.
842 1919 878 1941 v.
901 1914 969 1941 sta-

265 1954 331 1984 diis
348 1960 426 1986 octo
442 1957 579 1996 longum
596 1956 701 1989 fuisse
720 1957 841 1989 refert.
886 1959 970 1990 Sue-

266 2007 336 2034 ton.
354 2003 444 2042 Aug.
471 2015 549 2046 cap.
567 2010 618 2038 16.
642 2008 651 2024 ‘
668 2008 814 2039 Portum
839 2008 969 2052 Juliurn

266 2055 359 2094 apud
381 2055 497 2095 Baias,
512 2056 660 2088 immisso
676 2058 710 2088 in
732 2059 912 2090 Lucrinum
934 2065 971 2090 et

266 2105 441 2136 Avernum
458 2106 567 2138 lacum
589 2109 688 2148 mari,
711 2106 851 2140 effecit!
895 2108 970 2139 Vir-

269 2155 328 2196 gil.
360 2155 491 2195 Georg.
519 2165 560 2187 n.
590 2159 663 2188 161.
687 2157 698 2174 ‘
715 2156 770 2187 An
787 2166 970 2189 memorem

269 2208 400 2248 portus,
422 2206 640 2247 Lucrinoque
667 2207 786 2239 addita
810 2209 973 2247 claustra,

269 2253 389 2301 Atrine
402 2258 613 2299 indignatum
626 2258 757 2300 magnis
769 2259 974 2291 stridoribus

271 2317 388 2351 aequor
396 2308 419 2340 ?’
435 2312 499 2341 &c.

311 2362 333 2391 4
356 2359 574 2400 platanusque
589 2358 696 2391 coelebs
710 2359 843 2391 Evincet
859 2360 970 2401 ulmos]

269 2409 424 2443 Arbores
437 2410 479 2441 ad
495 2409 662 2450 umbram,
674 2409 826 2449 delicias,
839 2414 876 2442 et
892 2411 972 2442 rnol-

268 2460 378 2492 litiem
405 2459 573 2491 duntaxat
595 2459 699 2491 utiles
721 2458 895 2501 frugiferis
918 2469 971 2492 ar-

270 2510 409 2543 boribus
437 2509 679 2551 praet'erentnr.
733 2510 825 2542 Plin.
849 2520 918 2543 xn.
941 2514 973 2543 1.

271 2560 281 2577 ⁴
299 2560 386 2592 Quis
412 2569 478 2591 non
502 2561 645 2592 miretur
666 2560 823 2592 arborem
844 2561 972 2593 umbrae

271 2609 385 2650 gratia
401 2614 534 2642 tantum
554 2620 597 2642 ex
619 2611 685 2643 alio
707 2611 851 2652 petitam
868 2611 973 2644 orbe?

273 2659 433 2699 platanus
449 2660 522 2692 lraec
536 2666 672 2703 est,per
686 2671 779 2693 mare
790 2661 922 2695 Ionium
939 2662 973 2694 in

271 2709 452 2741 Diomedis
482 2710 624 2744 insulam
661 2712 816 2753 ejusdem
855 2713 975 2746 tumuli

272 2760 387 2801 gratia
411 2760 556 2802 primum
578 2763 741 2802 invecta;
762 2763 842 2796 inde
865 2764 898 2797 in
923 2763 974 2796 Si-

1009 905 1120 937 ciliam
1133 910 1356 946 transgressa,
1367 907 1473 947 atque
1484 903 1575 936 inter
1588 905 1715 945 primas

1009 954 1139 986 donata
1167 955 1294 986 Italiae.
1307 959 1564 996 ...tantumque
1593 958 1716 995 postea

1009 1003 1144 1035 honoris
1161 1004 1321 1044 increvit,
1337 1008 1377 1036 nt
1392 1013 1488 1036 mero
1502 1003 1619 1035 infuso
1633 1013 1716 1035 enu-

1010 1054 1172 1086 triantur.
1189 1054 1410 1095 Compei-tum
1418 1053 1453 1085 id
1461 1053 1608 1085 maxime
1620 1052 1719 1095 prod-

1014 1113 1089 1135 esse
1120 1104 1313 1136 radicibus:
1346 1103 1590 1145 docuimusque
1613 1103 1717 1134 etiam

1016 1155 1156 1187 arbores
1186 1154 1262 1186 vina
1288 1153 1433 1196 potare.'
1475 1153 1615 1187 Platani
1637 1151 1719 1186 folia

1016 1206 1196 1246 latissima,
1212 1206 1365 1238 umbram
1378 1214 1620 1246 peramoenum,
1637 1203 1719 1236 alibi

1016 1262 1127 1289 notat.
1173 1256 1261 1287 Vide
1277 1255 1369 1297 apud
1386 1251 1557 1288 Herodot.
1576 1254 1637 1287 lib.
1651 1263 1718 1287 vn.

1018 1307 1170 1339 Xerxem
1186 1317 1263 1339 cum
1285 1306 1418 1348 ingenti
1433 1305 1587 1337 exercitu
1603 1305 1638 1336 in
1654 1305 1721 1345 Ly-

1018 1357 1107 1389 diam
1124 1361 1323 1398 pergentem
1338 1355 1468 1397 platani
1481 1355 1720 1396 pulcherrimae

1018 1409 1240 1440 admiratione
1253 1411 1406 1448 captum,
1416 1407 1508 1438 circa
1525 1407 1617 1438 illam
1631 1410 1721 1437 stan-

1019 1464 1099 1495 tem,
1115 1467 1218 1490 aureo
1230 1457 1346 1489 monili
1358 1456 1557 1492 donantem,
1572 1455 1648 1496 ejus
1664 1455 1722 1487 de-

1017 1510 1122 1551 niqne
1138 1517 1254 1540 curam
1274 1507 1348 1538 viro
1369 1506 1550 1538 immortali
1566 1505 1722 1537 commit-

1017 1563 1161 1591 tentem.
1208 1559 1335 1589 Decem
1356 1559 1457 1587 erant
1477 1563 1601 1596 nempe
1617 1554 1722 1586 millia

1020 1610 1169 1641 virorum
1184 1608 1390 1639 selectorum
1406 1616 1424 1637 e
1435 1606 1578 1639 Persica
1589 1605 1723 1646 militia,

1019 1659 1076 1701 qni
1092 1657 1298 1690 dicebantur
1311 1657 1537 1688 immortales:
1562 1656 1722 1698 qnoniam

1021 1719 1088 1741 nno
1102 1708 1283 1748 moriente,
1299 1706 1414 1738 statim
1431 1706 1518 1738 alter
1538 1706 1723 1738 substitue-

1020 1759 1136 1799 batur,
1153 1763 1190 1790 ut
1205 1757 1393 1798 completus
1407 1760 1498 1788 esset
1512 1765 1650 1797 semper
1664 1757 1722 1788 ille

1023 1819 1196 1842 numerus.
1243 1808 1376 1840 florum
1401 1806 1559 1839 meminit
1578 1806 1622 1840 Q.
1639 1807 1724 1839 Cur-

1023 1861 1092 1892 tius
1108 1860 1165 1892 lib.
1178 1868 1237 1892 ιιι.
1270 1859 1380 1890 Porro
1397 1857 1572 1899 platanum
1587 1866 1725 1889 auream

1023 1911 1087 1943 sibi
1110 1909 1207 1941 fundi
1226 1909 1332 1950 jussit
1353 1908 1502 1947 Xerxes,
1523 1917 1600 1949 qnae
1622 1916 1726 1949 snpra

1022 1964 1245 1992 memoratam
1258 1957 1426 1999 effingens
1438 1957 1588 1999 ejusdem
1602 1957 1726 1990 leniret

1024 2011 1243 2047 desiderium,
1275 2014 1312 2040 et
1343 2010 1578 2040 aestuationem
1604 2009 1727 2040 mentis

1024 2060 1067 2092 ob
1097 2060 1171 2100 ejus
1201 2059 1405 2090 absentiam.
1462 2058 1547 2091 Coel.
1577 2058 1726 2102 Rhodig.

1025 2118 1117 2141 xxv.
1145 2111 1176 2139 1.
1225 2108 1316 2139 Vide
1339 2117 1443 2148 supra
1468 2108 1539 2139 Od.
1562 2116 1640 2140 xrv·
1663 2108 1727 2140 sub

1024 2158 1140 2199 finem,
1155 2158 1238 2190 Not.
1255 2157 1297 2189 ad
1315 2166 1356 2189 ea
1371 2157 1494 2189 verba:
1517 2158 1528 2176 ‘
1543 2167 1627 2200 quas
1643 2158 1727 2190 colis

1026 2208 1206 2240 arborum?

1073 2259 1224 2289 Platonas
1253 2257 1377 2298 coelebs]
1416 2255 1568 2288 Martial.
1595 2263 1653 2288 111.
1672 2244 1795 2336 ὅὶμῗῇ
1821 2233 1827 2249 ;
1855 2228 1871 2243 J

1026 2308 1036 2326 ‘
1054 2307 1208 2339 viduam’
1234 2308 1386 2349 appellat
1400 2318 1408 2337 :
1447 2306 1601 2348 intellige
1626 2310 1698 2338 ster
1740 2303 1748 2308 '

1025 2359 1104 2395 lem,
1121 2359 1175 2389 vel
1191 2367 1258 2389 non
1275 2356 1416 2396 vitibus,
1438 2360 1477 2388 ut
1498 2355 1587 2387 solet
1607 2355 1728 2396 ulmus,

1025 2410 1236 2442 maritatam.
1273 2406 1362 2440 Vide
1378 2406 1469 2439 Plin.
1486 2415 1563 2439 xvr.
1579 2408 1632 2439 17.
1665 2406 1726 2438 Se-

1025 2469 1103 2492 nec.
1117 2458 1228 2500 Epist.
1244 2467 1279 2490 v.
1297 2461 1328 2490 6.

1069 2512 1088 2540 5
1107 2508 1240 2540 Evina-et
1251 2506 1366 2548 ulmos]
1381 2507 1554 2548 Expellet,
1568 2505 1662 2548 quasi
1677 2506 1728 2538 di-

1027 2558 1178 2591 movebit
1188 2558 1276 2598 loco,
1289 2564 1472 2598 earumque
1485 2555 1658 2598 plantaria
1671 2565 1729 2588 oc-

1027 2609 1180 2653 cupabit.

1074 2662 1152 2695 {l'um
1165 2659 1310 2701 violaria,
1326 2658 1394 2701 ssa]
1416 2657 1582 2691 Similiter
1605 2661 1643 2690 et
1667 2655 1730 2690 flo-

1028 2721 1082 2745 res
1099 2709 1263 2744 odoriferi
1282 2708 1560 2741 exterminabunt
1574 2705 1727 2740 fructuo-

1029 2772 1083 2795 sas
1097 2761 1249 2801 arbores,
1262 2760 1380 2802 hisque
1396 2758 1563 2805 neglectis
1583 2762 1619 2790 et
1638 2757 1728 2798 ejec-
