1916 3190
389 417 472 478 Q.
544 416 1006 476 HORATII
1074 415 1462 476 FLACCI

568 601 1243 672 CARMINUM

736 815 957 864 LIBER
1004 814 1105 862 ΙΙΙ.

811 1130 955 1174 ODE
1003 1130 1044 1172 I.

197 1252 377 1293 Horatius,
391 1252 515 1284 Stoicae
532 1249 752 1293 philosopliiae
771 1249 876 1282 sacris
893 1248 1061 1288 initiatus,
1085 1248 1232 1280 bumana
1247 1248 1389 1289 negotia
1412 1251 1517 1290 atque
1539 1245 1654 1279 studia

238 1306 383 1338 ludibrio
398 1306 515 1346 habet,
528 1310 564 1337 et
580 1309 617 1337 ut
630 1304 720 1345 vulgi
737 1303 959 1336 deliramenta
970 1302 1101 1344 ingenti
1117 1302 1230 1333 animo
1245 1302 1504 1343 spernit,parvo
1520 1309 1599 1332 rure
1617 1302 1654 1330 et

239 1360 452 1391 continentia
462 1368 523 1390 sua
537 1359 670 1390 beatus.
714 1357 882 1399 (Primam
899 1357 998 1398 hujus
1015 1356 1185 1388 Carminis
1201 1356 1363 1397 strophen
1383 1355 1558 1396 prologum
1571 1354 1654 1385 Car-

240 1411 367 1442 minum
383 1411 601 1443 Saeculariurn
618 1409 701 1441 facit
722 1410 936 1449 Sanadwus,
958 1409 1130 1449 ingeniose
1155 1409 1276 1449 magis,
1293 1417 1393 1449 qnam
1414 1405 1652 1448 probabiliter.

241 1463 305 1495 Est
319 1463 392 1494 haec
409 1462 524 1504 potius
546 1461 705 1503 praefatio
730 1461 809 1493 libri
835 1461 929 1493 tertii
955 1460 1127 1492 constanti
1150 1464 1254 1491 aetate
1278 1459 1400 1500 scripti
1423 1459 1465 1491 ab
1492 1456 1652 1497 Horatio,

241 1518 337 1558 cnjus
348 1526 415 1548 non
432 1516 532 1547 modo
549 1516 655 1556 prima
671 1515 832 1547 Carmina
846 1518 925 1546 sunt
940 1524 1059 1546 severa
1075 1517 1112 1545 et
1126 1513 1303 1554 religionis
1316 1513 1431 1554 plena,
1445 1511 1504 1543 sed
1522 1510 1655 1550 reliqua

241 1571 346 1601 etiarn
370 1568 609 1608 nihilhabent,
635 1568 724 1609 quod
740 1577 809 1599 non
833 1567 1019 1608 virginibus
1045 1567 1228 1608 puerisque
1250 1564 1480 1597 commendari
1504 1563 1652 1595 debeat:

242 1622 309 1663 ipsi
325 1626 438 1653 autem
457 1621 575 1662 primae
594 1619 682 1652 odae
699 1620 755 1650 vel
777 1619 924 1651 maxime
948 1619 1011 1650 hoc
1037 1617 1214 1649 exordium
1237 1616 1420 1649 convenit:
1446 1615 1534 1657 quod
1558 1614 1655 1654 dicit,

242 1679 252 1693 ‘
264 1685 330 1708 nou
344 1674 438 1715 prius
453 1673 594 1713 audita:
610 1677 715 1714 negat
731 1677 849 1704 extare
867 1671 990 1704 Latina
1007 1671 1167 1703 Carmina
1180 1670 1290 1711 lyrica
1308 1670 1385 1711 ejus
1399 1668 1602 1710 argumenti,
1617 1670 1655 1698 ut

244 1738 294 1760 1v.
309 1728 379 1760 Od.
393 1731 425 1760 9.
441 1731 472 1759 2.
492 1726 608 1768 Germ.)
650 1726 747 1769 (Non
763 1724 956 1757 hominibus
973 1724 1143 1765 corruptis
1160 1727 1195 1755 et
1211 1732 1302 1754 verae
1312 1721 1488 1763 sapientias
1505 1721 1655 1762 experti-

243 1782 307 1813 bus
320 1781 431 1813 scribo
455 1780 624 1819 Carmina,
639 1779 698 1811 sed
716 1778 831 1820 pueris
853 1782 889 1809 et
913 1777 1035 1818 puellis
1051 1777 1165 1809 castis.
1210 1776 1325 1817 Reges
1340 1779 1497 1817 potentes
1515 1773 1656 1815 imperio

243 1834 340 1868 Jovis
354 1833 587 1875 potentissimi·
605 1836 685 1864 sunt
713 1831 884 1872 subjecti:
907 1829 1100 1861 hominibus
1127 1829 1202 1870 agri
1226 1826 1463 1869 amplitudine,
1475 1826 1655 1858 nobilitate

244 1888 394 1928 generis,
408 1887 572 1926 moribus,
589 1885 710 1927 gloria,
725 1889 761 1916 et
777 1885 888 1925 gratia
903 1883 993 1915 inter
1007 1892 1043 1915 se
1060 1882 1335 1924 discrepantibus
1350 1879 1471 1913 eadem
1486 1878 1656 1911 moriendi

244 1940 434 1970 necessitas
446 1944 511 1971 est.
556 1940 650 1979 Ergo
665 1939 723 1979 qui
738 1937 858 1968 mortis
874 1939 966 1968 metu
992 1939 1156 1977 terretur,
1172 1945 1248 1967 eum
1261 1934 1323 1967 n'ec
1339 1933 1445 1975 dapes
1459 1925 1656 1964 lautissima

244 2001 308 2023 nec
325 1992 398 2023 soni
414 1992 558 2023 musices
576 1992 794 2032 tranquillum
812 1990 975 2022 reddunt.
1020 1989 1085 2022 Illa
1101 1989 1203 2022 animi
1223 1988 1452 2030 tranquillitas
1467 1996 1533 2029 non
1557 1985 1657 2017 abest

245 2044 289 2076 ab
305 2045 493 2076 hominibus
515 2044 629 2075 tenuis
644 2044 745 2075 sortis
761 2048 798 2075 et
821 2044 899 2075 vitae
916 2044 1064 2075 rusticae.
1108 2043 1177 2076 Qui
1197 2042 1286 2074 enim
1304 2041 1421 2083 paucis
1445 2044 1500 2072 est
1519 2042 1658 2071 conten·

245 2102 312 2137 tus,
331 2098 359 2128 is
372 2106 437 2128 nec
452 2097 552 2128 timet
565 2097 668 2128 maris
681 2100 934 2138 tempestatem,
950 2107 1013 2128 nec
1029 2096 1243 2136 grandinem,
1259 2105 1324 2127 nec
1337 2095 1410 2135 agri
1425 2093 1656 2126 sterilitatem.

243 2150 343 2181 Villae
357 2148 533 2190 magnifice
548 2152 734 2180 exstructae
747 2158 814 2180 non
829 2149 975 2181 liberant
985 2158 1004 2180 a
1015 2149 1133 2180 mortis
1145 2153 1251 2185 metu,
1265 2148 1321 2190 qui
1337 2156 1474 2188 semper
1483 2151 1520 2178 et
1532 2145 1656 2186 ubique

248 2202 395 2234 animum
421 2202 646 2242 impotentem
662 2205 773 2242 urget.
821 2201 921 2234 Quod
946 2202 974 2232 si
999 2211 1061 2232 nec
1080 2201 1227 2233 aedificia
1249 2200 1444 2242 magnifica,
1463 2209 1527 2231 nec
1542 2201 1656 2229 vestes

248 2258 443 2296 purpureas,
459 2263 524 2286 nec
550 2254 629 2284 vina
651 2253 794 2294 optima,
810 2262 874 2284 nec
895 2258 1070 2293 unguenta
1093 2254 1235 2285 Persica
1258 2254 1375 2285 morbo
1398 2252 1500 2284 animi
1520 2251 1657 2283 meden-

250 2313 320 2351 tur,
343 2318 406 2349 ego
421 2317 496 2339 meo
513 2307 625 2348 agello
637 2307 670 2338 in
682 2306 813 2338 Sabinis
826 2310 1007 2337 contentus
1021 2305 1157 2336 divitias
1169 2315 1236 2337 non
1250 2307 1420 2338 sectabor.
1444 2302 1562 2344 Zeun.)

433 2384 529 2426 Ool
550 2383 782 2437 profanum
801 2382 972 2435 vulgus,
993 2385 1036 2422 et
1056 2393 1206 2422 arceo:

249 2485 433 2526 Impar-itum
447 2484 561 2523 vulgus
574 2491 697 2514 aversor
712 2483 805 2522 atque
819 2489 952 2511 amoveo.
979 2478 1192 2510 Obsecundate
1207 2487 1277 2509 ore:
1304 2477 1471 2509 Musarum
1484 2485 1541 2516 ego
1556 2476 1657 2507 antis-

815 2573 1054 2588 ‘OO‘OO-OOO‘OO

250 2635 408 2667 Quatuor
424 2632 522 2674 primi
541 2641 655 2664 versus
668 2631 764 2664 Odes
777 2631 878 2672 hujus
893 2630 1037 2672 primam
1051 2633 1180 2670 partem
1191 2626 1358 2660 Carminis
1374 2624 1569 2663 Saecularis,
1585 2623 1658 2655 sive

209 2677 306 2708 Odes
324 2677 492 2716 vigesimae
510 2676 603 2706 Libri
620 2675 746 2716 quarti,
761 2674 977 2706 constituunt
992 2673 1026 2704 in
1043 2671 1106 2703 Ed.
1123 2670 1246 2702 Sanad.
1291 2669 1380 2700 Vide
1396 2669 1538 2709 Argum.
1575 2666 1659 2707 Epi-

207 2720 336 2759 graplie
353 2719 387 2749 in
405 2718 546 2749 Ascens.
563 2718 705 2749 Locher.
722 2723 758 2748 et
772 2717 914 2748 Venett.
938 2715 991 2747 De
1013 2714 1170 2746 hominum
1189 2712 1288 2743 variis
1309 2712 1407 2751 curi-⁹,
1426 2711 1571 2751 variaque
1585 2709 1658 2747 sor-

209 2766 296 2803 tuna,
309 2765 339 2794 et
355 2771 443 2801 aequa
458 2764 554 2792 marte
566 2771 579 2798 ,·
603 2761 635 2791 in
653 2760 741 2798 aliis,
755 2759 809 2791 Ad
823 2760 964 2792 indoctos
973 2769 986 2796 ;
1010 2758 1105 2798 item,
1121 2756 1174 2788 Aa
1187 2756 1311 2788 chorum
1325 2753 1483 2794 virginum
1497 2757 1528 2784 et
1549 2762 1658 2794 pust-e·

1361 2807 1381 2811 Q‘
1413 2814 1416 2815 ν
1428 2814 1431 2816 -
1455 2817 1457 2819 μ
1468 2814 1507 2821 ..s-1
1517 2815 1529 2817 --
1537 2806 1769 2823 ‘'ww-*v*
