1916 3190
592 307 657 337 sn
688 305 963 350 GARMmUM
993 305 1094 336 ms.
1127 306 1199 336 ιιι.
1511 296 1597 339 545

158 399 208 433 At
220 398 386 432 nemiuem
402 401 496 441 puto,
516 398 572 440 qni
586 407 662 430 cum
676 407 778 430 sensu
793 398 908 439 legere
917 397 1025 438 possit
1038 396 1232 438 Horatium,
1243 397 1400 435 existere,
1411 398 1505 440 quin,
1517 398 1598 430 dum

158 453 223 485 hoc
235 452 414 488 carminis,
434 457 588 483 ceterum
601 450 743 492 egregii,
754 449 932 482 exordium
946 450 1050 491 legat,
1067 448 1263 490 gravissime
1276 450 1394 481 statim
1405 449 1599 482 offendatur

158 509 230 539 tam
243 504 353 536 alieno
373 504 574 546 loco·,posita
587 513 627 535 ac
649 512 710 544 per
727 507 806 535 octo
823 511 940 534 versus
955 505 1131 543 protracta
1144 501 1277 542 generis
1288 501 1416 533 Lamiae
1431 502 1597 542 pradica-

159 557 263 590 tione.
305 557 432 589 Verum
454 557 536 597 jure
555 555 685 587 dixisse
706 555 740 587 in
760 555 971 596 Argumento
992 554 1089 586 nobis
1102 553 1268 593 videmur,
1280 553 1309 585 si
1328 563 1393 586 νει.
1408 556 1483 585 2-5.
1507 554 1599 586 inter

157 609 339 650 legendum
362 609 577 650 omittantur,
600 608 707 643 multo
731 607 879 640 breviori
902 611 1006 649 atque
1019 606 1221 648 elegantiori
1241 607 1375 648 generis
1389 607 1599 638 commenda-

159 662 265 702 tione,
283 671 358 704 quae
375 661 418 694 ad
436 662 544 694 solum
563 665 718 692 ornatum
733 665 883 701 spectet,
897 669 938 692 sc
952 668 1014 700 pro
1027 659 1185 691 vocativo
1201 658 1259 695 sit,
1273 658 1419 700 denique
1434 658 1599 700 peculiari

159 714 261 747 alieni
278 714 446 746 occasioni
460 714 580 746 deberi
595 713 762 754 videntur,
777 713 921 754 lyricum
933 721 1068 744 sensum
1084 719 1150 743 uun
1165 710 1308 752 amplius
1322 709 1459 742 offendi.
1496 710 1599 743 Quod

156 766 269 807 ipsum
284 775 360 807 cnm
368 767 441 807 jam
456 775 522 798 non
538 766 647 798 levem
662 764 790 797 inferre
804 764 1030 806 suspicionem
1043 771 1184 794 necesse
1199 763 1256 803 sit,
1269 772 1343 795 esse
1358 763 1432 795 illos
1446 772 1563 795 versus
1579 772 1600 793 a

157 819 361 852 malamanu
375 819 567 858 importum
581 819 736 856 insertos,
749 821 821 847 tum
836 815 972 848 eosdem
987 824 1078 847 nunc
1093 824 1113 847 e
1127 815 1316 857 praeceptis
1340 825 1444 857 supra
1465 815 1600 857 exposi-

158 870 205 907 ‚tis
218 870 410 902 accuratius
424 869 621 910 expendere
635 872 736 909 atque
747 867 940 899 examinare
956 867 1080 908 placet.

199 921 352 953 Primum
366 919 580 952 manifestam
595 919 723 950 babent
742 919 776 950 bi
790 924 937 960 quatuor
955 929 1022 950 vss.
1035 919 1183 960 speciem
1199 920 1317 952 scholii
1332 920 1404 952 sive
1420 921 1601 961 glossema-

158 974 203 1005 tis
217 984 227 1012 ;
249 972 339 1014 quod
354 972 489 1014 quidem
504 976 710 1004 momentum
723 971 867 1012 amplius
883 971 1050 1004 declarari
1062 973 1200 1013 poterit,
1215 973 1287 1012 ubi,
1300 973 1467 1014 quomodo
1481 981 1600 1004 versus

158 1025 270 1058 exorti
284 1025 368 1065 siut,
381 1024 671 1064 investigabimus.
714 1024 853 1057 Deinde
869 1025 943 1066 quis
958 1034 1026 1056 uon
1039 1025 1212 1066 intelligit,
1231 1035 1332 1067 quam
1348 1026 1471 1057 inseite
1484 1034 1525 1057 ac
1540 1025 1601 1056 im·

155 1082 304 1119 portune
317 1077 600 1118 interrumpatur,
615 1077 682 1109 illis
696 1077 922 1119 interpositis,
943 1078 1139 1110 sententia?
1160 1078 1303 1110 sublatis
1324 1083 1455 1118 contra,
1474 1082 1601 1119 quanto

156 1130 270 1170 optior
296 1130 462 1162 connexio
482 1131 739 1172 elegantiorque
763 1131 943 1163 conversio
969 1131 1166 1171 sententiae,
1188 1135 1316 1173 quantu
1338 1130 1474 1172 dignius
1488 1129 1559 1162 Poe
1565 1135 1601 1161 ta

156 1182 332 1214 exordium
343 1183 408 1215 sit?
433 1183 518 1216 Quis
534 1184 623 1215 enim
639 1193 706 1216 non
718 1185 816 1216 malit
830 1184 944 1225 legere
959 1185 1027 1216 sic:

450 1268 529 1309 AEli,
545 1273 682 1300 vetusto
698 1268 820 1300 nobilis
837 1269 880 1301 ab
894 1270 1013 1308 Lamo,

450 1321 516 1354 Qui
535 1322 743 1353 Formiarum
758 1323 884 1354 moenia
899 1322 1024 1353 dicitur

493 1373 662 1416 Princeps
677 1379 714 1406 et
729 1375 904 1407 innantem
919 1374 1062 1406 Maricae

579 1427 765 1459 Litturibus
778 1427 929 1459 tenuisse
942 1426 1047 1458 Lirim

449 1478 535 1509 Lete
549 1483 732 1516 tyrannm:

155 1550 280 1590 Neque
294 1548 400 1580 solum
414 1547 499 1579 illud
513 1548 639 1586 elucet,
656 1556 753 1587 posse
769 1548 853 1579 istus
868 1552 1014 1589 quatuor
1035 1557 1151 1580 versus
1174 1548 1268 1581 salvo
1283 1553 1394 1581 metro
1410 1549 1527 1590 abjici,
1540 1548 1601 1581 sed

153 1603 271 1642 etium,
285 1601 328 1633 ab
341 1601 460 1642 inepto
474 1600 606 1631 bomine
622 1609 678 1631 eos
693 1609 769 1631 esse
783 1600 942 1640 insertos,
956 1611 1000 1633 ex
1016 1610 1057 1632 eo
1070 1601 1173 1632 etiam
1188 1602 1337 1642 suspicio
1352 1606 1416 1638 est,
1426 1602 1517 1643 qnod
1530 1608 1601 1634 tam

153 1654 276 1685 inscite
294 1663 335 1685 sc
355 1653 478 1683 misere
494 1656 699 1683 connectere
719 1660 776 1683 eos
796 1661 872 1684 cum
891 1653 1113 1694 sequentibus
1129 1654 1294 1695 versibus,
1308 1659 1410 1696 atque
1424 1655 1464 1686 ad
1481 1655 1600 1686 borum

153 1706 358 1738 seutentiam
373 1703 551 1736 reflectere
564 1704 751 1736 orationem
767 1710 908 1736 conatus
924 1710 989 1736 est.
1031 1706 1119 1737 Cum
1131 1706 1222 1738 enim
1237 1716 1286 1738 vs.
1300 1711 1332 1738 5.
1355 1711 1365 1725 ⁸
1378 1707 1474 1739 ducis
1487 1707 1497 1721 ’
1521 1717 1602 1739 vera

153 1758 202 1788 sit
222 1757 336 1796 lectio,
358 1756 441 1787 utin
456 1756 611 1788 vv.LL.
627 1756 850 1797 ostendimus,
866 1762 936 1788 tum
952 1762 1071 1799 aperte
1087 1759 1165 1799 ista,
1187 1758 1356 1791 ‘Auctore
1370 1760 1413 1792 ab
1429 1761 1487 1792 illo
1502 1760 1600 1792 ducis

153 1807 341 1849 originem:
355 1809 450 1840 allita
464 1813 544 1841 suut
558 1809 697 1850 ceteris,
722 1814 761 1841 ut
779 1810 991 1851 interruptus
1009 1820 1115 1843 nexus
1138 1821 1215 1844 cum
1238 1822 1311 1854 sqq.
1337 1814 1347 1831 ‘
1362 1812 1429 1846 Qui
1446 1813 1600 1853 Formia-

152 1863 252 1902 rum‚'
264 1863 328 1893 ἀο.
341 1861 592 1894 restitueretur.
629 1862 717 1894 Nam
732 1863 765 1894 iu
779 1862 980 1895 Observatt.
994 1865 1151 1906 equidem
1167 1864 1201 1896 id
1217 1869 1349 1897 tantum
1362 1871 1499 1897 secutus
1516 1875 1602 1905 sum,

152 1919 193 1951 ¹ut
206 1922 305 1956 quam
320 1914 549 1946 mollissimam
565 1915 778 1957 maximeque
803 1916 1015 1948 tolerabilem
1038 1917 1145 1957 spurii
1171 1917 1269 1958 hujus
1292 1917 1516 1949 additamenti
1540 1927 1599 1948 ex-

150 1966 521 2007 plicationem‘darem:
547 1977 584 1999 re
600 1973 712 2000 autem
727 1978 809 2000 vera
828 1969 908 2000 mibi
934 1979 1129 2010 persuasum
1145 1975 1211 2008 est,
1227 1970 1509 2011 interpolatorem
1523 1979 1600 2001 ver-

102 2042 105 2043 r
150 2019 209 2055 ba,
228 2018 399 2052 ‘Auctore
415 2020 458 2051 ab
473 2019 556 2060 illo,'
580 2021 622 2052 ad
639 2031 713 2063 sqq.
734 2022 822 2055 ‘Qui
837 2021 1149 2061 Formiarum,'&c.
1163 2021 1284 2053 referri
1296 2022 1454 2054 voluisse.
1490 2022 1600 2063 Igitur

151 2071 296 2102 oriretur
311 2073 479 2104 sententia
493 2083 502 2103 ε
527 2072 558 2104 Ο
575 2073 653 2114 AEli,
664 2074 722 2115 qui
738 2084 759 2105 a
774 2075 878 2106 Lamo
893 2073 1086 2114 descendis,
1102 2079 1139 2105 tu
1153 2074 1315 2115 originem
1331 2074 1427 2106 ducis
1442 2085 1462 2106 a
1477 2075 1599 2115 Lamo,

152 2123 298 2164 qui,&.c.
335 2123 385 2156 At
399 2134 497 2166 quam
513 2125 631 2167 inepta
646 2126 833 2166 conversio,
850 2127 906 2158 vix
922 2127 1106 2168 proletario
1121 2127 1240 2159 Poetae
1254 2127 1479 2168 ignoscenda!
1515 2126 1598 2158 vid.

123 2199 127 2203 .
150 2174 228 2206 VV-
239 2175 310 2208 LL.
325 2177 383 2208 ubi
398 2177 514 2216 etiam,
529 2187 597 2209 non
611 2179 753 2210 multum
769 2177 902 2219 profici,
918 2179 1104 2219 docuimus,
1117 2179 1144 2210 si
1159 2180 1274 2219 legere
1289 2179 1441 2216 volimus,
1456 2178 1466 2195 ‘
1477 2177 1598 2208 ducit)

150 2226 199 2258 Et
217 2226 245 2257 si
260 2229 378 2259 velita
392 2230 600 2261 constituere
625 2231 759 2270 placeat
786 2235 889 2272 atque
916 2231 1090 2272 explicare
1109 2229 1339 2275 parenthesin,
1366 2229 1417 2260 uti
1443 2228 1476 2259 iu
1494 2228 1597 2259 Obss.

151 2279 363 2319 propositum
375 2285 442 2320 est,
465 2285 577 2312 tamen
591 2282 641 2314 sic
654 2283 756 2314 etiam
771 2282 911 2315 indocta
924 2284 1057 2323 omui-⁶
1072 2280 1244 2312 {timentia
1258 2285 1335 2313 0⁸12
1360 2280 1392 2311 0
1413 2280 1491 2319 AEli,
1504 2281 1561 2322 ⁴1¹¹i
1576 2291 1597 2312 ³

150 2329 258 2361 Lamo
284 2330 477 2373 descendis,
508 2337 546 2365 tu
571 2334 660 2366 enim
686 2335 730 2366 ab
755 2332 945 2378 illtLJaemo
971 2337 1109 2364 auctore
1133 2332 1327 2372 descendis,
1357 2332 1521 2373 siqnidem
1550 2333 1599 2364 se-

150 2386 243 2423 runt,
255 2384 321 2414 &c-
629 2415 631 2417 ,
679 2406 682 2407 ⁷
741 2406 747 2412 .
777 2382 781 2385 ’

194 2433 284 2465 Nam
298 2444 342 2467 eo
365 2444 454 2466 nuuc
470 2435 579 2476 venio,
595 2438 633 2467 ut
647 2437 835 2477 ostendam,
849 2446 964 2468 versus
988 2437 1072 2469 istos
1087 2438 1192 2469 etiam
1208 2448 1271 2479 per
1286 2448 1322 2470 se
1336 2439 1428 2480 ipsos
1442 2439 1594 2480 interpo—

150 2484 239 2515 latus
262 2484 371 2525 prodi.
413 2486 563 2518 Primum
582 2487 671 2518 enim
693 2497 769 2519 eam
791 2489 867 2520 illus
890 2489 1134 2523 obscuritatem
1154 2500 1195 2522 ac
1213 2490 1449 2524 difficultatem
1464 2493 1498 2524 in
1514 2503 1595 2525 con-

151 2537 372 2569 structionem
394 2537 531 2579 ini'erre,
552 2540 609 2571 vix
634 2544 673 2571 ut
694 2542 869 2573 commode
890 2542 947 2574 illa
969 2543 1123 2584 expediri
1145 2544 1263 2585 possit,
1285 2554 1499 2587 quocumque
1522 2555 1596 2577 sese

151 2588 330 2630 Inter-pres
358 2595 547 2631 convertat,
571 2602 646 2623 cum
676 2602 718 2624 ex
747 2595 846 2626 modo
875 2593 989 2635 dictis,
1015 2600 1087 2627 tum
1118 2606 1161 2628 ex
1192 2597 1268 2628 VV.
1283 2598 1352 2629 LL.
1382 2598 1594 2639 intelligitur.

150 2641 302 2682 Deinde,
316 2641 344 2672 si
360 2643 561 2675 seutentiam
577 2644 684 2685 ipsam
699 2645 836 2687 ejusque
850 2647 1105 2679 conversionem
1118 2654 1270 2689 spectes,
1284 2650 1367 2680 nihil
1383 2650 1538 2691 profecto
1552 2661 1595 2682 ea

150 2694 206 2734 vel
220 2694 382 2736 inutilius,
399 2696 452 2726 vel
469 2696 629 2737 ineptius,
643 2699 788 2739 cogitari
803 2704 862 2731 aut
875 2700 955 2741 fingi
968 2701 1086 2741 possit.
1131 2702 1251 2733 Lamia
1266 2702 1391 2734 dicitur
1405 2704 1520 2735 nobile
1536 2714 1593 2745 ge-

151 2755 215 2777 nus
225 2745 267 2777 ab
278 2746 381 2779 Iamo
396 2748 522 2780 ducere
535 2759 544 2788 ;
560 2749 624 2782 hoc
640 2751 859 2785 confirmatur
874 2763 916 2785 ex
928 2763 982 2794 eo,
995 2755 1075 2796 quia
1088 2755 1193 2788 etiam
1205 2755 1310 2796 ipsius
1322 2757 1476 2797 majores,
1491 2762 1594 2799 atque

153 2798 237 2847 adeo
250 2798 287 2839 (o
310 2799 503 2832 miraculum
518 2801 546 2842 ἔ)
569 2811 682 2836 omues
696 2805 813 2837 horum
837 2807 1000 2847 majorum
1016 2812 1159 2849 nepotes
1174 2818 1194 2840 a
1212 2809 1317 2841 Lamo
1333 2810 1572 2843 descenderint
1586 2823 1595 2840 ι

241 2851 354 2892 Delph.
369 2856 399 2883 et
416 2853 491 2886 Vas.
505 2855 593 2887 Clas.
855 2859 972 2892 Home.
1431 2866 1451 2894 2
1477 2863 1513 2894 M
