1916 3190
283 221 339 262 20
902 231 966 260 DE
999 231 1118 261 vi'rA

340 323 473 366 Vixit
492 323 726 377 plurimum
758 324 803 364 in
836 335 1018 365 secessu
1047 324 1160 364 ruris
1188 325 1258 366 sui
1286 324 1442 366 Sabini
1471 328 1548 367 aut
1573 325 1736 368 Tibur-

284 391 396 445 tini,t
433 391 679 446 domusque
717 390 814 444 ejus
855 390 1101 432 ostenditur
1138 391 1258 433 circa
1294 391 1483 433 Tiburni
1519 391 1736 435 luculum.

284 457 514 500 Venerunt
542 458 585 498 in
616 470 774 498 manus
793 469 918 498 meas
938 460 980 497 et
1003 456 1127 509 Elegi
1147 459 1230 499 sub
1253 459 1352 513 ejus
1373 458 1521 509 titulo,
1552 463 1597 502 et
1628 459 1737 514 Epi-

283 526 400 568 stola
429 537 564 579 prosa
594 525 803 573 oratione,
836 524 967 578 quasi
998 526 1346 567 commendantis
1383 538 1432 568 se
1463 525 1736 579 Maecenati;

284 593 361 634 sed
399 596 586 645 utraque
620 591 736 632 falsa
768 596 890 644 puto.
951 590 1067 632 Nam
1108 591 1235 644 Elegi
1273 593 1491 646 vulgares,
1532 591 1740 646 Epistola

284 665 431 702 autem
462 660 682 709 obscura;
714 671 803 711 quo
832 659 939 699 vitio
969 658 1148 700 minime
1184 660 1442 701 tenebatur.¹¹
1501 659 1645 706 Natus
1673 663 1740 702 est

285 738 351 767 vi.
397 726 505 767 ldus
537 725 808 775 DecembriS,
834 725 884 767 L.
906 724 1038 767 Cotta
1058 730 1102 767 et
1122 726 1174 767 L.
1195 726 1424 781 Torquato
1453 725 1587 768 Coss·
1647 727 1738 770 De-

283 792 417 836 cessit
436 792 495 834 V.
519 791 626 834 Kal.
648 791 865 834 Decemb.
897 791 947 833 C.
971 793 1144 835 Marcio
1163 792 1404 837 Censorino
1430 800 1476 836 et
1505 793 1557 836 C.
1578 792 1737 837 Asinio

283 860 417 901 Gallo
449 857 576 900 Coss.
609 865 714 912 post
731 872 894 900 nonum
908 864 933 881 W
953 863 995 900 et
1016 859 1426 914 quinquagesimum
1448 873 1626 910 annum,
1646 861 1737 904 hae-

282 926 386 967 rede
406 926 608 978 Augusto
630 926 778 979 palam
805 931 1069 980 nuncupato,
1091 939 1191 967 cum
1210 932 1389 980 urgente
1410 928 1454 969 vi
1472 927 1737 970 valetudinis

281 991 612 1033 nonsufficeret
632 992 687 1032 ad
720 992 1019 1044 obsignandas
1051 994 1299 1034 testamenti
1329 994 1520 1038 tabulas.
1568 994 1738 1036 Huma-

282 1065 355 1101 tus
389 1065 433 1100 et
459 1059 664 1100 conditus
700 1064 769 1100 est
807 1059 1012 1099 extremis
1052 1058 1269 1112 Esquiliis
1299 1059 1436 1113 juxta
1477 1059 1738 1102 Maecenatis

280 1127 507 1168 tumulum.

281 1266 319 1288 re
343 1266 419 1288 cum
443 1266 503 1288 suo
520 1256 708 1297 aqualiculo
731 1255 876 1288 Poetam
893 1255 984 1286 intra

281 1306 517 1346 sextariolum,
533 1311 694 1348 tanquan·
710 1306 743 1337 in
760 1306 917 1338 lecticam
933 1306 984 1337 lu-

282 1356 529 1394 cubratoriam,
564 1356 637 1388 sive
665 1361 675 1374 ¹
692 1355 922 1392 Cabinetnm‚'
947 1360 985 1387 ut

281 1405 384 1437 hodie
410 1415 582 1446 vocamus,
599 1411 634 1438 et
651 1406 695 1437 ibi
712 1406 901 1438 contractis
923 1415 984 1446 pe-

282 1455 382 1487 dibus
407 1456 573 1496 scribere,
600 1456 702 1497 Angli
723 1457 880 1498 juvenes.
903 1466 984 1498 quo-

282 1515 355 1538 rum
373 1505 497 1537 deinde
521 1506 702 1538 insectatio
726 1506 876 1537 Bentleii
894 1515 985 1537 com-

281 1549 542 1595 memorabitur,
575 1556 650 1587 illos
687 1556 791 1587 risum
829 1565 984 1597 quaerere

281 1609 438 1646 apertum
462 1611 528 1638 est.
573 1607 733 1637 Ceterum
752 1606 824 1637 lnaec
849 1605 985 1637 videtur

282 1663 360 1686 esse
386 1655 550 1695 Epistolae
575 1656 758 1687 sententia.
803 1655 985 1686 Humanis·

281 1703 365 1735 sime
397 1709 537 1735 accusat
567 1703 744 1746 Angustus
775 1704 983 1736 brevitatem

280 1753 361 1784 libri
390 1753 539 1792 Horatii,
553 1763 660 1795 eoque
687 1755 762 1795 ipso
784 1755 926 1792 indicat,
947 1764 984 1786 se

280 1803 430 1834 lectione
447 1802 536 1834 illius
553 1812 618 1834 non
641 1805 814 1835 satiatum.
856 1804 985 1837 Jocose

283 1856 396 1883 autem
413 1852 571 1892 impingit
588 1853 714 1884 Flacco
728 1853 907 1885 brevitatis
919 1853 983 1885 illi-

283 1911 323 1933 us
338 1902 528 1936 consilium,
551 1904 660 1932 vereri
677 1904 783 1941 illum,
797 1913 840 1934 ne
856 1914 893 1935 se
909 1905 984 1944 ipso

283 1949 431 1990 majores
455 1949 524 1979 sint
540 1949 629 1989 libri,
643 1960 726 1991 quos
742 1951 871 1983 ederet.
916 1952 985 1983 Ad-

284 2000 348 2039 dit,
377 1999 404 2030 si
434 1999 517 2030 velit.
541 1999 651 2031 Poe'ta
674 1992 844 2032 volumina
868 2000 983 2032 facere

284 2050 337 2081 sni
348 2048 483 2087 similia,
500 2048 625 2079 debere
642 2050 701 2080 illi
716 2059 781 2081 non
797 2050 898 2091 longa
910 2051 983 2091 qui-

284 2100 362 2132 dem
378 2107 453 2129 esse
464 2097 596 2140 (cogita
611 2098 678 2139 hic,
692 2100 812 2139 lector,
828 2100 984 2130 volumen

285 2150 320 2180 in
337 2149 459 2179 bacillo
474 2157 534 2179 suo
547 2149 600 2179 vel
617 2149 716 2189 longo
733 2149 786 2180 vel
799 2149 893 2180 brevi
904 2158 984 2180 con-

286 2197 472 2238 volutum),
504 2198 563 2228 sed
599 2202 710 2229 tamen
747 2198 983 2229 crassiuscula.

285 2249 397 2289 ltaque
412 2248 483 2279 licet
502 2257 562 2288 pro
580 2248 636 2278 illo
655 2247 790 2286 bacillo,
807 2247 861 2278 cui
879 2247 985 2278 invol-

285 2299 379 2333 vitur
406 2299 536 2333 charta.
560 2296 722 2328 adhibere
752 2296 986 2332 sextariolum,

286 2348 478 2389 cylindrum
504 2347 642 2379 brevem
671 2346 732 2378 sed
762 2347 985 2388 proportione

289 2408 457 2438 crassum,
470 2397 526 2441 (nt
540 2398 568 2428 si
583 2398 671 2428 axim
685 2403 798 2439 aequet
816 2397 869 2428 vel
884 2406 985 2438 supe·

288 2455 343 2481 ret
368 2450 453 2480 adeo
477 2448 676 2487 diametros,
690 2447 778 2490 quod
802 2447 836 2479 in
852 2456 986 2478 mensu-

289 2501 335 2530 ris
367 2501 478 2540 parvis
503 2498 718 2540 liquidorum,
746 2497 854 2539 magis
882 2497 987 2529 etiam

289 2548 474 2588 aridorum,
490 2549 629 2579 solenne
644 2547 714 2587 est)
725 2557 782 2588 quo
793 2547 860 2589 (ita
871 2547 985 2588 legen-

292 2598 372 2628 dum
390 2607 451 2637 pro
467 2607 549 2635 cum,
563 2597 653 2637 quod
671 2602 782 2629 ortum
798 2596 933 2628 videtur
942 2605 984 2627 ex

289 2657 380 2688 quom
396 2648 428 2677 in
445 2646 533 2688 quod
549 2646 569 2684 ἡ
585 2658 641 2687 quo
658 2647 802 2688 primum
814 2645 902 2678 forte
913 2655 986 2678 cor-

292 2702 392 2738 rupta
407 2696 487 2737 est),
500 2697 531 2727 h.
543 2706 573 2728 e.
586 2701 630 2733 ut,
641 2698 790 2728 circuitus
801 2696 849 2728 tui
858 2697 987 2728 volumi-

291 2747 340 2777 nis
364 2751 503 2787 propter
530 2746 624 2777 illum
647 2747 700 2778 cui
727 2747 910 2779 involutum
935 2751 989 2778 est

1036 1254 1272 1291 sextariolum,
1285 1254 1328 1286 sit
1340 1254 1683 1291 tumidissimns‚sicnt
1691 1257 1738 1286 ecc

1036 1304 1202 1335 circuitus
1215 1303 1384 1336 ventriculi
1396 1304 1458 1336 tui.
1481 1305 1566 1337 Ges.

1078 1354 1090 1374 ²
1111 1354 1162 1385 Ex
1175 1353 1255 1393 inis,
1271 1353 1385 1386 Sabini
1398 1358 1453 1387 aut
1467 1354 1640 1395 Tiburtini,
1650 1355 1739 1387 male

1035 1403 1170 1445 quidam
1195 1403 1345 1446 (Valart.
1372 1403 1493 1446 etiam)
1514 1405 1582 1437 duo
1608 1405 1740 1446 praedi·

1037 1454 1175 1486 Horatii
1197 1453 1427 1493 effinxerunt3
1450 1454 1540 1496 quod
1559 1455 1671 1486 velex
1695 1463 1738 1486 u.

1038 1505 1106 1537 Od.
1133 1507 1186 1536 18.
1214 1507 1266 1537 14.
1294 1504 1472 1537 refellitur.
1517 1505 1627 1542 Recte
1651 1505 1739 1537 vidit

1039 1555 1200 1596 Rutgers.
1218 1554 1384 1595 praedium
1401 1554 1539 1586 Horatii
1552 1555 1600 1586 ita
1611 1554 1645 1586 in
1658 1564 1740 1587 con-

1037 1604 1125 1639 finiis
1153 1604 1225 1644 agri
1249 1604 1366 1635 Sabini
1391 1609 1428 1635 et
1451 1603 1620 1636 Tiburtini
1635 1604 1741 1636 situm

1038 1653 1240 1697 putandum,
1251 1658 1289 1686 nt
1303 1653 1442 1685 dubium
1454 1657 1559 1692 esset,
1571 1659 1648 1685 utro
1661 1663 1738 1694 per-

1037 1704 1175 1736 tineret.
1211 1703 1304 1735 Talis
1321 1710 1395 1736 erat
1408 1710 1445 1734 et
1460 1703 1587 1735 Catulli
1601 1702 1739 1740 fundus,

1037 1754 1150 1787 Carm.
1168 1762 1269 1785 xmv.
1285 1755 1314 1784 1.
1331 1762 1430 1793 quem
1453 1752 1533 1784 hinc
1552 1753 1640 1783 malo
1663 1752 1739 1794 qni-

1037 1802 1116 1841 dam
1142 1802 1288 1834 eundem
1313 1801 1420 1834 fuisse
1443 1811 1521 1833 cum
1545 1800 1739 1837 Horatiano

1039 1857 1215 1892 putarunt.
1261 1852 1329 1883 Sed
1354 1852 1411 1890 ille
1437 1851 1525 1883 haud
1541 1851 1644 1887 dubie
1661 1861 1739 1893 pro-

1040 1902 1115 1947 pior
1136 1902 1256 1934 Tiburi
1278 1901 1455 1935 fuit-De
1467 1902 1610 1934 Tiburni
1624 1901 1739 1934 lncnlo

1039 1951 1117 1981 vide
1134 1960 1158 1981 1.
1176 1951 1244 1982 Od.
1259 1954 1291 1983 7.
1307 1954 1361 1982 13.
1382 1952 1474 1983 Jani.

1079 2004 1094 2019 ¹¹
1119 2000 1189 2035 Quo
1213 2000 1292 2030 vitio
1321 2000 1447 2031 minime
1477 2001 1651 2041 tenebatur,
1678 2011 1738 2043 np-

1037 2049 1268 2081 obscuritatis.
1313 2048 1354 2081 ld
1385 2058 1454 2087 non
1483 2050 1642 2091 impedit,
1671 2061 1738 2093 quo

1039 2099 1146 2131 minus
1181 2098 1363 2130 multarum
1400 2108 1512 2130 rerum
1543 2100 1741 2140 cognitione

1039 2157 1124 2189 opus
1136 2147 1180 2179 sit
1190 2148 1231 2179 ad
1246 2148 1320 2188 ejus
1334 2148 1485 2185 carmina
1495 2148 1740 2191 intelligendu

1038 2207 1106 2239 qua
1121 2197 1178 2238 qui
1192 2198 1330 2237 polleat,
1346 2197 1485 2229 dicendi
1506 2207 1613 2239 genua
1627 2199 1739 2232 Hora-

1040 2249 1181 2287 tianum,
1195 2248 1350 2279 universe
1365 2253 1571 2290 spectatum,
1585 2250 1739 2286 luculen-

1040 2302 1110 2329 tum
1119 2303 1154 2329 et
1170 2299 1390 2340 perspicuum
1403 2308 1478 2330 esse
1493 2300 1621 2332 vident.
1637 2301 1738 2336 Idem.

1082 2353 1097 2368 ¹
1116 2347 1186 2379 Pro
1207 2347 1268 2379 VI.
1293 2347 1343 2378 Id.
1359 2348 1439 2381 Dec.
1460 2348 1550 2381 liber
1575 2349 1656 2381 Pnt.
1677 2351 1740 2382 lu.

1040 2397 1099 2438 bet
1119 2398 1277 2430 111.-1n
1298 2402 1370 2438 post
1389 2408 1503 2441 nonum
1526 2400 1656 2433 erravit
1683 2401 1739 2435 vel

1037 2449 1218 2480 Suetonius
1229 2448 1283 2479 vel
1298 2448 1470 2489 librarius,
1482 2458 1559 2480 nam
1572 2450 1738 2483 Consules

1039 2496 1123 2528 dicti
1159 2497 1327 2528 definiunt
1362 2507 1538 2530 numerum
1574 2508 1739 2538 annorum

1038 2547 1284 2588 tvm—palam,
1307 2547 1387 2578 viva
1410 2556 1506 2580 voce.
1527 2547 1581 2581 cf.
1608 2549 1737 2586 suntin.

1038 2596 1154 2631 Instit.
1169 2597 1192 2627 l.
1209 2605 1252 2628 11.
1268 2601 1293 2628 t.
1307 2604 1341 2628 x.
1357 2597 1387 2637 §.
1405 2600 1457 2629 13.
1482 2598 1580 2637 litem.

1082 2650 1102 2666 ⁸¹
1126 2646 1326 2687 Rutgersius
1353 2656 1397 2677 ex
1417 2647 1608 2680 Eusebiano
1633 2648 1737 2682 Chro-

1040 2696 1119 2737 nico
1139 2696 1292 2737 reposuit
1311 2696 1474 2737 septimum
1485 2708 1498 2735 ,·
1528 2698 1737 2742 chronogra-

1042 2747 1100 2788 phi
1114 2747 1308 2788 dispiciant.
1331 2745 1432 2785 Bau-t.
