1916 3190
495 473 873 540 ELENCHUS
927 490 1472 540 ALPHABETICUS
1536 515 1541 517 <

412 624 790 656 NONNULLORUM
835 623 1114 657 SCRIPTURAE
1162 624 1331 657 COMPE
1338 626 1364 657 N
1372 625 1567 657 DIORUM

635 720 743 753 QUAE
767 721 821 753 IN
846 722 919 754 VV.
943 723 1012 754 LL.
1035 722 1343 755 OCCURRUNT.

264 1001 346 1034 Aer.
362 1002 489 1036 Acron.
655 1002 822 1034 Helenins
837 1001 967 1042 Acron,
981 1005 1081 1033 vetus
1092 1001 1308 1033 Scholiastes.

262 1054 344 1087 Ald.
653 1055 770 1087 Editio
785 1054 919 1086 Aldina.

263 1106 334 1139 Ait.
351 1111 381 1138 1.
396 1110 428 1139 2.
658 1107 735 1138 1)υο
751 1106 850 1138 codd.
867 1114 953 1148 quos
969 1105 1055 1137 citat
1071 1104 1164 1138 Jani.

263 1159 432 1192 Anchers.
657 1159 758 1192 Joan.
773 1159 871 1190 Petr.
895 1158 1147 1190 Anchersenius
1170 1156 1214 1188 ad
1237 1157 1385 1189 Carmen
1406 1155 1589 1196 saeculare,
1611 1152 1717 1186 Hasn-

714 1214 809 1243 1⁷52.

267 1264 415 1306 Argent.
662 1263 781 1295 Editio
797 1262 1113 1304 Argentoratensis,
1127 1271 1181 1293 an.
1196 1264 1293 1294 1516.

265 1316 410 1349 Ascens.
657 1315 844 1348 Asceusius
860 1315 894 1346 in
908 1315 1067 1347 Editione
1083 1314 1194 1346 Paris.
1208 1317 1304 1346 1503.

266 1370 373 1403 Basil.
662 1369 778 1401 Editio
793 1368 1016 1408 Bassseensis,
1033 1370 1126 1401 152⁷.

265 1423 395 1455 Battei.
659 1422 778 1454 Codex
793 1421 1011 1453 Battelianus
1027 1420 1191 1452 Bentleii.

265 1476 369 1508 Baxt.
659 1475 850 1507 Guiielmus
866 1475 1037 1506 Baxterus
1054 1474 1089 1505 in
1105 1473 1264 1505 Editione
1281 1482 1341 1504 sua
1356 1471 1519 1512 secunda,
1533 1481 1588 1504 an.
1601 1474 1697 1504 1725.

266 1528 391 1561 Bemb.
662 1527 782 1560 Codex
809 1528 997 1559 Bembinus
1023 1527 1169 1568 Coliegii
1197 1526 1298 1567 Regii
1328 1526 1474 1557 Cantab.
1503 1535 1601 1567 quem
1631 1526 1721 1558 citat

198 1581 201 1583 ’
715 1581 903 1613 Bentleius.

266 1634 384 1666 Bentl.
658 1633 735 1666 Ric.
751 1634 930 1666 Bentleius
945 1634 980 1665 in
993 1633 1155 1666 Editione
1171 1642 1231 1664 sua
1245 1631 1407 1673 secunda,
1420 1631 1532 1664 Amst.
1544 1632 1643 1663 1⁷13.

266 1687 401 1726 Be‘rsm.
661 1687 805 1719 Codices
819 1687 1024 1719 Bersmanni
1037 1686 1128 1728 apud
1145 1686 1325 1718 Zeunium.

265 1739 391 1772 Biand.
410 1743 439 1771 1.
454 1742 486 1772 2.
502 1742 535 1773 3.
550 1741 616 1773 διο.
822 1740 998 1772 Blandinii
1013 1738 1239 1781 antiquissimi
1254 1737 1346 1779 apud
1363 1736 1560 1780 Cruquium.

266 1792 368 1825 Bodl.
383 1796 413 1825 1.
430 1795 464 1827 2.
662 1809 813 1816 ——-
827 1792 1008 1825 Bodleiani
1024 1792 1091 1823 duo
1107 1791 1198 1832 apud
1214 1790 1422 1822 Bentleium.
1584 1796 1587 1798 ’

266 1845 370 1877 Βοὲῑ.
665 1846 704 1878 C.
721 1845 764 1878 A.
780 1844 1000 1886 Boe'ttigerus
1015 1844 1049 1876 in
1065 1843 1131 1875 Ed.
1146 1844 1291 1875 Brunav-
1306 1845 1404 1875 179³.

267 1897 378 1929 Bond.
665 1899 766 1931 Joan.
783 1897 895 1929 Bond.
911 1897 945 1928 in
963 1897 1027 1928 Ed.
1045 1896 1163 1928 Aurel.
1176 1899 1273 1928 1670.

268 1949 351 1981 Bos.
661 1949 864 1993 Lambertus
877 1950 946 1980 Bos
960 1951 994 1980 in
1007 1949 1383 1981 Animadversiouibus.

269 2001 375 2033 Brod.
663 2001 783 2033 Codex
797 2001 948 2041 Brodaei,
961 2011 1058 2042 quem
1073 2000 1189 2032 laudat
1204 2001 1392 2032 Gesnerus.

269 2054 370 2086 Brut.
803 2062 904 2094 quem
920 2053 1007 2084 citat
1021 2052 1113 2085 Jani.
1190 2092 1195 2096 .

270 2108 391 2139 Burin.
660 2107 787 2138 Petrus
803 2106 1019 2136 Burmannus
1034 2104 1067 2136 in
1083 2104 1148 2136 Ed.
1164 2114 1223 2135 sua
1237 2103 1349 2136 Amst.
1360 2106 1456 2137 1713.

228 2173 231 2175 ·
270 2160 367 2192 Busl.
664 2159 784 2191 Codex
800 2158 1030 2197 Buslidianus,
1046 2167 1144 2198 quem
1161 2156 1244 2188 citat
1262 2156 1446 2198 eruquins.

271 2211 417 2246 eantab.
667 2211 783 2243 Editio
796 2209 1084 2250 Cantabrigieusis
1101 2211 1197 2242 1701.

271 2266 371 2299 Cart.
662 2264 782 2297 Codex
797 2264 895 2304 cujus
907 2263 1088 2295 Variantes
1103 2262 1219 2293 iaudat
1236 2261 1416 2303 Cruquius.

273 2319 421 2351 chabot.
663 2317 760 2352 Petr.
777 2316 893 2348 Gualt.
909 2314 1133 2347 Chabotus-in
1150 2314 1311 2345 Editione
1327 2323 1386 2345 sua
1402 2313 1514 2345 Paris.
1530 2316 1626 2346 1582.

274 2372 430 2404 Colbert.
666 2369 784 2402 Codex
799 2369 1014 2402 Colbertinus
1027 2367 1117 2409 apud
1132 2366 1339 2398 Bentleium.

274 2424 394 2457 Comb.
665 2422 807 2454 Carolus
825 2420 953 2453 Combe
967 2421 1000 2451 in
1013 2419 1174 2451 Editioue
1188 2427 1249 2450 sua
1264 2418 1375 2450 Lond.
1392 2421 1488 2450 1792.

275 2479 379 2519 Cruq.
670 2474 840 2516 Cruquius
855 2474 888 2505 iu
906 2473 1065 2505 Editione
1081 2471 1300 2503 plantiniana
1317 2474 1412 2503 1597.

275 2530 363 2562 Cun.
380 2529 524 2570 Cuning.
669 2526 934 2568 Cuninghamius
948 2526 982 2558 in
998 2524 1263 2557 Adversionibns
1286 2524 1322 2555 in
1348 2524 1422 2556 Ric,
1436 2523 1583 2556 Bentleii
1599 2523 1723 2563 Notas,

723 2582 818 2613 1721.

276 2635 401 2666 Dacer.
671 2633 841 2665 Dacerius
855 2632 888 2663 in
901 2630 1062 2663 Editione
1075 2639 1135 2661 sua
1150 2629 1261 2661 Paris.
1278 2632 1373 2660 1709.

278 2689 391 2728 Desp.
673 2685 804 2717 Ludov.
818 2685 980 2725 Desprez.
992 2684 1027 2714 in
1045 2682 1108 2713 Ed.
1127 2682 1253 2721 Delph.

277 2742 377 2773 Desa.
395 2743 425 2772 l.
440 2742 471 2770 2.
673 2738 817 2770 Codices
832 2737 952 2780 quibus
968 2745 1044 2769 usus
1060 2740 1112 2768 est
1126 2734 1218 2769 Jani.
