1916 3190
293 240 380 282 422
795 239 838 292 ρ’.
869 253 1083 284 Hona'rn
1117 253 1292 286 nacci

519 344 632 387 Mox
646 346 848 400 juniores
870 349 1027 402 quaerit
1046 348 1268 391 adulteros
1330 379 1333 383 »
1683 352 1741 394 25
1772 412 1776 415 ¹

522 411 638 453 Inter
658 413 802 455 mariti
820 414 952 465 vina3
980 426 1120 468 neque
1139 415 1258 469 eligit

577 478 660 519 Cui
681 478 817 520 donet
834 480 1114 533 impermissa
1130 481 1302 535 raptim'

632 543 827 596 Gaudia,
848 546 1088 587 luminibus
1109 548 1312 589 remotis:

517 608 606 651 Sed
620 610 749 664 jussa
772 624 919 653 coram
940 625 1027 653 non
1049 613 1141 654 sine
1161 612 1345 654 conscio

517 675 665 728 Surgit
687 678 871 728 marito3
904 691 986 719 seu·
1005 684 1139 720 vocat
1158 679 1350 728 institor,
1685 682 1744 722 3⁰

574 741 664 783 Seu
685 744 812 785 navis
835 743 1056 798 Hispanae
1077 746 1295 798 magister,

634 807 915 851 Dedecorum
937 811 1157 864 pretiosus
1178 816 1331 853 emtor.

286 940 424 970 sectatur
438 939 523 971 inter
536 941 599 973 viri
621 942 673 974 sui
695 943 857 974 convivia.-
878 944 1054 983 mallumque
1078 944 1229 975 delectum
1246 944 1384 983 adhibet,
1399 944 1450 975 eui
1475 945 1648 985 voluptate·
1661 943 1749 975 haud

289 981 393 1012 licitas
397 981 517 1019 furtim
532 983 708 1025 indulgeat,
721 985 872 1016 extinctis
885 985 1029 1016 lucernis.
1072 985 1137 1016 Sed
1150 989 1302 1026 proesente
1316 990 1347 1017 et
1368 986 1576 1018 consentiente
1594 986 1663 1017 viro
1674 994 1744 1026 per-

287 1023 339 1062 git
353 1026 474 1063 vocata,
487 1024 554 1056 sice
571 1026 654 1066 petit
675 1027 867 1066 negotiator,
881 1028 948 1058 sive
971 1027 1115 1059 dominus
1139 1028 1231 1059 navis
1247 1027 1446 1069 Hispaniae,
1459 1027 1592 1070 flagitia
1604 1036 1746 1060 remune-

902 1120 941 1132 ιθ,
945 1120 982 1132 ‘O

1123 1120 1142 1132 0

290 1186 362 1214 tunc
376 1187 407 1215 et
421 1183 557 1215 emend.
571 1183 700 1216 Sanad.
717 1189 751 1215 et
768 1186 818 1216 sic
834 1185 943 1217 edidit
959 1185 1134 1217 Siva—26
1158 1185 1250 1226 Lips.
1274 1188 1307 1217 4.
1330 1195 1385 1217 nec
1405 1184 1596 1224 elegia—2?
1619 1181 1747 1222 Acron.

289 1225 472 1257 Pulmanni
490 1226 608 1258 Hunn.
634 1227 784 1259 Bentleii
807 1227 960 1259 Galiens.
985 1233 1022 1258 et
1050 1227 1143 1268 Lips.
1160 1231 1188 1259 1.
1215 1227 1415 1264 intermissa,-
1443 1231 1510 1258 vet·
1533 1225 1610 1257 cod.
1635 1224 1748 1257 Achil.

288 1267 378 1299 Stat.
396 1273 486 1300 teste
502 1269 632 1300 Mutet.
647 1269 826 1301 Pulmanni
844 1270 979 1301 Diesth.
993 1269 1080 1300 Exc.
1096 1270 1174 1301 Sax.
1190 1269 1369 1309 improvisa,
1382 1270 1415 1302 h.
1426 1278 1459 1300 e.
1476 1277 1612 1309 prorsus
1629 1267 1745 1306 ignote

289 1309 509 1353 hominu-nec
523 1312 674 1351 speranti
691 1312 842 1353 quidem.
881 1313 890 1330 ‘
905 1313 1056 1352 Vulgata
1069 1312 1178 1343 multo
1194 1312 1331 1352 aptior.'
1351 1311 1530 1343 ἀνῶ-28
1555 1310 1670 1341 Oscula
1685 1319 1750 1350 pro

294 1351 422 1383 Gaudia
438 1352 504 1384 duo
520 1353 622 1384 codd.
640 1354 896 1386 Lambini.—30
918 1355 1015 1385 Unus
1031 1354 1156 1387 Bland.
1172 1354 1314 1394 Cruquii
1331 1359 1367 1385 et
1384 1353 1454 1385 Alt.
1470 1356 1502 1385 2.
1525 1362 1594 1384 eum
1606 1354 1747 1384 vocat.—

291 1394 332 1437 32
357 1393 527 1426 Dedecori-3
535 1405 570 1435 p.
587 1399 685 1426 emtor
701 1397 847 1428 Mentel.
864 1401 900 1427 et
916 1397 1017 1428 Dess.
1030 1399 1064 1427 2.
1085 1400 1093 1414 ‘
1109 1397 1222 1428 Minus
1239 1395 1399 1437 poetice!
1421 1395 1599 1427 dant—35
1617 1394 1747 1425 Pirrum

949 1479 983 1511 N
987 1479 1092 1511 OTAE

293 1537 422 1571 ἁπαλῶν
436 1539 568 1580 ὀνύχων.
592 1540 666 1574 Cic.
682 1542 724 1574 ad
742 1543 859 1574 Famil.
879 1552 903 1574 1.
919 1546 951 1575 6.

333 1592 374 1620 25
397 1589 479 1621 Mox
501 1590 658 1629 juniores,
686 1590 756 1631 afa]
796 1591 881 1622 Cum
911 1601 992 1623 vero

290 1645 398 1679 nupta
424 1643 490 1678 est,
516 1641 637 1671 marito
661 1649 722 1671 suo
740 1640 894 1680 juniores
911 1650 991 1673 moe-

291 1689 370 1719 elios
386 1689 524 1730 quaerit,
542 1690 593 1720 vel
612 1690 699 1720 iuter
715 1690 805 1730 ipsas
822 1690 991 1730 nuptiales

292 1738 423 1777 epulas,
441 1739 493 1769 vel
511 1738 590 1770 dum
607 1738 665 1770 ille
688 1739 814 1770 amicos
837 1740 994 1772 convivio

291 1788 436 1829 excipit,
468 1789 520 1832 yel
548 1798 624 1819 cum
653 1788 834 1820 ‘invitavit
858 1798 934 1821 sese
961 1789 993 1820 in

291 1841 387 1869 eoena
403 1838 591 1878 plusculum
608 1842 710 1880 atque
725 1831 872 1879 appotus
888 1838 994 1880 probe

291 1887 368 1926 est,'
383 1888 472 1929 quod
490 1888 538 1919 ait
553 1888 671 1920 Plaut.
690 1888 859 1930 Amphitr.

335 1940 378 1968 26
403 1939 510 1978 Neque
532 1938 625 1978 eligit
650 1939 711 1970 Cui
727 1940 832 1979 donet,
847 1938 918 1979 εγὼ]
943 1939 995 1971 Eo

292 1985 428 2016 demum
456 1987 677 2027 impudentiae
705 1988 936 2033 progreditur,
959 1993 996 2020 ut

291 2044 360 2065 non
373 2036 474 2075 clam,
489 2037 628 2077 raptim,
643 2037 775 2078 furtim,
789 2045 847 2070 aut
865 2049 926 2080 per
943 2044 991 2070 te·

291 2083 414 2115 nebras
445 2087 570 2126 noctis,
599 2088 807 2128 remotisque
835 2088 994 2127 lucernis,

293 2132 460 2163 adulteria
487 2138 680 2174 perpetret,
709 2137 917 2178 moechisque
945 2138 993 2167 iu-

288 2182 455 2222 'dulgeat3
472 2181 532 2213 sed
550 2183 675 2223 palam,
686 2189 735 2223 et,
747 2186 836 2224 quod
851 2187 993 2226 turpius,

291 2232 454 2264 “conscio
484 2231 631 2269 ιῑιειήιο,ν
657 2233 845 2273 quemlibet
873 2244 994 2264 vocan-

294 2286 364 2314 tem
380 2282 546 2322 sequitur,
563 2291 602 2312 ac
620 2281 694 2313 sine
713 2282 780 2312 ullo
796 2282 994 2314 discrimine

293 2331 394 2363 obvio
423 2331 529 2362 cuivis
558 2331 704 2371 pretium
734 2330 903 2372 offerenti,
927 2342 994 2364 non

293 2391 391 2414 secus
422 2390 461 2413 ac
491 2381 660 2422 publicum
685 2382 813 2413 et'vile
835 2387 995 2422 scortum,

295 2433 449 2464 venalem
465 2440 503 2462 se
515 2430 705 2472 prostituit.

337 2485 380 2514 29
404 2482 478 2512 Non
503 2482 570 2512 sine
594 2481 711 2512 conscio
734 2480 847 2521 Surgit
868 2482 995 2523 marito]

294 2532 445 2563 vidente
472 2537 507 2562 et
534 2531 665 2562 sciente
691 2531 822 2571 marito,
846 2532 954 2572 surgit
976 2541 995 2562 e

293 2581 455 2621 triclinio,
471 2585 507 2612 et
520 2580 561 2611 ad
580 2580 745 2612 moechum
763 2585 993 2613 accersentem

295 2631 425 2671 pergit:
444 2630 515 2661 sive
526 2629 582 2661 ille
595 2630 775 2662 connivent
788 2637 824 2663 et
835 2631 998 2663 mercede

295 2685 476 2720 corruptus
492 2680 605 2711 uxoris
617 2679 757 2720 flagitiis
771 2686 909 2719 annuat,
919 2681 995 2712 inde

295 2730 427 2761 lucrum
450 2728 594 2760 faciens.
631 2729 790 2762 Juvenal.
813 2730 885 2762 Sat.
901 2733 996 2762 1.·56.

296 2780 311 2805 ‘-
324 2779 456 2811 Doctus
472 2783 627 2819 spectare
643 2779 796 2817 lacunar,
814 2779 942 2812 Doctus
959 2784 996 2812 et

1048 1542 1090 1573 ad
1121 1542 1259 1574 calicem
1286 1541 1441 1582 vigilanti
1472 1543 1617 1572 stertere
1640 1539 1745 1572 naso.'

1047 1591 1128 1623 Sive
1151 1592 1207 1622 ille
1233 1592 1421 1632 imperium
1444 1599 1510 1622 non
1535 1590 1623 1621 ausit
1647 1594 1746 1630 petu-

1046 1640 1185 1672 lantiam
1216 1640 1332 1671 uxoris
1362 1639 1536 1672 coercere.
1585 1639 1746 1672 Juvenal.

1047 1691 1117 1722 Sat.
1142 1699 1192 1721 vr.
1221 1692 1293 1721 135.
1320 1693 1356 1720 et
1376 1698 1447 1730 seq.
1481 1686 1570 1721 Item
1597 1699 1646 1720 vs.
1671 1691 1748 1720 269.

1045 1741 1054 1758 ‘
1071 1741 1166 1772 Titne
1185 1739 1298 1780 gravis
1320 1739 1376 1770 illa
1397 1739 1481 1777 viro,
1501 1743 1582 1769 tunc
1598 1737 1682 1770 orba
1705 1738 1746 1769 ti-

1047 1791 1142 1833 gride
1167 1791 1263 1831 pejor
1276 1812 1284 1822 .
1298 1812 1306 1821 .
1323 1813 1332 1822 .
1351 1789 1432 1821 olim
1454 1793 1676 1828 convenerat,
1697 1788 1748 1819 in-

1047 1841 1134 1883 quit,
1152 1841 1200 1872 Ut
1214 1838 1347 1871 faceres
1373 1843 1409 1870 tu
1428 1838 1516 1880 quod
1534 1837 1661 1877 velles;
1684 1846 1747 1892 uec

1047 1901 1113 1922 non
1128 1900 1193 1931 ego
1208 1899 1340 1931 possem
1357 1888 1540 1928 Indulgere
1553 1888 1645 1919 mihi.
1670 1887 1749 1920 Cla-

1049 1951 1118 1973 mes
1143 1942 1236 1979 licet,
1252 1945 1287 1972 et
1311 1949 1403 1971 mare
1427 1939 1514 1971 coelo
1539 1937 1751 1978 Confundas,

1048 1993 1146 2023 homo
1164 2001 1248 2023 siun.
1295 1988 1389 2022 Nihil
1415 1993 1470 2021 est
1491 1988 1653 2021 audacius
1679 1989 1746 2020 illis

1048 2041 1249 2080 Deprensis.
1280 2040 1370 2071 Iram
1384 2044 1488 2080 atque
1504 2038 1632 2069 animos
1649 2046 1668 2069 a
1682 2037 1750 2069 cri·

1049 2092 1138 2122 mine
1155 2090 1315 2122 sunium!

1091 2143 1132 2172 30
1155 2140 1303 2180 Institor]
1327 2139 1420 2172 Gall.
1440 2138 1576 2171 Factenr
1595 2139 1634 2170 de
1655 2138 1751 2170 Mar·

1046 2191 1158 2228 cheud,
1186 2190 1300 2221 dictus
1331 2189 1420 2231 quod
1458 2189 1563 2220 instet
1597 2187 1747 2229 gerendo

1048 2239 1196 2279 negotio.

1089 2290 1128 2318 31
1164 2289 1267 2319 Navis
1294 2287 1451 2328 Hisponoe
1476 2286 1643 2326 mag-ister]
1677 2286 1746 2318 Seu

1047 2338 1240 2375 nauclerus,
1274 2346 1333 2368 seu
1363 2336 1458 2367 navis
1485 2335 1654 2374 dominus,
1686 2345 1744 2367 seu

1047 2390 1216 2416 mercator
1231 2389 1266 2415 et
1280 2385 1484 2424 negotiator.
1515 2383 1663 2423 Hispani
1680 2383 1747 2416 fre-

1046 2438 1190 2475 quentes
1214 2434 1247 2464 in
1274 2433 1408 2464 Italiam
1431 2431 1636 2473 negotiaturi
1654 2443 1747 2464 com-

1047 2482 1207 2514 meabant
1223 2487 1257 2514 et
1272 2481 1492 2522 navigabant,
1516 2481 1594 2512 vina
1612 2482 1750 2523 scilicet

1048 2532 1277 2572 advehebant,
1297 2531 1379 2563 alias
1395 2535 1508 2562 autem
1525 2531 1750 2572 reportabant

1049 2591 1189 2614 merces.
1234 2581 1323 2614 Vide
1338 2590 1365 2613 1.
1382 2580 1451 2613 od.
1468 2582 1520 2611 81.
1691 2587 1695 2590 ·

1090 2634 1132 2663 32
1151 2633 1345 2664 Dedecorum
1354 2630 1509 2671 pretinm
1518 2629 1631 2671 emtor]
1655 2631 1750 2663 Quo·-

1049 2682 1098 2713 vis
1115 2682 1226 2723 pretio
1243 2690 1357 2713 emens
1378 2686 1413 2711 et
1440 2687 1659 2711 remunerans
1685 2678 1745 2727 fla·-

1048 2731 1134 2773 gitia
1155 2736 1189 2764 et
1215 2731 1382 2778 adulteria
1407 2729 1604 2763 Italicarum
1630 2729 1749 2762 mulie-

1049 2790 1132 2813 rum.
1491 2793 1493 2795 ¹
