1916 3190
655 458 1211 521 EXCURSUS

457 602 568 649 AD
621 602 1071 654 CARMINUM
1123 604 1278 653 Lm.
1336 605 1409 652 11.

683 902 1103 947 EXCURSUS
1154 904 1194 946 Ι.

801 1001 870 1033 An
894 1001 972 1034 on.
994 1001 1079 1034 xu.

760 1098 824 1127 DE
859 1097 1127 1128 LIGYMNJA.

223 1171 390 1223 ΜΑωιΛ
398 1194 478 1223 sunt
492 1194 528 1222 et
543 1189 672 1222 atrocia
686 1190 777 1223 bella
799 1195 900 1231 gesta
915 1190 1006 1222 inter
1026 1190 1160 1222 Horatii
1179 1190 1299 1233 Intpp.
1320 1191 1364 1223 de
1380 1192 1446 1224 hac
1462 1190 1662 1233 Licymnia3

218 1253 294 1285 qua
305 1251 412 1277 caiisa
426 1242 507 1275 lieet
517 1251 634 1282 parum
646 1242 801 1284 profecto
812 1243 976 1274 momenti
991 1242 1130 1283 habeat,
1142 1248 1255 1275 tamen
1270 1254 1356 1285 opns
1371 1250 1426 1277 est
1439 1250 1534 1277 recte
1548 1244 1592 1276 de
1605 1244 1666 1275 ina

212 1294 373 1336 judicare
397 1302 498 1334 posse
518 1294 783 1327 adolescentem.
827 1295 905 1328 Qua
926 1294 1044 1326 eadem
1068 1295 1112 1327 de
1138 1305 1188 1336 re,
1213 1296 1304 1338 quod
1322 1306 1389 1328 non
1407 1297 1553 1328 solemus
1568 1296 1667 1335 alias}

216 1347 404 1380 varietates
431 1346 591 1378 librorum
614 1346 649 1378 in
675 1347 809 1378 nomine
833 1347 956 1388 puellae
972 1348 1166 1385 accuratius
1181 1348 1446 1389 percensuimus.
1488 1347 1667 1380 Acerrime

218 1399 310 1432 enim
324 1399 502 1432 contendit
516 1399 644 1430 Dacer.
657 1399 754 1440 (post
768 1400 809 1432 Τ.
826 1400 985 1436 Fabrum,
1000 1400 1113 1441 Epist.
1126 1409 1171 1431 u.
1195 1399 1265 1439 Μ’.)
1285 1400 1503 1432 scribendum
1518 1409 1594 1431 esse
1609 1399 1666 1430 Li-

217 1451 332 1484 ss'ns'nss
342 1461 357 1489 ,·
365 1459 443 1483 nam
456 1460 534 1483 cnm
549 1459 612 1492 pro
622 1450 766 1483 Licinius
776 1456 813 1483 et
822 1451 949 1483 Limia
960 1452 1064 1483 etiam
1076 1451 1238 1484 Licinius
1247 1457 1285 1484 et
1294 1452 1443 1484 Ιλείιιπιῗιι
1451 1451 1668 1493 scripserint,

217 1504 281 1536 hoc
307 1504 456 1536 Horatio
478 1504 610 1535 veniam
634 1503 771 1535 dedisse
786 1504 1013 1546 producenda
1029 1504 1167 1546 syllsbae
1181 1505 1222 1537 ci.
1265 1504 1333 1537 Sed
1349 1514 1427 1537 cum
1442 1504 1507 1536 soli
1520 1504 1667 1536 seriores

218 1557 403 1598 scriptores
416 1556 545 1596 Graeci,
560 1561 599 1588 ut
613 1556 696 1597 Dio,
716 1556 868 1588 Λικίννιον
889 1556 1017 1597 dicant,
1033 1557 1081 1587 illi
1097 1566 1141 1588 ex
1161 1556 1340 1599 Angusteo
1354 1558 1494 1596 saeculo,
1515 1558 1569 1589 vel
1584 1562 1666 1588 ante

216 1609 315 1650 illud,
328 1614 368 1642 nt
382 1609 561 1650 Polybius,
572 1609 756 1650 Dionysius
771 1609 885 1640 Halic.
901 1618 1038 1649 semper
1046 1607 1191 1648 Λικίνιον,
1203 1618 1268 1640 nec
1280 1609 1450 1640 nominum
1463 1609 1666 1640 Latinorum

218 1660 332 1695 Greci
357 1661 477 1693 arbitri
502 1661 614 1702 potius
637 1669 711 1693 esse
728 1661 873 1701 possint,
897 1670 999 1702 quam
1014 1661 1155 1692 Romani
1167 1670 1177 1700 ;
1198 1660 1301 1693 facile
1325 1661 1497 1694 refutatur
1522 1660 1664 1693 Dacerii

219 1715 335 1747 lectio.

262 1767 332 1799 Sed
347 1766 484 1806 gravior
509 1766 610 1798 etiam
632 1765 674 1798 lis
694 1770 747 1798 est
761 1765 806 1798 de
830 1765 906 1806 ipsa
931 1765 1119 1807 Licymnia.
1161 1767 1306 1798 Plurimi
1326 1765 1466 1799 fuerunt
1480 1766 1543 1798 viri
1558 1766 1667 1806 docti,

218 1819 278 1861 qui
291 1817 473 1859 significari
489 1823 652 1859 putarent
666 1818 879 1857 Terentiam,
894 1818 1096 1850 Maecenatis
1111 1827 1264 1852 uxorem.
1299 1819 1341 1851 In
1355 1819 1407 1850 his
1421 1823 1502 1851 sunt
1514 1819 1668 1851 Lambin.

221 1872 329 1912 Cmq.
343 1871 481 1903 Marcii.
496 1871 694 1902 Manciuell.
708 1872 752 1903 T.
765 1871 886 1910 Faber,
901 1871 1088 1908 Bentleius,
1099 1865 1227 1903 Dacer.
1243 1872 1388 1904 Gesner.
1399 1876 1437 1904 et
1450 1881 1561 1913 nuper
1573 1872 1609 1905 J.
1624 1872 1665 1904 1².

220 1923 372 1956 Seli-sid.
382 1928 419 1954 et
436 1923 577 1960 Sivrins,
594 1924 658 1955 viri
673 1924 862 1957 clarissimi.
905 1925 951 1956 Et
960 1924 1034 1964 jam
1050 1925 1130 1956 olim
1145 1924 1262 1965 fuisse,
1276 1925 1335 1967 qui
1349 1925 1385 1956 id
1398 1925 1668 1966 suspicarentur,

221 1975 426 2016 intelligitur
438 1984 482 2007 ex
499 1976 636 2007 Acrone
650 1976 694 2007 sd
709 1985 759 2008 vs.
774 1978 827 2007 13.
869 1977 879 1994 ⁸
891 1976 1065 2016 Licymnia
1081 1981 1140 2008 aot
1154 1985 1241 2007 uxor
1256 1977 1472 2017 Mecenatis,
1486 1979 1547 2007 aut
1561 1975 1668 2017 ipsius

174 2041 190 2050 -
221 2029 359 2062 Horatii
377 2027 509 2060 amica!
552 2029 599 2061 Et
614 2028 740 2062 clarius
759 2030 863 2061 etiam
885 2029 976 2061 idem
1000 2028 1112 2061 Acron
1128 2028 1171 2060 ad
1194 2038 1220 2062 ι.
1238 2029 1313 2061 Sat.
1334 2032 1367 2062 2.
1389 2033 1445 2062 64.
1486 2028 1620 2061 ‘Vinius
1632 2029 1668 2060 in

223 2081 359 2123 Facta]
381 2082 526 2123 Seu-per
544 2082 677 2113 incerta
697 2082 833 2114 nomina
856 2091 919 2122 pro
941 2082 1096 2120 incertis,
1111 2087 1150 2113 ut
1167 2082 1249 2114 alibi
1263 2092 1274 2113 t
1295 2086 1306 2100 ¹
1319 2082 1379 2114 Me
1393 2082 1502 2114 dulcis
1516 2081 1669 2113 dominas

220 2135 324 2166 Musa
337 2134 522 2175 Licymniae
535 2133 545 2147 '
568 2143 630 2175 pro
644 2135 835 2166 ‘Terentiae
849 2134 872 2164 :¹
892 2138 948 2165 et:
969 2134 981 2151 ⁸
990 2134 1177 2166 Malthinus
1188 2134 1312 2166 tunicis
1323 2133 1477 2167 demissis
1490 2133 1667 2170 ambulat,'

220 2195 285 2230 pro
299 2187 310 2205 ⁸
320 2187 493 2219 Maecenas
506 2186 529 2217 ε’
544 2193 581 2219 et
591 2188 668 2219 hic:
685 2191 694 2205 ¹
706 2187 830 2218 Villius
845 2187 881 2218 in
896 2186 1045 2223 Fausta:
1060 2197 1138 2230 pro,
1150 2187 1161 2204 ‘
1175 2187 1308 2219 Annius
1321 2187 1355 2219 in
1369 2188 1497 2219 Fausta
1510 2186 1532 2218 ι’
1544 2186 1664 2218 eodem

220 2248 359 2271 numero
381 2239 585 2281 syllabarum
612 2240 910 2283 commutationem
938 2240 1107 2271 nominum
1125 2238 1235 2271 fecit!
1278 2239 1359 2279 Hic,
1386 2240 1450 2271 nisi
1475 2249 1530 2270 me
1554 2238 1666 2270 omnia

219 2291 356 2330 fallunt,
371 2293 548 2334 primarius
562 2292 686 2324 fundus
700 2297 755 2324 est
769 2293 858 2324 illins
873 2292 1022 2324 virorum
1038 2292 1216 2324 doctorum
1231 2293 1424 2323 sententiae.
1468 2290 1557 2322 Haee
1576 2290 1664 2321 ratio

219 2344 338 2385 etiam,
360 2354 421 2377 cur
443 2345 574 2377 Dacer.
598 2350 664 2376 tam
688 2345 913 2386 pertinaciter
933 2344 1089 2376 Liciniam
1112 2345 1181 2385 legi
1203 2345 1299 2383 velit,
1315 2350 1452 2384 putans,
1464 2341 1665 2373 Terentiam

220 2397 324 2437 illam,
336 2397 413 2438 quia
427 2396 535 2429 frater
549 2397 701 2429 Licinius
713 2399 823 2429 Varro
838 2398 994 2429 Muraena
1009 2397 1167 2437 audierit,
1181 2402 1217 2427 et
1230 2397 1340 2436 ipsam
1356 2395 1517 2426 Liciniam
1534 2394 1662 2425 dictam

221 2448 334 2482 fuisse.
374 2450 442 2482 Sed
466 2460 534 2482 non
555 2451 664 2491 videt,
684 2460 786 2492 quam
809 2450 845 2481 id
870 2459 987 2490 parum
1010 2449 1143 2480 firmum
1164 2449 1222 2482 sit,
1238 2457 1292 2486 ac,
1308 2446 1439 2478 etiamsi
1455 2446 1663 2478 auctoritate

222 2501 488 2544 confirmaretur,
501 2513 600 2545 quam
616 2512 735 2544 pamm
750 2507 832 2534 tunc
848 2502 915 2534 dici
933 2506 1049 2542 posset
1065 2509 1188 2531 nomen
1203 2498 1319 2531 fictum
1338 2508 1400 2540 pro
1416 2508 1496 2530 vero
1512 2499 1666 2540 posuisse

222 2554 398 2586 Horatius.

264 2607 357 2645 Jun,
372 2612 408 2639 ut
423 2607 468 2639 ad
484 2617 555 2639 rem
570 2609 756 2647 veniamus,
771 2608 935 2649 ipsorum,
950 2615 1035 2647 quos
1051 2605 1208 2644 diximus,
1223 2603 1371 2635 virorum
1393 2603 1572 2637 doctorum
1586 2607 1661 2648 qui.

223 2657 364 2690 busdam
380 2659 413 2688 in
422 2664 568 2691 mentem
580 2661 674 2691 venit
686 2660 798 2701 gravis
812 2659 854 2690 de
863 2658 1028 2690 Terentia
1043 2656 1224 2687 dubitatio.
1247 2656 1330 2687 Eam
1346 2657 1434 2688 enim
1450 2662 1582 2690 constat
1592 2658 1662 2691 for-

222 2709 442 2742 mosissimam
458 2710 606 2751 quidem,
618 2712 678 2743 sed
698 2716 733 2743 et
746 2720 913 2742 morosam
930 2709 1109 2740 admodum
1125 2708 1317 2750 elatamque
1332 2707 1459 2748 fuisse3
1481 2711 1660 2743 continuas

223 2764 311 2796 iuter
325 2763 433 2803 ipsam
450 2766 486 2794 et
501 2763 656 2795 maritum
671 2762 775 2796 fuisse
790 2764 886 2801 iites;
911 2771 1002 2803 saepe
1018 2770 1092 2793 cam
1115 2761 1158 2792 ab
1172 2761 1237 2793 hoc
1252 2760 1478 2804 repudiatam,
1494 2763 1566 2805 sed,
1582 2773 1659 2796 cum
