1916 3190
731 262 775 299 Q.
808 260 1017 291 HORA'rll
1055 262 1227 293 FLAcct

483 354 634 405 Crede,
653 368 739 396 non
760 355 884 396 illam
905 354 985 395 tibi
1006 354 1059 395 de
1080 355 1270 397 scelesta

479 422 618 464 Plebe
639 423 871 475 dilectam3
901 435 1039 476 neque
1059 422 1125 463 sic
1144 422 1328 473 fidelem,

481 489 559 530 Sic
579 489 702 531 lucro
727 502 928 531 aversam
947 489 1155 544 potuisse
1176 490 1305 531 nasci

826 557 974 598 Matre
992 557 1214 611 pudenda.

485 624 673 665 Brachia
693 627 734 664 et
754 624 921 665 vultum
942 629 1186 678 teretesque
1207 636 1331 666 suras

486 690 662 744 Integer
679 690 816 732 laudo
834 704 844 732 :
875 691 978 744 fuge
999 692 1235 744 suspicari,

261 790 314 821 Sic
329 789 404 820 habe
417 798 478 819 non
492 798 559 820 eam
571 788 691 827 infelici
705 789 743 819 de
751 788 907 829 plebecula
923 787 981 819 tibi
992 788 1120 819 electam
1130 798 1140 818 .-
1156 797 1211 819 nec
1224 788 1389 828 itafidam,
1399 788 1447 819 ita
1458 790 1596 828 quastus
1610 797 1717 828 asper-

259 832 410 863 natrioem
424 832 510 872 turpi
531 834 632 862 nurtre
651 831 747 871 gigni
769 831 914 872 potuisse.
961 831 1108 861 Ceterum
1121 830 1258 862 intactus
1271 831 1362 862 laudo
1377 829 1504 862 brachia
1518 834 1547 862 et
1553 830 1671 869 faciem
1685 834 1716 862 et

867 915 1107 929 eooaeoomo

262 974 351 1002 nates
378 960 614 1011 Cunlng.—'171
636 969 738 1000 Credo
762 970 846 1001 Var.
872 969 970 1001 Lect.
995 980 1052 1011 ap.
1073 969 1282 1003 Jones.—-18
1305 969 1401 1001 Plebe
1415 970 1564 1001 delectum
1581 969 1717 1010 qnidam

262 1012 364 1043 codd.
380 1011 500 1042 Lamb.
516 1015 554 1041 et
568 1011 665 1041 Torr.
682 1011 829 1042 Mentel.
845 1012 995 1043 Helmst.
1021 1012 1120 1044 Harl.
1131 1014 1164 1043 2.
1181 1014 1213 1043 3.
1227 1015 1259 1043 5.
1282 1020 1368 1042 uuus
1389 1012 1521 1043 Bersm.
1544 1012 1626 1043 item
1648 1012 1718 1043 Ve-

266 1059 337 1086 net.
356 1055 452 1085 1590.
469 1052 572 1084 Fabr.
589 1053 671 1084 Vet.
687 1052 808 1084 Comb.
825 1053 907 1084 Fab.
921 1054 1043 1085 Heius.
1062 1053 1109 1085 H.
1124 1058 1160 1085 et
1175 1054 1219 1086 R.
1235 1053 1378 1094 Steplib.
1392 1054 1524 1085 Dacer.
1540 1056 1577 1084 et
1596 1053 1719 1085 Schre-

264 1097 331 1128 vel.
374 1095 443 1126 Sed
457 1095 605 1126 dilectam
619 1099 764 1136 quatuor
777 1095 897 1126 Lamb.
913 1105 1030 1127 omnes
1046 1096 1153 1136 Cruq.
1171 1095 1284 1127 Pulm.
1310 1095 1429 1127 Hunn.
1442 1094 1627 1127 Gemblae.
1646 1098 1675 1128 l.
1689 1098 1722 1127 2.

264 1144 301 1170 et
316 1138 443 1169 Beller.
459 1136 558 1168 Harl.
575 1139 606 1167 1.
621 1140 654 1168 4.
671 1139 704 1168 6.
727 1142 797 1168 tres
813 1137 970 1170 meliores
984 1138 1082 1170 Torr.
1099 1139 1211 1178 Lipss.
1228 1138 1372 1177 Franeq.
1389 1136 1471 1168 Asc.
1487 1137 1633 1169 Locher.
1650 1138 1720 1169 Ve-

265 1186 352 1213 nett.
366 1178 484 1211 Lamb.
500 1179 605 1220 Cruq.
619 1179 716 1212 Torr.
734 1179 847 1211 Bentl.
865 1180 967 1212 Baxt.
985 1181 1072 1212 Cun.
1088 1185 1124 1212 et
1139 1183 1377 1212 meeum—19
1392 1178 1447 1210 Sic
1460 1180 1546 1211 lucro
1559 1180 1723 1212 advermm

266 1223 405 1265 quidam
431 1222 551 1254 Lamb.
570 1221 686 1263 plures
715 1222 876 1254 Tou-ent.
898 1222 1080 1254 Pulmanni
1103 1223 1231 1255 Beller.
1253 1231 1338 1255 unus
1351 1223 1486 1254 Bersm.
1503 1222 1597 1263 Lips.
1612 1225 1644 1254 8.
1661 1222 1724 1253 Fa-

266 1265 354 1297 bric.
369 1265 451 1296 Vet.
465 1264 585 1295 Comb.
601 1264 727 1296 Venet.
754 1267 850 1296 1559.
873 1265 1040 1297 Glarean.
1067 1268 1165 1297 1536.
1195 1266 1299 1306 Rntg.
1321 1270 1359 1296 et
1384 1265 1559 1297 Schrevel.
1583 1274 1725 1299 amram

268 1307 395 1340 Scholl.
412 1311 559 1348 quatuor
574 1307 693 1338 Lamb.
706 1307 818 1339 Pulm.
829 1307 947 1340 Hunn.
963 1313 999 1340 et
1014 1307 1192 1340 Gemblac.
1210 1310 1239 1339 l.
1253 1311 1286 1340 2.
1299 1307 1410 1348 Lipss.
1425 1307 1514 1339 Alit.
1530 1310 1561 1339 1.
1575 1310 1608 1339 2.
1622 1307 1725 1339 Dea.

267 1353 300 1382 2.
320 1350 468 1381 Helmst.
484 1358 600 1380 omnes
623 1350 727 1389 Cruq.
753 1350 896 1382 Venett.
920 1349 1006 1382 Asc.
1031 1351 1175 1382 Locher.
1202 1350 1326 1381 He‘ms.
1354 1349 1475 1391 Stepli.
1499 1349 1614 1381 Bentl.
1640 1349 1724 1381 Cnn.
1767 1378 1774 1384 ,

268 1393 372 1423 Baxt.
388 1391 516 1432 Delpli.
530 1390 622 1431 Jani,
637 1391 778 1424 Mitsch.
794 1392 937 1434 Bipont.
954 1392 1099 1424 Wetzel.
1113 1392 1231 1424 Comb.
1248 1391 1386 1424 Wakef.
1403 1397 1440 1424 et
1455 1391 1648 1425 Kidd.—2o
1661 1391 1727 1422 Pa-

929 1476 1070 1508 NOTAE

314 1541 353 1570 17
379 1538 490 1578 Crede,
517 1547 579 1569 non
602 1538 688 1570 illam
714 1538 786 1579 tibi,
808 1539 879 1580 ὅτι]
905 1539 973 1570 Ne-

273 1596 444 1629 quaquam
460 1588 635 1619 credenda
660 1592 714 1619 est
729 1598 749 1620 e
762 1587 850 1620 faece
866 1588 975 1629 plebis

271 1639 344 1677 illa,
374 1647 450 1679 quae
479 1637 561 1668 nihil
591 1637 696 1669 habet
730 1637 903 1669 sordidum
934 1647 976 1670 ac

273 1689 352 1720 vile.
397 1687 551 1720 Plebeiae
565 1689 684 1720 animae
699 1689 793 1720 lucro
805 1697 882 1719 sese
897 1696 976 1719 veu-

274 1738 361 1770 dunt
375 1739 466 1769 ultro
487 1747 527 1769 ac
543 1743 667 1779 sponte
681 1749 691 1778 ;
715 1738 914 1770 meretrices
931 1738 979 1769 in-

274 1789 393 1831 primis
412 1787 526 1820 infida».
546 1798 586 1820 ac
600 1788 770 1830 perjurae:
796 1788 882 1820 lucri
896 1798 978 1820 vero

1028 1538 1119 1570 nesti
1143 1538 1309 1579 propositi
1325 1541 1495 1579 tenacem,
1510 1548 1609 1580 qnam
1627 1549 1645 1570 a
1659 1538 1728 1571 fide

1028 1597 1094 1620 non
1110 1588 1210 1620 facile
1225 1588 1414 1624 dimoveas,
1429 1597 1494 1620 nec
1506 1588 1622 1620 oblato
1636 1598 1730 1630 quae-

1027 1641 1083 1669 stu
1095 1646 1304 1678 corrumpas.

1075 1690 1115 1719 19
1137 1687 1307 1727 Αυενεαηι]
1331 1686 1399 1718 Alii
1414 1689 1599 1726 adtemm;
1619 1688 1731 1730 perin-

1030 1737 1074 1769 de
1090 1741 1157 1776 est,
1170 1742 1204 1768 et
1218 1747 1279 1778 par
1294 1737 1475 1778 utrobique
1486 1746 1602 1775 mm.
1786 1752 1789 1755 ·

1074 1790 1117 1819 20
1141 1788 1251 1819 Matre
1261 1787 1423 1828 pudenda]
1439 1786 1610 1829 improbis
1625 1796 1665 1819 ac
1677 1785 1736 1818 fla-

276 1848 438 1880 perquam
453 1838 575 1871 avidae.
620 1848 646 1870 ι.
660 1838 729 1871 Od.
747 1841 800 1871 35.
823 1840 834 1857 ‘
847 1838 980 1879 Vulgus

276 1885 417 1919 infidum
443 1895 479 1920 et
505 1889 670 1920 meretrix
694 1894 789 1920 retro
813 1887 982 1930 Perjura?

277 1936 327 1968 At
343 1937 473 1977 Phyllis
496 1938 618 1968 mirum
634 1943 798 1978 quantum
822 1939 832 1956 ‘
848 1937 981 1977 fidelis:

278 1991 349 2017 tum
364 1987 510 2026 quaestui
529 1992 565 2017 et
588 1988 597 2004 ‘
612 1987 704 2018 lucro
721 1987 865 2019 aversa?
909 1989 980 2020 Ho-

262 2045 264 2047 ’
279 2039 412 2065 uestam
427 2034 530 2074 igitur
543 2034 781 2066 educationem
798 2045 981 2076 generosus

282 2085 429 2123 animus,
451 2084 574 2115 nobilis
588 2090 701 2116 alitem
718 2085 892 2117 institutio
918 2086 984 2117 ori-

283 2135 394 2175 ginem
419 2134 508 2165 haud
534 2134 707 2175 vulgarem
731 2135 863 2168 indicat
887 2142 983 2168 certe

283 2190 320 2216 et
334 2184 458 2224 arguit.

327 2233 381 2265 De
404 2234 533 2265 scelesta
557 2233 669 2274 Plebe]
697 2235 775 2274 Vel,
790 2234 935 2275 impura,
950 2239 986 2266 et

285 2283 406 2315 sceleri
421 2284 603 2325 pravisque
616 2283 854 2316 affectionibus
865 2289 902 2315 ut
913 2285 986 2325 plu-

286 2333 408 2364 rimum
424 2333 594 2365 obnoxia:
619 2335 686 2375 vel,
704 2333 929 2373 infortunata,
951 2338 987 2365 et

287 2376 503 2423 paupertatis
521 2382 744 2414 incommodis·
767 2392 808 2414 ae
831 2382 987 2414 ludibriis

288 2434 447 2464 damnata
462 2433 557 2464 velut
573 2437 610 2464 et
624 2437 862 2474 conspurcata.
896 2433 989 2464 Hinc

289 2492 355 2514 non
373 2481 505 2514 abludit
518 2482 608 2524 quod
623 2482 741 2514 Plaut.
766 2482 919 2514 Mostell.
931 2490 989 2513 ιιι.

291 2536 322 2564 1.
341 2535 370 2562 l.
388 2531 528 2563 scribit:
553 2532 563 2548 ⁴
575 2531 817 2563 Scelestiorem
841 2539 990 2572 ego-nu-

291 2590 372 2611 num
389 2585 529 2621 argento
550 2579 668 2612 foeuori
692 2580 872 2622 (locando)
896 2581 991 2612 Nun-

293 2640 394 2671 quam
419 2631 524 2661 ullum
546 2630 627 2671 vidi,
644 2640 744 2672 quam
765 2630 819 2662 hic
836 2629 917 2662 mihi
933 2639 991 2662 an-

295 2689 356 2710 nus
370 2680 522 2720 obtigit!

340 2731 381 2759 18
405 2729 580 2770 Delectant]
613 2729 680 2761 Alii
696 2730 825 2771 legunt,
839 2731 994 2763 dilectam.

340 2778 495 2819 Fidelem]
532 2780 710 2812 eastitatis
733 2786 915 2821 amantem,
937 2781 995 2813 ho-

1033 1836 1166 1879 gitiosis
1191 1837 1342 1868 moribus
1369 1835 1586 1878 turpificau3
1611 1837 1664 1868 vel
1684 1837 1735 1868 in-

1033 1896 1112 1928 ope,
1126 1891 1164 1919 et
1180 1886 1330 1927 abjecta,
1355 1887 1451 1928 cujus
1467 1895 1589 1918 nomen
1605 1896 1646 1918 ac
1666 1895 1736 1918 me-

1034 1938 1142 1969 moria
1172 1938 1336 1979 pudorem
1361 1941 1398 1968 et
1423 1935 1663 1968 verecundiam
1685 1935 1736 1967 fa-

1036 1997 1115 2020 cere
1131 1993 1247 2029 queat.
1291 1988 1321 2018 E
1333 1986 1484 2018 moribus
1495 1986 1625 2018 natales
1638 1995 1737 2027 posse

1036 2047 1077 2068 ac
1093 2038 1217 2069 debere
1234 2036 1397 2069 aestimari
1420 2036 1571 2068 ostendit
1591 2036 1739 2069 Juvena-

1036 2086 1089 2126 lis,
1112 2086 1185 2117 Sat.
1210 2095 1260 2116 vr.
1282 2089 1358 2118 238.
1380 2086 1544 2117 ‘Scilicet
1562 2091 1740 2126 expectas,

1037 2139 1077 2166 ut
1104 2134 1221 2165 tradat
1244 2138 1356 2165 mater
1376 2134 1548 2174 honestos,
1569 2134 1639 2165 Aut
1655 2133 1738 2164 alios

1037 2193 1164 2223 mores,
1180 2192 1280 2224 quam
1293 2192 1378 2224 quos
1392 2182 1515 2213 babet?
1536 2183 1621 2213 utile
1638 2192 1739 2223 porro

1039 2234 1192 2265 Filiolam
1209 2233 1301 2274 turpi
1321 2233 1445 2264 vetulae
1461 2231 1651 2274 producere
1667 2238 1739 2264 tur-

1040 2282 1143 2324 pem!

1082 2335 1125 2363 22
1149 2332 1278 2371 Integer
1291 2333 1397 2373 laudo]
1426 2331 1599 2371 Ceterum,
1613 2341 1634 2363 o
1650 2332 1741 2363 Pbo-

1040 2390 1116 2421 ceu,
1132 2382 1158 2412 si
1181 2381 1283 2412 laudo
1308 2387 1399 2412 tuam
1421 2381 1513 2412 illam
1535 2381 1741 2423 Phyllidem,

1043 2431 1112 2463 noli
1124 2440 1178 2462 me
1188 2431 1347 2463 arbitrari
1360 2431 1476 2472 specie
1487 2432 1576 2463 illius
1589 2438 1742 2473 captum.

1043 2480 1173 2520 Integer
1195 2490 1260 2521 ego
1281 2486 1462 2522 castusque
1486 2481 1588 2513 laudo
1617 2482 1743 2514 brachia

1045 2536 1158 2562 torosa
1172 2536 1208 2563 et
1224 2531 1384 2571 candida,
1401 2532 1519 2564 vultum
1538 2533 1743 2573 speciosum,

1043 2589 1139 2612 suras
1168 2585 1310 2621 teretes,
1346 2585 1523 2623 totamque
1549 2580 1743 2613 formosam.

1043 2631 1164 2673 Itaque
1191 2641 1234 2662 ne
1262 2633 1437 2672 zelotypus
1461 2631 1542 2663 inde
1563 2630 1637 2673 fias,
1657 2627 1746 2662 uere

1044 2681 1224 2721 suspiceris
1248 2682 1386 2713 rivalem
1411 2691 1464 2714 me
1488 2686 1583 2714 tuum
1607 2690 1743 2724 quoquo

1049 2731 1148 2764 modo
1163 2741 1250 2764 esse.
