1916 3190
272 195 362 241 216

751 209 797 247 Q.
831 208 1043 241 noum-11
1077 192 1251 242 resecr

445 301 709 344 Insanientis
730 302 835 347 dum
856 303 1089 357 sapientiae

502 367 742 411 Consultus
762 383 875 419 erro,
901 383 1017 411 nunc
1038 376 1272 413 retrorsum

555 434 672 477 Vela
693 436 813 487 dare,
836 442 972 490 atque
991 437 1150 493 iterare
1171 451 1329 483 cursus

442 500 589 556 Cogor
607 503 810 545 relictos:
830 516 1024 559 namque
1045 505 1288 560 Diespiter,
1674 512 1679 517 ’
1699 506 1730 548 5

443 568 542 623 Igni
564 583 752 612 corusco
773 572 926 613 nubila
955 572 1158 614 dividens

268 689 357 722 diua
378 690 488 722 aberro
498 700 512 726 ‚·
525 689 597 729 jam
609 699 680 721 vero
694 694 804 722 contra
818 690 970 731 velificari
983 690 1097 730 adigor
1110 694 1143 722 et
1156 691 1316 722 dimissam
1331 691 1414 723 viam
1427 692 1575 731 relegere.
1619 691 1728 722 Enim-

269 742 342 765 mu
354 732 672 773 Jupiter-stagnabat
685 733 780 764 nubes
786 733 917 774 findens
924 743 981 773 per
991 735 1103 765 sudum
1117 733 1295 765 intonantes
1305 743 1399 775 equos
1413 744 1450 766 ac
1460 735 1593 766 velocem
1602 742 1728 766 cuma

877 822 1119 836 WWNO

269 886 429 925 ani‚Ad
454 896 487 918 se
506 887 618 928 ipsum,
641 887 680 918 de
706 886 771 918 Dei
792 888 936 927 potentia
949 891 981 924 ,et
998 888 1227 920 Fortuna—5
1252 888 1331 920 Nic.
1358 887 1522 919 Heinsius
1551 887 1594 919 ad
1621 885 1726 920 Ovid.

267 928 360 960 Met.
376 937 459 960 vui.
475 931 550 960 1⁷3.
572 928 655 961 etin
671 928 818 961 Advers.
835 929 895 960 lib.
914 938 954 960 ιι.
969 939 1047 970 cap.
1062 934 1094 962 4.
1110 940 1144 968 p.
1159 932 1237 962 236.
1261 930 1395 962 emend.
1410 934 1505 972 atque
1518 930 1635 962 iterare
1656 939 1727 961 cur-

267 979 322 1002 sus
336 971 440 1010 Cogor
453 971 597 1010 reiectos,
620 976 655 1002 et
677 971 727 1002 sie
752 971 866 1002 Bentl.
888 972 1012 1002 Sanad.
1029 976 1066 1003 et
1088 971 1197 1004 Kidd.
1214 971 1385 1012 probante
1401 972 1578 1011 Gesner03
1601 971 1728 1013 impro-

269 1012 431 1044 bantibus
447 1022 529 1044 vero
545 1014 690 1044 Baxter.
713 1012 808 1053 Jani,
824 1018 861 1044 et
876 1013 1057 1045 Klotz—6
1078 1015 1089 1031 ‘
1104 1013 1182 1053 [gni
1204 1022 1331 1045 corusco
1355 1014 1464 1046 nubila
1485 1014 1640 1051 divim,
1660 1013 1729 1054 ple-

267 1064 398 1097 rumque
414 1055 632 1096 distinguunt
647 1055 775 1087 Venet.
795 1058 890 1087 1590.
912 1055 1058 1088 Ascens.
1082 1056 1200 1088 Lamb.
1225 1056 1327 1088 Fabr.
1346 1056 1471 1092 Heins-
1485 1056 1607 1097 steph.
1622 1055 1728 1096 Rutg.

268 1097 350 1129 Fab.
370 1099 498 1133 Dacer.
514 1099 603 1131 Cun.
618 1102 655 1130 et
669 1098 759 1130 Sivr.
801 1097 869 1129 Sed
886 1097 920 1129 id
938 1098 1124 1130 absurdum
1141 1098 1275 1139 praebet
1291 1108 1439 1133 sensnm.

1483 1099 1596 1131 Recte
1608 1097 1727 1140 itaq-e

267 1139 412 1171 dividens
427 1140 627 1182 Plerumque,
650 1150 707 1182 per
729 1150 760 1181 p.
783 1141 836 1181 ξε.
861 1140 973 1183 Bang.
995 1141 1099 1173 Obss.
1116 1141 1239 1173 Philol.
1267 1141 1333 1173 vol.
1353 1151 1397 1177 n.
1414 1152 1448 1184 p.
1464 1143 1561 1175 1435.
1582 1140 1726 1176 Creech.

922 1226 1063 1260 NOTAE

268 1290 368 1331 dique
390 1290 548 1332 congerit
575 1294 611 1322 et
637 1290 787 1322 cumulat
807 1290 971 1333 quicquid

267 1340 447 1380 gravitatis
474 1349 549 1371 esse
579 1344 695 1380 potest
721 1340 754 1370 in
782 1340 906 1381 verbis,
936 1341 970 1371 in

265 1389 398 1435 figuris,
412 1390 446 1421 in
462 1389 655 1421 sententiis.
699 1389 766 1421 Eas
780 1390 905 1431 passim
921 1394 971 1421 at·

265 1439 383 1476 tende,
398 1440 520 1476 lector.
536 1443 573 1471 et
589 1443 806 1472 consectare.

264 1528 266 1530 v
309 1492 330 1527 2
353 1490 549 1522 Insanientis
572 1488 751 1531 sapientia]
784 1487 968 1530 Ὀξύμωρον.

266 1540 324 1573 Sic
338 1540 372 1572 in
395 1540 506 1582 Ajace
523 1540 708 1581 Sophocles
724 1539 844 1581 ἐχθρῶν
865 1539 967 1581 ἄδωρα

265 1593 356 1633 δῶρα.
393 1593 429 1625 8.
453 1592 597 1635 Gregor.
619 1591 829 1626 Nazianzen.
851 1591 971 1633 ἄσοφοι

265 1641 374 1683 σοφία.
416 1642 510 1675 ΤιιΙΙ.
539 1642 667 1683 Philip.
690 1651 718 1674 1.
745 1643 970 1683 ‘insepultam

264 1692 499 1733 sepulturam.²
544 1692 578 1724 S.
595 1691 687 1732 Aug.
715 1691 760 1723 de
777 1693 879 1725 Civit.
902 1693 970 1724 Dei

267 1750 360 1773 xvn.
375 1744 428 1774 13.
453 1747 462 1760 ⁸
475 1742 680 1783 insipienter
695 1742 842 1783 sapere.’

266 1851 326 1873 nes
354 1851 522 1882 spernens
545 1842 727 1883 religiones
757 1842 792 1873 in
814 1843 971 1883 gravissi-

265 1900 357 1923 mum
373 1900 523 1923 errorem
538 1892 677 1932 impegi.
721 1892 795 1925 Cic.
820 1892 864 1925 dc
884 1894 969 1926 Nat.

264 1941 374 1978 Deor.
403 1950 429 1972 1.
454 1944 530 1973 122.
551 1942 747 1982 ‘Epicurus
777 1953 820 1975 ex
849 1944 970 1975 animis

265 1990 437 2027 hominnm
461 1991 614 2023 extraxit
630 1985 807 2024 'radicitus
834 1993 969 2034 religio-

265 2048 358 2081 nem,
371 2049 448 2075 cum
465 2040 541 2072 Diis
553 2040 801 2076 immortalibus
816 2046 853 2072 et
869 2051 968 2082 opem

265 2094 302 2126 et
327 2089 473 2130 gratiam
491 2090 640 2123 sustulit.
654 2112 680 2123 ..
691 2091 812 2122 .Tollit
828 2091 862 2123 id
877 2091 968 2133 quod

265 2139 414 2178 maxime
444 2139 617 2181 proprium
645 2144 698 2171 est
718 2141 857 2181 optimae
881 2149 970 2182 prae-

266 2188 553 2231 stantissimaeque
576 2193 722 2223 naturoe.
766 2190 858 2223 Quid
879 2190 968 2221 enim

266 2239 399 2280 melius,
424 2243 483 2271 aut
495 2239 579 2280 quid
595 2239 815 2280 praestantius
837 2239 969 2272 bonita-

267 2293 303 2320 te
325 2293 363 2320 et
384 2287 637 2321 beneficentia?
660 2298 727 2331 qua
752 2298 827 2320 cum
849 2298 968 2321 carere

267 2340 382 2371 Deum
401 2339 572 2378 vultis...,
586 2339 755 2371 neminem
766 2338 808 2370 ab
821 2348 863 2371 eo
877 2349 968 2371 ama-

266 2390 309 2431 ri,
338 2390 509 2422 neminem
538 2389 634 2431 diligi
658 2390 967 2424 vultis...Quanto

265 2440 375 2473 Stoici
398 2440 530 2477 melius,
548 2440 607 2482 qni
623 2450 643 2472 a
663 2439 761 2472 vobis
782 2441 967 2482 reprehen-

267 2490 395 2522 duntur
407 2490 432 2521 ?’
462 2491 510 2523 Et
530 2492 652 2527 n.‚124.
676 2489 745 2522 ‘At
765 2491 868 2523 etiam
884 2491 967 2533 Epi-

266 2540 341 2573 curi
357 2540 443 2574 liber
455 2546 509 2573 est
523 2539 567 2577 de
582 2540 778 2577 sanctitate.
805 2540 967 2574 Ludimur

267 2588 311 2621 ab
326 2591 462 2623 homine
476 2600 545 2623 non
573 2596 641 2623 tam
661 2589 789 2630 faceto,
807 2602 908 2632 quam
923 2592 966 2624 ad

266 2640 441 2672 scribendi
450 2642 622 2674 licentiam
634 2641 755 2675 libero.
779 2643 866 2676 Quae
879 2643 968 2675 euim

268 2691 447 2733 sanctitas,
461 2691 490 2723 si
501 2692 557 2724 Dii
570 2692 719 2725 humana
731 2702 799 2726 non
814 2691 971 2726 curant?

267 2741 333 2775 &c-

1070 1292 1164 1323 Num:
1178 1294 1348 1323 retrorsum
1363 1290 1441 1323 Veia
1452 1289 1544 1330 dare]
1568 1289 1730 1332 Metspli.

1026 1353 1046 1374 a
1061 1342 1185 1382 nautis,
1200 1342 1258 1383 qui
1270 1351 1291 1373 a
1307 1345 1401 1373 recto
1411 1350 1448 1372 se
1462 1340 1640 1372 aberrasse
1650 1350 1726 1374 cur-

1023 1401 1064 1423 su
1090 1391 1337 1432 intelligentes,
1364 1391 1399 1422 in
1426 1391 1636 1422 contrarium
1651 1390 1727 1433 ¹jam

1023 1445 1283 1473 convertuntur.

1065 1494 1086 1523 4
1110 1492 1233 1523 Iter-ure
1248 1499 1357 1522 cursus
1374 1490 1479 1529 Cogor
1500 1489 1638 1530 relictos,
1653 1489 1726 1530 4⁴42]

1023 1541 1138 1573 Fateri
1153 1550 1258 1582 cogor
1271 1541 1362 1572 hunc
1379 1550 1399 1572 a
1414 1539 1489 1572 Diis
1506 1540 1623 1571 orbem
1639 1539 1726 1581 regi,

1023 1601 1143 1634 resque
1158 1593 1322 1624 humanas
1343 1591 1386 1624 ab
1404 1591 1446 1623 iis
1461 1592 1575 1624 curari
1588 1602 1599 1623 ε
1623 1591 1727 1624 adeo-

1023 1652 1090 1684 que
1116 1642 1267 1674 Stoicam
1289 1641 1506 1683 disciplinam
1533 1641 1727 1684 amplexus,

1025 1692 1166 1734 Epicuri
1181 1691 1345 1733 dogmata
1365 1700 1567 1734 erroresque
1588 1691 1725 1734 abjicio.

1026 1742 1183 1784 Namque
1203 1742 1306 1774 video
1331 1751 1398 1774 non
1415 1741 1524 1774 solum
1544 1742 1675 1775 coactis
1689 1746 1728 1774 et

1024 1793 1149 1824 collisis
1179 1792 1325 1824 nubibus
1352 1783 1492 1834 fulgin-a
1515 1796 1553 1824 et
1575 1792 1729 1824 tonitrua

1023 1842 1110 1883 fieri,
1123 1842 1182 1874 sed
1199 1851 1284 1884 puro
1298 1841 1402 1874 etiam
1414 1842 1523 1881 coelo;
1543 1841 1632 1884 quod
1647 1851 1727 1874 cum

1024 1899 1153 1934 praeter
1181 1897 1339 1925 naturam
1376 1891 1436 1931 sit,
1468 1890 1619 1927 divinum
1650 1901 1727 1931 esse

1023 1947 1182 1984 oportet:
1206 1942 1287 1976 hinc
1313 1950 1394 1983 ergo
1415 1941 1604 1983 sapientior
1618 1940 1725 1979 effec-

1023 1997 1079 2024 tus
1095 1993 1118 2026 J
1121 1992 1192 2023 ovis
1208 1991 1412 2032 potentiam,
1422 2000 1560 2028 numen,
1573 1991 1726 2037 iramque

1022 2043 1174 2074 revereri
1184 2042 1290 2073 disco.
1312 2041 1403 2072 Vide
1419 2041 1492 2073 Cic.
1509 2041 1553 2072 de
1567 2042 1726 2074 Divinat.

1022 2101 1063 2124 11.
1079 2101 1111 2124 n.
1128 2094 1182 2123 43.
1200 2095 1237 2122 et
1248 2093 1303 2122 44.
1327 2090 1468 2121 Lucret.
1480 2089 1543 2121 lib.
1557 2099 1606 2121 vr.
1621 2091 1724 2131 paulo

1022 2145 1100 2182 post
1116 2140 1260 2179 initium,
1275 2141 1339 2171 &c-

1065 2194 1084 2221 5
1102 2187 1281 2230 Diespiter]
1296 2187 1448 2229 Jupiter,
1460 2186 1526 2219 diei
1539 2191 1639 2229 pater
1653 2186 1724 2220 dic-

1022 2243 1089 2271 tus.
1111 2239 1223 2270 Varro
1240 2238 1283 2269 de
1298 2237 1395 2278 Ling.
1412 2237 1489 2268 Lat.
1505 2245 1559 2268 1v.
1575 2234 1620 2269 A.
1633 2235 1724 2269 Geli.

1023 2299 1055 2321 v.
1069 2291 1120 2321 12.
1142 2287 1300 2320 Macrob.
1314 2287 1450 2318 Saturn.
1467 2295 1494 2320 1.
1510 2289 1564 2334 μδ.
1580 2286 1722 2320 ‘Jovem

1021 2339 1109 2372 lucis
1126 2343 1300 2371 auctorem
1325 2338 1534 2379 accipiamus
1547 2348 1558 2369 ε
1581 2338 1671 2370 unde
1687 2343 1725 2370 et

1021 2390 1201 2423 Lucetium
1215 2388 1298 2421 Salii
1309 2388 1343 2419 in
1357 2387 1563 2420 carminibus
1574 2394 1721 2423 canunt:

1019 2445 1056 2472 et
1072 2440 1256 2472 Cretenses
1278 2436 1340 2470 Δία
1361 2436 1420 2475 τὴν
1434 2436 1552 2479 ἡμέραν
1573 2442 1696 2470 vocant
1709 2449 1720 2470 ε

1019 2490 1148 2532 ipsique
1158 2488 1300 2520 Romani
1308 2487 1522 2528 Diespitrem
1534 2488 1722 2529 appellant,

1021 2545 1058 2572 ut
1073 2539 1141 2572 diei
1156 2536 1314 2580 patrem!

1062 2592 1084 2622 6
1106 2589 1183 2629 Igni
1203 2598 1326 2620 corusco
1350 2587 1456 2619 nubila
1469 2587 1624 2629 dividens]
1646 2587 1721 2621 Cic.

1021 2642 1066 2673 de
1080 2641 1198 2673 Diviu.
1215 2640 1276 2672 cit.
1292 2640 1351 2672 lib.
1364 2649 1407 2671 n.
1429 2639 1439 2657 ‘
1454 2640 1577 2672 Nonne
1589 2639 1720 2681 perspi-

1022 2701 1121 2724 cuum
1149 2694 1213 2731 est,
1238 2699 1282 2722 ex
1303 2690 1413 2731 prima
1426 2689 1598 2725 homiuum
1613 2689 1720 2726 §dmi-

1021 2740 1169 2784 ratione,
1182 2739 1275 2783 quod
1291 2739 1441 2773 tonitrua
1457 2739 1640 2783 ,iactusque
1654 2738 1720 2774 sul-
