1916 3190
263 236 350 277 416

739 248 781 286 Q.
814 248 1023 278 HoRA'rll
1058 249 1232 280 FLAcct

495 341 712 392 Romane,
733 343 874 384 donec
895 343 1066 396 templa
1085 342 1302 392 refeceris,

550 409 782 463 AEdesque
802 410 1003 451 labentes
1023 410 1234 459 Deorum,
1256 414 1300 451 et

607 476 750 518 Foeda
770 478 894 530 nigro
916 477 1155 518 simulacra
1178 477 1317 518 fumo.

497 545 581 585 Dis
602 548 644 585 te
664 544 876 585 minorem
900 545 1018 598 quod
1039 546 1170 599 geris,
1191 545 1384 597 imperas
1402 556 1412 584 ε
1690 543 1720 584 5

493 610 613 652 Hinc
633 624 761 652 omne
782 612 1058 666 principium,
1081 613 1168 654 huc
1189 612 1301 652 refer
1319 610 1498 651 exitum.

265 733 399 771 rissuna
413 737 444 766 et
457 733 583 766 delubra
604 735 763 766 numinum
785 733 971 769 decidentia,
986 737 1079 774 atque
1102 735 1255 774 imagines
1276 739 1346 766 atro
1360 735 1501 775 squalore
1522 733 1720 771 deformatus.

267 775 407 817 Regrm,
435 777 508 817 quia
530 781 561 808 te
583 781 717 818 proestas
745 777 924 815 inferiorem
955 777 1142 808 numinibus.
1187 778 1267 809 Inde
1292 786 1379 808 omne
1400 778 1625 817 primordium:
1647 776 1719 806 iuna:

885 869 1110 884 “Menoe“

267 933 428 966 Hortatur
442 935 599 967 Romanos
620 937 662 967 ad
683 939 766 967 recte
779 936 1020 968 vivendum—a
1043 936 1200 976 AEdeeque
1219 936 1357 967 labantes
1379 935 1498 967 Basill.
1513 937 1609 967 152⁷.
1625 937 1719 966 1532.

267 975 431 1009 Glarean.
451 981 544 1009 1536.
569 983 606 1009 et
629 978 704 1008 aliae
719 978 873 1018 quaedam
899 981 1050 1009 vem—5
1074 978 1139 1009 Dis
1152 981 1184 1009 te
1194 979 1344 1009 minorem
1359 987 1417 1018 quo
1429 978 1516 1017 geris
1530 978 1720 1009 Mentel.—

266 1020 287 1048 6
312 1019 386 1050 Huc
400 1030 487 1051 omne
501 1020 621 1051 mallet
635 1020 850 1051 Torrentius.
886 1022 896 1038 ‘
907 1020 997 1051 Hinc
1011 1019 1131 1051 exitum
1144 1029 1263 1052 omnem
1277 1020 1338 1051 huc
1349 1019 1538 1061 principiam
1551 1019 1636 1058 refer
1649 1019 1721 1061 qui·

922 1114 1064 1148 NOTAE

264 1185 401 1221 patrum
422 1179 456 1211 in
479 1179 580 1220 filios,
600 1180 634 1212 in
659 1180 795 1212 tertiam
811 1184 848 1212 et
863 1190 965 1223 quar-

264 1236 335 1262 tam
349 1231 603 1271 generationem
618 1240 735 1263 eorum
751 1231 808 1272 qui
819 1231 967 1263 oderunt

264 1291 337 1313 me:
363 1286 399 1313 et
415 1280 546 1313 faciens
562 1281 827 1314 misericordiam
843 1282 878 1313 in
894 1282 966 1313 mil-

263 1331 309 1362 lia
325 1331 377 1362 his
393 1332 449 1372 qui
464 1331 612 1372 diligunt
628 1341 693 1372 me,
714 1337 750 1363 et
769 1331 969 1364 custodiunt

265 1388 444 1423 praecepta
456 1383 555 1414 mea.'
591 1384 689 1415 Idem
707 1385 877 1425 repetitur
892 1395 972 1426 cap.

265 1440 399 1463 xxxrv.
424 1441 496 1472 seq.
518 1437 554 1464 et
575 1432 822 1465 Deuteronom.
838 1443 915 1475 cap.
930 1444 969 1465 v.

265 1483 330 1513 &c.
344 1482 570 1522 posteriorem
583 1482 682 1513 istam
695 1483 876 1515 sententioe
891 1493 970 1524 par-

267 1536 337 1563 tem
354 1531 492 1563 videtur
507 1541 643 1574 quoque
655 1533 862 1574 expressisse
876 1533 970 1565 Aris-

267 1581 395 1612 toteles
421 1580 565 1612 Rhetor.
586 1581 630 1612 ad
645 1580 747 1614 Alex.
771 1592 848 1623 cap.
863 1585 896 1614 3.
913 1583 973 1615 ubi

267 1629 401 1668 scribit,
429 1638 565 1670 aequum
596 1639 673 1661 esse
704 1634 742 1661 ut
766 1630 972 1663 benevolen-

267 1680 372 1712 tiores
389 1680 446 1710 Dii
463 1680 531 1712 sint
547 1680 581 1712 in
599 1689 670 1721 eos,
691 1690 710 1711 a
724 1680 846 1722 quibus
861 1681 970 1722 magis

269 1730 438 1762 coluntur.

311 1779 457 1820 Delicta]
482 1779 517 1811 Is
535 1789 682 1821 peccare
698 1779 825 1812 dicitur
847 1781 905 1822 qni
922 1781 972 1812 vi-

268 1839 321 1860 am
342 1836 472 1862 rectam
490 1830 672 1872 delinquit,
687 1837 724 1862 et
739 1840 760 1863 a
775 1831 860 1871 legis
883 1840 971 1872 prae-

271 1881 401 1921 scripto
418 1880 560 1912 recedit.

312 1930 491 1961 Immo-itus
504 1930 583 1970 lues]
596 1931 788 1962 Deuteron.
803 1939 908 1963 xnv.
920 1933 972 1963 16.

270 1978 281 1995 ‘
293 1979 369 2010 Nou
387 1980 589 2011 occidentur
603 1985 718 2021 patres
731 1990 793 2022 pro
807 1980 896 2022 filiis,
907 1991 972 2013 nec

268 2026 329 2058 filii
362 2037 423 2068 pro
450 2030 626 2068 patribus;
651 2030 712 2061 sed
743 2031 972 2073 unusquisque

270 2085 334 2117 pro
362 2082 509 2117 peccato
539 2088 598 2109 suo
627 2078 819 2110 morietur!
872 2079 971 2111 Idem

268 2126 413 2157 habetur
439 2135 487 2156 iv.
512 2127 598 2166 Reg.
618 2136 695 2158 xiv.
711 2131 743 2159 6.
767 2130 776 2146 ‘
796 2129 874 2160 Non
901 2139 970 2161 mo·

269 2176 401 2206 rientur
421 2175 480 2206 filii
505 2185 566 2215 pro
590 2176 769 2215 patribus,'
785 2180 850 2209 ὅτε.
881 2179 969 2210 Eze-

271 2225 371 2257 chiel.
393 2234 469 2265 cap.
488 2233 595 2256 xvui.
619 2226 629 2243 ‘
647 2225 750 2256 Filius
773 2236 839 2256 non
855 2234 969 2267 porta-

272 2274 326 2306 bit
340 2274 553 2315 iniquitatem
570 2274 676 2315 patris
689 2296 698 2305 .
713 2296 722 2305 .
736 2297 745 2306 .
760 2275 872 2305 anima
892 2285 969 2316 quae

273 2323 486 2364 peccaverit,
500 2323 576 2364 ipsa
587 2323 777 2355 morietur.'
809 2325 854 2356 Et
870 2325 971 2366 paulo

274 2378 374 2405 ante:
397 2374 409 2391 ‘
426 2373 519 2406 Quid
534 2377 588 2404 est
604 2373 693 2415 quod
715 2374 806 2405 inter
829 2384 889 2406 vos
914 2385 972 2415 pa-

271 2423 424 2455 rabolam
454 2422 588 2454 vertitis
618 2423 652 2454 in
683 2423 898 2463 proverbium
929 2424 972 2455 is-

274 2474 347 2514 tud,
363 2474 397 2505 in
415 2478 509 2505 terra
520 2473 639 2513 Israel,
651 2473 824 2506 dicentes:
851 2474 973 2506 Patres

273 2524 497 2556 comederunt
521 2533 620 2555 uvam
646 2523 818 2564 acerbam,
836 2530 872 2555 et
891 2523 973 2555 den-

273 2580 326 2606 tes
350 2573 497 2607 filiorum
521 2572 803 2616 obstupescunt?'
826 2575 891 2605 8ιο-
915 2574 973 2606 nbi

274 2624 395 2655 Chald.
415 2624 426 2641 ‘
445 2625 566 2655 Patres
583 2629 836 2664 peccaverunt:
860 2628 897 2655 et
911 2622 973 2656 filii

277 2674 462 2713 vapulant!
505 2674 561 2705 Sic
587 2677 623 2704 et
646 2673 775 2706 Jerem.
792 2681 904 2705 xxxi.
918 2676 972 2706 29.

275 2726 285 2742 ‘
304 2723 346 2754 In
376 2723 494 2755 diebus
523 2724 588 2755 illis
618 2733 684 2755 non
714 2723 831 2756 dicent
860 2723 970 2755 ultra:

276 2772 401 2806 Patres
416 2773 643 2805 comederunt
668 2783 768 2806 uvam
797 2773 971 2814 acerbam,

1020 1185 1056 1214 et
1070 1181 1190 1214 dentes
1203 1180 1349 1213 filiorum
1360 1180 1622 1222 obstupuerunt.
1653 1179 1722 1212 Sed

1021 1230 1249 1272 unusquisqne
1277 1231 1311 1262 in
1341 1229 1523 1272 iniquitate
1556 1239 1617 1261 sua
1653 1238 1722 1260 mo-

1022 1281 1151 1313 rietur:
1187 1280 1295 1312 omnis
1320 1281 1420 1312 homo
1449 1280 1508 1322 qui
1534 1279 1725 1312 comederit

1021 1341 1120 1362 uvam
1138 1331 1308 1373 acerbam,
1327 1331 1579 1373 obstupescent
1600 1330 1723 1362 dentes

1022 1381 1122 1422 ejus.⁷

1064 1433 1085 1461 2
1103 1431 1214 1462 Donec
1227 1432 1340 1470 templa
1352 1429 1512 1470 refeceris]
1525 1430 1594 1462 Seu
1611 1433 1724 1461 vetus·

1021 1484 1093 1511 tate
1101 1480 1265 1521 collapsa,
1271 1490 1331 1511 sen
1341 1480 1506 1512 bellorum
1515 1480 1666 1511 civilium
1675 1480 1725 1510 in·

1021 1528 1144 1561 cendio
1160 1534 1334 1570 correpta,
1350 1527 1569 1568 labefactata,
1581 1526 1723 1565 foedata,

1022 1578 1201 1617 absumta3
1225 1579 1306 1619 quin
1331 1582 1369 1610 et
1391 1578 1557 1610 victorum
1579 1577 1724 1609 avaritia

1024 1629 1173 1671 direpta.
1217 1630 1295 1662 Quo
1311 1625 1448 1670 specta't
1461 1630 1496 1661 id
1514 1629 1604 1672 quod
1621 1635 1674 1661 est
1697 1639 1722 1661 1.

1025 1679 1094 1711 od.
1111 1682 1165 1711 35.
1187 1679 1198 1698 ‘
1217 1680 1308 1713 Quid
1332 1680 1498 1712 intactum
1519 1680 1645 1712 nefasti
1668 1681 1724 1712 Li-

1024 1728 1176 1770 quimus?
1200 1729 1289 1760 unde
1310 1739 1429 1761 manus
1447 1730 1610 1771 juventus
1623 1730 1723 1772 Metu

1024 1779 1179 1810 Deorum
1202 1779 1392 1811 continuit?
1435 1779 1568 1812 Quibus
1594 1779 1725 1820 Peper-

1023 1828 1073 1860 cit
1089 1828 1190 1859 aris?
1238 1829 1345 1861 Porro
1368 1829 1459 1871 quod
1483 1828 1552 1868 hic,
1572 1829 1724 1871 itemque

1024 1887 1050 1910 1.
1067 1877 1137 1910 od.
1153 1881 1204 1910 15.
1228 1879 1291 1911 sub
1305 1878 1422 1919 finem,
1439 1879 1528 1912 dixit
1542 1879 1726 1919 Horatius,

1025 1933 1135 1960 totum
1163 1929 1277 1970 vergit
1298 1930 1332 1960 in
1355 1929 1489 1961 laudem
1505 1934 1542 1961 et
1556 1939 1726 1961 commen-

1025 1977 1197 2010 dationem
1215 1978 1376 2020 Augusti,
1391 1978 1448 2021 qui
1469 1989 1536 2012 non
1552 1979 1654 2012 modo
1674 1989 1726 2011 sa-

1024 2036 1099 2058 cras
1121 2026 1212 2058 aedes
1229 2027 1304 2068 ipse
1320 2028 1445 2060 multas
1464 2029 1650 2069 exstruxit,
1664 2029 1724 2060 sed

1025 2082 1062 2108 et
1091 2082 1227 2108 ceteros
1253 2078 1425 2119 principes
1450 2079 1540 2110 viros
1572 2079 1727 2111 hortatus

1025 2131 1090 2166 est,
1120 2131 1159 2157 ut
1187 2136 1248 2167 pro
1278 2125 1446 2160 facultate
1475 2128 1619 2170 quisque
1649 2127 1727 2159 refi-

1027 2181 1158 2215 cerent,
1187 2176 1401 2214 excolerent,
1429 2177 1658 2209 adornarent:
1689 2181 1749 2207 ut-

1028 2227 1130 2266 ‘jure
1146 2227 1309 2267 gloriatus
1333 2228 1378 2258 sit
1400 2228 1516 2260 urbem
1533 2238 1568 2259 se
1584 2236 1725 2258 marmo-

1028 2284 1120 2305 ream
1137 2276 1341 2316 relinquere,
1354 2287 1454 2318 quam
1471 2277 1654 2308 lateritiam
1670 2285 1725 2307 ac-

1029 2324 1204 2363 cepisset!
1247 2326 1384 2356 Sueton-
1411 2326 1537 2357 Octav.
1568 2335 1644 2366 cap.
1671 2326 1724 2355 28.

1026 2376 1062 2403 et
1076 2375 1130 2404 29.

1070 2427 1089 2454 6
1113 2423 1176 2455 Dis
1199 2427 1230 2454 te
1249 2423 1406 2454 minorem
1417 2425 1496 2464 quod
1515 2424 1614 2463 geria,
1629 2423 1725 2464 impe·

1027 2474 1095 2515 ras]
1119 2474 1287 2506 Quoniam
1311 2474 1386 2514 pius
1402 2483 1438 2504 es
1454 2474 1488 2504 iu
1505 2474 1613 2512 Deos,
1628 2483 1725 2515 quos,

1028 2529 1066 2554 ut
1091 2523 1205 2560 decet,
1233 2523 1394 2554 observas
1421 2528 1458 2555 et
1478 2524 1574 2562 colis,
1597 2523 1726 2554 idcirco

1027 2573 1212 2614 Imperium
1225 2573 1316 2604 orbis
1330 2573 1392 2605 tibi
1406 2574 1532 2605 donant
1545 2573 1606 2606 illi.
1635 2572 1725 2605 Haec

1027 2624 1070 2655 ad
1087 2624 1276 2666 Augustum
1293 2633 1373 2655 sane
1389 2623 1577 2664 pertinent,
1592 2622 1636 2655 de
1658 2632 1726 2666 qno

1020 2674 1094 2714 jam
1109 2683 1135 2706 1.
1152 2673 1218 2706 Od.
1236 2676 1286 2705 12.
1314 2675 1324 2690 ‘
1337 2673 1386 2705 Te
1407 2673 1518 2714 minor
1542 2673 1648 2706 latum
1672 2682 1724 2706 re·

1026 2729 1086 2766 get
1101 2734 1219 2766 aequus
1236 2722 1377 2756 orbem!

1067 2777 1089 2805 6
1112 2773 1199 2806 Hinc
1230 2783 1319 2806 omne
1345 2773 1552 2816 principium]
1582 2772 1655 2806 Cic.
1680 2773 1731 2805 de·
