1916 3190
666 250 709 288 Q.
740 249 954 281 HoRA'rn
991 250 1086 282 ΕΒΑ
1102 252 1179 283 ccl

388 341 493 383 Huc
515 342 620 384 vina
639 345 686 384 et
705 347 930 396 unguenta
948 347 991 385 et
1010 343 1193 386 nimium
1211 345 1365 386 breves

387 409 541 451 Flores
560 422 745 451 amoenae
765 410 880 450 ferre
895 409 1005 464 jube
1019 422 1154 462 rosae,

441 475 560 517 Dum
581 489 651 517 res
672 481 718 517 et
739 481 850 518 aetas
871 481 916 518 et
936 489 1137 519 sororum

498 542 600 584 Fila
618 544 751 584 trium
770 543 998 598 patiuntur
1018 547 1132 585 atra.

383 608 527 652 Cedes
546 609 733 652 co‘emtis
752 610 957 660 saltibus,
979 615 1025 652 et
1044 610 1190 660 domo,

381 675 610 731 Vinaque,
627 676 771 719 flavus
793 689 929 730 quam
948 677 1126 719 Tiberis
1146 677 1256 719 lavit
1274 691 1285 719 ε

1609 478 1665 518 15

209 821 240 849 et
256 817 462 859 wldefluxos
475 817 718 858 rosammflores
727 820 838 857 gratos
851 820 955 849 tamen
969 818 1130 859 apponam·
1145 827 1243 855 cum;
1264 798 1337 849 durii
1349 818 1456 849 sinunt
1468 827 1520 849 res
1536 828 1572 850 ac
1584 821 1661 849 tem·

204 869 276 901 pus,
291 864 321 892 et
335 862 431 900 nigra
443 860 577 891 stamina
591 860 687 891 trium
702 860 861 892 Sororum.
907 860 1075 900 Relinques
1097 861 1252 892 enimvero
1270 862 1393 892 tandem
1415 870 1539 891 nemora
1558 860 1661 901 pretio

207 906 395 944 comparata,
411 906 442 935 et
454 904 549 943 aedes,
563 906 594 933 et
608 902 716 934 villam
728 912 819 943 quam
832 902 918 942 rigat
925 903 1033 944 flavus
1051 903 1186 935 Tiberis.
1231 903 1321 934 Hinc
1334 902 1524 943 demigrabis
1532 913 1545 940 ;
1565 902 1664 933 heres

818 995 1055 1007 eeeeeeeeeeee

208 1081 298 1112 reor,
317 1080 359 1103 ne
382 1076 544 1113 quaautq
546 1082 583 1103 ιιο
606 1072 651 1103 sit
674 1071 865 1112 glossema!
887 1071 991 1103 Zeun.
993 1073 1079 1103 -13
1105 1071 1268 1114 Plerique
1292 1071 1392 1103 codd.
1419 1070 1597 1113 Crnquii,
1587 1080 1661 1111 ipsc

207 1114 314 1172 Cruq.
328 1115 475 1155 Cuning.
492 1114 620 1146 Sanad.
639 1114 732 1150 Jani,
752 1114 892 1145 Mitseh.
913 1119 950 1145 et
970 1114 1110 1155 Bipont.
1127 1114 1253 1151 ὀπυίῃ
1276 1114 1325 1145 sic
1340 1114 1442 1146 etiam
1458 1114 1586 1144 Venet.
1607 1122 1663 1153 ap.

208 1156 319 1188 Gesn.
340 1162 376 1188 et
399 1157 513 1188 Schol.
529 1156 657 1192 Acron.
675 1166 747 1197 qm,
763 1156 879 1196 brevis
894 1156 1019 1199 inquit,
1033 1156 1204 1196 genitivus
1219 1161 1283 1189 est.
1329 1156 1476 1187 Placere
1495 1155 1598 1187 etiam
1614 1156 1664 1186 vi-

207 1199 310 1230 detur
321 1197 515 1231 Torrentio.
549 1199 649 1231 Harl.
663 1202 691 1230 l.
707 1202 739 1230 2.
755 1201 788 1231 3.
805 1201 838 1230 4.
853 1203 886 1231 5.
897 1202 930 1230 6.
954 1199 1011 1230 alu
1027 1209 1105 1231 cum
1120 1199 1200 1230 edd.
1217 1198 1334 1230 Lamb·
1356 1199 1515 1237 Torrent.
1534 1197 1624 1238 Deip
1626 1197 1660 1229 h.

206 1241 379 1273 Schrevel.
395 1242 507 1274 Bond.
523 1241 644 1273 Minel.
661 1242 777 1273 Bentl.
793 1241 916 1273 Heius.
942 1242 986 1272 R.
1005 1245 1042 1272 et
1063 1241 1110 1272 H.
1125 1242 1210 1282 Step
1212 1241 1245 1271 h.
1261 1242 1363 1272 Baxt.
1379 1240 1499 1272 Comb.
1514 1240 1659 1272 Wetzel.

205 1283 342 1316 Wakef.
357 1289 394 1315 et
412 1284 519 1316 Kidd.
533 1283 650 1316 breves.
651 1286 736 1315 -14
760 1284 866 1325 Cruq.
883 1283 1025 1324 Cuuing.
1041 1283 1167 1315 Sanad.
1192 1283 1286 1323 Jani,
1308 1283 1448 1315 Mitsch.
1463 1287 1500 1313 et
1516 1282 1657 1323 Bipont.

205 1335 360 1363 amoerwu
380 1326 441 1358 ‘et
456 1327 506 1357 sic
521 1326 702 1367 legendum
718 1326 911 1357 necessario
927 1329 992 1366 est,
1016 1326 1045 1357 si
1061 1326 1231 1366 placuerit
1247 1325 1349 1357 brevis
1363 1324 1492 1356 xrs-13!
1513 1325 1659 1356 Zeus-.—

207 1369 280 1397 18‘
294 1368 388 1399 Male
405 1373 482 1408 post
496 1368 574 1399 lavit
589 1368 755 1408 majorem
782 1367 1038 1399 distinctionem
1056 1368 1211 1408 plurimae
1238 1367 1316 1399 edd.
1338 1371 1484 1408 ponunt,
1509 1377 1584 1407 quae
1601 1366 1660 1397 de-

203 1418 294 1440 mum
310 1414 390 1450 post
407 1410 505 1442 Cedes
528 1409 821 1451 ponenda.’.1ani.
865 1409 1004 1442 wakef.
1026 1409 1371 1451 iuterpuugit‚Cedes
1394 1420 1423 1441 c.
1446 1419 1475 1441 s.
1499 1412 1530 1440 et
1549 1410 1658 1444 domm

859 1505 1002 1538 NOTAE

204 1580 310 1613 nare)
353 1581 407 1613 Ex
423 1582 513 1614 Non.
527 1583 709 1615 Marcello.

248 1633 287 1662 13
310 1630 386 1662 Huc
400 1631 473 1663 vina
485 1635 517 1664 et
530 1636 701 1673 unguenta,
723 1631 794 1673 Bm]
828 1630 903 1663 Ista

202 1679 246 1710 ad
271 1680 427 1712 laetitiam
450 1681 605 1713 adhiberi
623 1686 804 1720 consueta,
827 1681 902 1713 fuse

201 1728 378 1761 docuimus
394 1739 419 1762 1.
437 1730 506 1762 Oct.
521 1734 575 1763 36.
591 1734 646 1765 38.
661 1737 697 1764 et
713 1732 804 1764 alibi.

246 1779 391 1810 Nimium
405 1780 510 1812 breves
524 1781 650 1821 Flores,
661 1783 731 1824 θα]
753 1781 902 1822 Elegans

203 1829 441 1871 Epigramma:
464 1833 474 1849 ‘
488 1832 598 1865 Quam
619 1832 720 1873 longa
736 1841 804 1863 una
815 1831 902 1872 dies,

200 1884 285 1911 aetas
313 1885 381 1911 tam
407 1882 510 1922 longa
533 1891 698 1922 rosarum,
724 1882 818 1915 Quas
841 1891 903 1922 pu·

202 1928 382 1961 bescentes
415 1931 541 1970 juncta
584 1936 723 1963 senecta
767 1931 904 1972 premit.

200 1978 315 2010 Quam
338 1978 438 2009 modo
459 1985 657 2010 nascentem
682 1979 802 2010 rutilus
825 1989 904 2011 con-

199 2027 316 2069 spexit
337 2028 442 2067 Eous,
461 2028 562 2059 Hanc
584 2029 718 2060 rediens
734 2038 811 2060 sero
828 2039 901 2060 ves-

201 2086 285 2118 pere
301 2077 387 2108 vidit
402 2077 528 2109 anum-³

244 2128 284 2157 15
309 2126 394 2158 Dum
409 2136 460 2158 res
482 2130 514 2158 et
535 2130 628 2166 aetas,
644 2127 716 2168 ξω]
750 2127 842 2159 Dum
861 2128 899 2159 li·

167 2194 174 2199 ·
199 2180 258 2209 cet
286 2186 348 2217 per
378 2176 597 2218 tranquillum
624 2186 736 2208 rerum
761 2182 901 2219 statum,

200 2236 264 2268 per
287 2227 517 2267 juventutem,
555 2235 617 2267 per
642 2226 723 2258 vitae
751 2235 901 2267 usuram,

200 2285 302 2317 quam
317 2276 508 2317 largiuntur
517 2284 559 2307 ac
571 2280 754 2317 prorogant
766 2276 900 2308 Parcae.

199 2327 254 2358 De
270 2326 321 2358 his
337 2326 396 2358 lib.
413 2335 440 2358 ι.

244 2379 285 2407 16
307 2376 382 2407 Fila
404 2375 502 2407 trium
524 2375 690 2416 patiuntur
711 2377 798 2418 alra]
820 2377 898 2410 Clo-

201 2427 271 2466 tho,
296 2426 469 2466 Lachesis,
491 2424 654 2467 Atropos,
669 2435 805 2457 sorores
829 2432 899 2458 tres

198 2476 394 2509 mortalium
410 2476 514 2507 vitam
541 2479 578 2506 et
603 2474 676 2506 fata
702 2485 822 2516 regere
845 2485 900 2507 su-

198 2515 405 2568 perstitiosis
420 2525 592 2556 veteribus
603 2525 767 2557 creditae:
792 2526 901 2567 prima

198 2578 309 2608 colum
326 2582 463 2618 gestare
485 2585 695 2619 pensumque
713 2578 807 2609 velut
829 2586 898 2609 ma-

198 2629 321 2659 teriam
347 2628 424 2658 vitae
449 2626 639 2659 hominum:
665 2627 776 2659 altera
802 2636 896 2667 nere,

196 2687 238 2709 ac
256 2682 386 2708 stamen
403 2676 530 2707 ducere
554 2686 615 2708 seu
639 2681 750 2709 atrum
767 2687 829 2709 seu
849 2678 896 2710 al-

200 2728 279 2758 bum
297 2731 399 2766 prout
414 2725 506 2756 bona
521 2726 574 2757 vel
590 2727 678 2758 mala
698 2726 898 2768 dispensan-

197 2783 273 2809 tur:
299 2774 402 2807 tertia
416 2772 561 2816 denique
575 2774 667 2807 filum
683 2775 898 2819 abrumpere,

958 1582 1109 1623 vitaeque
1125 1580 1304 1612 terminum
1315 1578 1467 1611 definire.
1491 1578 1583 1610 Hinc
1597 1588 1658 1610 no·

956 1641 1035 1662 men
1051 1632 1104 1662 vel
1128 1641 1148 1662 a
1173 1629 1356 1671 partienda
1375 1629 1457 1666 vita.
1472 1629 1527 1660 vel
1553 1638 1573 1660 a
1588 1638 1656 1660 non

955 1680 1129 1722 parcendo
1146 1690 1207 1721 per
1222 1679 1444 1719 antiphrasin.
1488 1678 1581 1711 Quid
1593 1679 1656 1719 igi-

955 1736 1013 1764 tur
1026 1731 1179 1772 Scaliger
1203 1730 1237 1762 iu
1261 1729 1445 1761 Horatium
1469 1729 1656 1760 excandes-

954 1782 1016 1822 cit,
1028 1782 1119 1823 quod
1133 1786 1205 1814 atra
1220 1780 1392 1822 dicatfila,
1409 1780 1488 1812 vitae
1503 1779 1656 1821 lucisque

955 1833 1079 1864 seriem
1094 1832 1278 1873 trahentia,
1294 1841 1372 1872 quae
1387 1833 1398 1848 ‘
1411 1829 1569 1862 candida’
1596 1839 1657 1870 po-

957 1883 1038 1922 tins,
1055 1882 1167 1924 inquit
1183 1882 1254 1922 ille,
1273 1880 1339 1913 dici
1365 1880 1539 1922 oportuit?
1574 1879 1657 1911 Ate-

955 1932 1024 1964 nim
1056 1932 1162 1965 Ovid.
1195 1932 1230 1963 in
1255 1931 1310 1963 ΙΙ).
1336 1932 1412 1962 246.
1439 1929 1484 1961 de
1510 1929 1655 1961 Clotho:

955 1983 965 2000 ⁴
985 1982 1093 2014 Nevit
1114 1988 1150 2014 et
1166 1980 1292 2013 infesta
1307 1980 1452 2012 stamina
1478 1979 1572 2020 pulla
1586 1988 1656 2010 ma·

943 2032 1025 2063 -nu.'
1068 2032 1143 2072 Ego
1163 2040 1245 2062 vero
1272 2034 1344 2062 atra
1353 2029 1418 2072 fila
1441 2037 1582 2060 sororum
1606 2028 1656 2059 iu·

954 2085 1130 2121 terpretor
1150 2080 1208 2111 fila
1230 2081 1433 2118 Parcarum,
1463 2087 1540 2120 quae
1570 2083 1655 2109 atrae

953 2129 1054 2161 morti
1091 2132 1255 2170 praesunt,
1300 2128 1454 2168 ipsaeque
1491 2127 1655 2159 dicuntur

953 2184 1049 2216 atrae,
1066 2179 1179 2211 Erebo
1194 2183 1231 2210 et
1246 2178 1360 2210 Nocte
1372 2176 1532 2208 videlicet
1548 2181 1652 2216 natae,

952 2238 996 2260 ex
1009 2229 1125 2260 Tullio
1141 2228 1185 2259 de
1202 2228 1286 2259 Nat.
1302 2227 1406 2258 Deor.
1418 2234 1475 2257 ιιι.
1490 2235 1526 2257 ιι.
1542 2228 1597 2257 44.

996 2281 1036 2310 17
1061 2280 1159 2310 cedes
1180 2278 1306 2309 coiimtis
1329 2275 1478 2317 saltibus]
1499 2275 1651 2307 Tandem

952 2337 1085 2359 amoena
1101 2327 1194 2366 villa,
1209 2336 1340 2365 nemus,
1360 2326 1453 2357 aedes
1475 2326 1650 2367 opulentae

953 2388 993 2410 ac
1009 2377 1198 2419 splendidae
1223 2381 1302 2408 sunt
1325 2374 1514 2408 deserenda
1527 2386 1568 2408 ac
1582 2376 1652 2408 hae-

953 2427 1027 2459 redi
1042 2425 1273 2467 relinquenda.

996 2480 1037 2509 18
1062 2476 1183 2509 Tiberis
1207 2474 1302 2515 lavit]
1325 2473 1445 2515 Alluit,
1471 2475 1575 2516 rigat,
1590 2475 1651 2507 hu-

953 2532 1092 2568 mectat,
1129 2536 1172 2558 ex
1209 2523 1404 2557 Prisciano:
1441 2534 1516 2566 pro,
1555 2526 1651 2559 lavat.

951 2577 1082 2609 Dixere
1110 2576 1232 2617 passim
1258 2579 1406 2615 veteres,
1429 2578 1438 2592 ‘
1455 2574 1594 2606 lavere'
1613 2581 1649 2608 et

953 2627 964 2645 ‘
974 2625 1113 2658 lavare.¹
1129 2625 1220 2657 Non.
1236 2624 1393 2655 Marcell.
1420 2624 1592 2657 Enniusx‘
1603 2625 1652 2656 la-

953 2685 1032 2709 vere
1046 2674 1205 2717 lacrymis
1218 2679 1347 2706 vestem
1363 2673 1558 2706 sordidam!
1576 2675 1649 2706 Vir-

951 2727 1011 2768 gil.
1037 2725 1166 2765 Georg.
1190 2733 1248 2757 ιιι.
1265 2727 1343 2756 221.
1361 2723 1371 2742 ‘
1391 2723 1475 2755 lavit
1489 2729 1564 2756 ater
1579 2725 1650 2756 vul-

951 2785 1033 2809 nera
1048 2774 1208 2817 sanguis)
