1916 3190
677 242 950 275 οΑιιιιιΝυΜ
985 241 1080 283 nin.
1112 241 1167 271 11.
1198 232 1239 271 4.

449 340 588 381 Serva
608 337 777 387 Briseis
796 337 926 378 niveo
946 336 1097 377 colore

786 403 932 445 Movit
950 402 1198 444 Achillem:

446 473 591 515 Movit
610 472 796 527 Ajacem
816 471 1061 513 Telamone
1082 473 1237 510 natum
1638 467 1667 506 5

445 539 610 581 Forma
626 539 815 594 captivae
834 538 1057 579 dominum
1077 536 1332 578 Tecmessae
1352 547 1363 575 ε

220 679 345 730 Bri-seis
356 679 471 711 ancilla
481 679 614 720 perculit
635 679 769 711 madore
781 687 857 709 sao.-

870 676 1010 718 percutit
1024 675 1120 708 etiam
1132 674 1263 715 Ajacem
1287 671 1462 706 Telamonia
1474 671 1583 713 filium
1599 672 1667 712 pul-

218 722 359 754 chanao
372 725 471 763 capto
495 721 680 761 Tea-mem,
702 720 775 752 licet
797 719 864 758 dus
884 718 1062 750 doninoem:
1085 717 1299 758 Agamemnon
1321 715 1445 757 puriter
1465 715 1549 746 inter
1570 715 1667 755 ipsam

817 822 1058 837 camno„

218 903 314 934 1⁴82.
337 902 477 934 Locher.
494 901 636 934 Ascens.
647 901 799 934 Manciu.
812 906 847 932 et
862 899 952 932 Sivr.
963 898 1021 940 qni
1034 897 1183 939 explicat
1197 907 1206 928 :
1222 895 1334 935 flavae,
1347 895 1546 935 {aretam—4
1563 893 1667 925 Mor-it

218 943 361 976 Achillen
390 945 603 986 Cuning.—-—6
625 943 734 976 Codd.
769 953 824 984 ap.
849 942 943 982 Jani,
979 942 1138 981 Temessoe,
1166 940 1361 980 Tegmessoe;
1394 937 1563 969 nonnullae
1590 936 1666 968 edd.

870 1034 1012 1066 NOTAE

217 1120 419 1162 quibusdam
435 1121 567 1162 placuit
584 1131 592 1151 :
616 1120 695 1152 Non
722 1124 822 1152 antea
838 1129 913 1151 sue-

217 1175 290 1201 tum
314 1178 443 1208 amare;
466 1169 563 1210 quasi
591 1178 656 1200 nou
682 1169 915 1201 meminissent

216 1219 409 1251 Deidamia
425 1218 627 1260 Lycomedis
639 1217 731 1257 filie,
745 1218 912 1258 snscepti-

214 1279 280 1312 que
302 1279 347 1301 ex
367 1278 410 1302 ea
435 1269 572 1310 Pyrrhi,
592 1268 650 1310 qui
668 1269 782 1309 Trojae
805 1268 913 1300 fatum

215 1319 488 1352 adolescentulus
501 1318 670 1359 implevit.
691 1318 838 1350 Videtur
850 1319 913 1350 ita-

215 1378 282 1411 que
303 1369 438 1409 melius,
459 1370 640 1402 §sulcum-
663 1369 777 1401 vocari
795 1369 912 1401 Achil-

214 1418 293 1457 lem,
314 1417 353 1450 id
379 1423 446 1458 est,
466 1418 639 1458 ferocem3
662 1418 691 1450 si
711 1418 848 1460 quidem
868 1418 911 1450 ad

213 1467 356 1499 Pisones
365 1467 518 1500 scribens
534 1468 699 1500 Horatius
713 1477 761 1499 vs.
775 1470 847 1500 121.
862 1468 913 1500 its

213 1518 288 1549 vult
303 1523 342 1550 ut
361 1518 540 1560 pingatur:
563 1519 573 1536 ‘
586 1518 754 1559 Impiger,
779 1518 912 1550 iracun-

214 1565 291 1608 dus,
302 1567 537 1608 inexorabilis,
549 1567 652 1606 acer‚'
662 1569 729 1599 διο.

223 1639 232 1646 .
258 1619 279 1647 Ι
301 1615 402 1648 Sem
429 1617 563 1655 Briseis,
584 1617 655 1658 ξω]
679 1616 912 1657 Hippodamia

214 1674 236 1696 a
249 1670 348 1706 patre
362 1665 461 1698 Brise
475 1666 524 1698 sic
540 1666 645 1705 dicta,
659 1674 750 1706 quae,
770 1666 911 1706 Lyrnes-

213 1723 252 1746 ιο
265 1715 350 1746 urbe
364 1720 480 1756 capta,
494 1715 528 1745 in
545 1715 671 1756 praedae
687 1719 825 1755 partem·
839 1723 926 1757 ces-t

214 1766 260 1797 sit
270 1764 396 1798 Achilli
410 1765 543 1802 victori,
558 1766 614 1797 eui
628 1769 748 1806 postea
761 1765 805 1796 ab
820 1765 912 1804 Aga·

214 1823 393 1847 memnone
406 1820 526 1855 erepta
540 1824 644 1855 grave
667 1815 804 1855 peperit
818 1814 912 1845 dissi-

214 1864 320 1904 dium,
345 1864 436 1905 qnod
450 1864 561 1904 Trojae
582 1863 689 1895 satum
711 1869 913 1894 remoratum

216 1918 282 1954 est,
304 1917 344 1944 nt
371 1911 447 1944 fuse
472 1912 622 1953 explicui
644 1912 686 1943 ad
714 1922 739 1945 1.
763 1912 833 1944 od.
855 1915 909 1944 15.

214 1965 270 1995 33.

259 2012 375 2054 serm]
397 2012 483 2045 Jure
508 2012 590 2045 belli
612 2017 728 2053 capta,
756 2011 909 2053 adeoque

215 2066 251 2096 in
266 2063 464 2095 servitutem
473 2062 624 2094 redacta.

259 2114 361 2145 Nat-eo
381 2111 494 2152 colore]
515 2111 639 2143 Colore
665 2110 826 2150 candido,
849 2111 908 2152 qni
930 2132 934 2135 -

213 2164 250 2195 in
263 2162 420 2195 formosis
434 2166 623 2202 spectatur.
665 2162 835 2193 Homerus
845 2161 906 2194 Ju-

213 2218 335 2245 nonem
364 2213 567 2248 λευκώλενον,
593 2211 752 2253 Virgilius
787 2212 906 2244 niveos

213 2263 355 2295 lacertos
369 2262 526 2303 Veneris,
549 2262 754 2304 Propertius
773 2262 907 2294 niveum

213 2313 349 2344 Adonin
365 2312 494 2343 laudat.
584 2340 591 2344 .

254 2365 276 2394 4
299 2361 420 2403 Movit]
441 2362 499 2393 Ita
527 2361 675 2403 quidem,
699 2366 739 2394 ut
762 2361 808 2393 ob
830 2371 906 2394 eam

214 2412 278 2443 sibi
307 2418 514 2453 praereptam
544 2421 564 2443 a
593 2412 683 2443 bello
715 2411 908 2451 recesserit,

214 2461 348 2503 vixque,
382 2466 422 2493 ut
450 2461 530 2493 alibi
565 2461 724 2500 diximus,
758 2461 907 2493 redierit.

216 2509 357 2543 Homer.
385 2511 487 2542 Iliad.
509 2514 543 2542 B.
573 2510 679 2543 Ovid.
709 2511 821 2550 Epist.
849 2519 906 2541 ιιι.

216 2568 292 2599 quae
308 2565 362 2590 est
378 2559 540 2591 Briseidis
555 2559 598 2590 ad
613 2559 792 2592 Achillem.
819 2559 908 2590 Vide

217 2613 254 2637 et
287 2607 415 2649 Dictyu
451 2610 650 2641 Cretensem
686 2610 744 2641 lib.
779 2618 820 2640 ιι.
849 2609 907 2640 ubi

216 2655 355 2688 scribit:
377 2659 387 2675 ‘
403 2658 603 2698 Lyrnessum
619 2659 662 2690 ab
679 2658 811 2690 Achille
824 2668 906 2699 psu-

216 2707 264 2738 cis
277 2706 396 2738 diebus
410 2708 588 2748 pugnando
598 2715 733 2749 captam
749 2721 757 2739 :
781 2715 817 2740 et
830 2719 905 2750 pro-

217 2766 299 2796 pere
325 2756 405 2788 inde
419 2763 644 2798 expugnatam
661 2759 830 2790 Pedasum
847 2760 906 2791 Le-

969 1120 1079 1159 legum
1108 1118 1248 1156 urbem;
1273 1116 1329 1148 ubi
1358 1111 1417 1148 rex
1450 1115 1588 1147 Brises:
1611 1114 1668 1146 ab·

968 1168 1175 1209 ductamque
1217 1166 1322 1198 filiam
1358 1166 1449 1206 regis
1486 1164 1667 1206 Hippoda-

967 1217 1092 1250 miam!
1135 1217 1244 1248 Dares
1272 1221 1386 1247 autem
1417 1214 1590 1256 Phrygius
1618 1214 1666 1245 ita

967 1266 1147 1306 describit,
1161 1267 1172 1283 ‘
1182 1266 1346 1298 Achillem
1361 1268 1594 1306 pectorosnm,
1607 1273 1667 1295 ore

967 1323 1125 1355 venusto,
1138 1315 1300 1348 membris
1317 1314 1512 1346 valentibus
1524 1318 1563 1345 et
1574 1323 1667 1352 mag-

966 1367 1032 1405 nis,
1054 1366 1144 1398 bene
1167 1364 1368 1405 crispatam,
1389 1363 1608 1402 clementem,
1630 1363 1665 1393 in

964 1417 1067 1457 armis
1095 1416 1310 1455 acerrimum,
1339 1415 1437 1447 vultu
1467 1414 1581 1452 hilari,
1601 1414 1667 1445 lar-

964 1477 1056 1509 gum,
1070 1466 1252 1508 dapsilem,
1267 1465 1392 1506 capillo
1406 1462 1566 1505 myrteo!
1592 1462 1666 1494 Bri·

964 1518 1092 1550 scidam
1111 1525 1212 1558 porro
1233 1516 1244 1534 ⁸
1257 1514 1452 1554 formosam,
1468 1514 1538 1546 alta
1558 1518 1665 1545 statu—

965 1576 1014 1608 ra,
1027 1566 1220 1606 candidam,
1242 1566 1369 1606 capillo
1390 1563 1480 1596 flavo
1502 1568 1538 1595 et
1560 1563 1666 1601 molli,

964 1617 1157 1658 superciliis
1181 1615 1326 1656 junctis,
1364 1613 1471 1645 oculis
1501 1613 1666 1651 venustis,

965 1675 1110 1707 corpore
1137 1664 1273 1705 aequali,
1287 1662 1461 1701 blandam,
1482 1659 1665 1700 affabilem,

965 1714 1208 1755 verecundam,
1226 1714 1339 1745 animo
1354 1711 1513 1752 simplici,
1528 1710 1644 1752 piam!

966 1760 976 1762 ’
1007 1771 1027 1798 6
1060 1767 1165 1797 Movit
1197 1765 1324 1805 Ajacem
1355 1764 1519 1795 Telamone
1544 1765 1664 1802 natm,

964 1816 1035 1856 ξω]
1062 1816 1186 1857 Dictys
1212 1816 1352 1854 citatus,
1373 1814 1384 1831 ‘
1401 1812 1514 1854 Ajax,’
1541 1811 1665 1853 inquit,

967 1865 1201 1897 ‘Telamonius
1213 1864 1281 1895 iter
1294 1863 1335 1894 ad
1350 1862 1507 1902 Phrygas
1521 1869 1665 1893 conver-

962 1914 1019 1954 tit,
1050 1915 1290 1954 ingressusque
1322 1921 1439 1944 eoram
1474 1912 1663 1952 regionem,

960 1965 1203 1997 Teuthrantem
1217 1964 1389 1995 dominum
1412 1963 1565 1994 locorum
1582 1962 1663 1993 soli-

962 2015 1048 2045 tario
1076 2013 1265 2046 certamine
1299 2011 1477 2052 interficit,
1505 2018 1561 2043 ao·
1583 2017 1663 2052 post

961 2072 1088 2104 paucos
1102 2063 1176 2095 dies
1191 2066 1392 2103 expugnata
1404 2065 1506 2102 atque
1522 2061 1663 2092 incensa

961 2114 1114 2153 civitate,
1141 2121 1298 2154 magnam
1314 2112 1379 2143 vim
1402 2111 1529 2152 praedae
1546 2110 1662 2147 trabit,

961 2163 1136 2196 abducens
1168 2164 1383 2195 Tecmessam
1412 2161 1515 2193 filiam
1547 2161 1661 2201 regis-¹

962 2215 1008 2246 Et
1034 2219 1174 2255 postea:
1188 2214 1199 2231 ‘
1213 2213 1328 2254 Ajaci,
1341 2213 1386 2244 ob
1406 2213 1547 2254 egregia
1566 2213 1660 2244 labo-

961 2273 1035 2294 rum
1051 2263 1123 2304 ejus
1138 2263 1306 2302 facinora,
1315 2261 1540 2294 Teuthrantis
1556 2262 1660 2293 filiam

959 2313 1174 2344 Tecmessam
1200 2311 1412 2344 concedunt'
1435 2311 1550 2342 Graeci
1565 2320 1659 2342 nem-

961 2371 1015 2402 pe,
1035 2362 1201 2403 reliquam
1223 2361 1372 2402 praedam
1387 2361 1478 2390 inter
1501 2368 1538 2388 se
1555 2361 1659 2398 parti-

959 2416 1070 2443 entes.
1110 2412 1217 2441 Dares
1234 2410 1316 2440 item
1332 2408 1393 2439 cit.
1408 2409 1458 2438 ita
1472 2407 1657 2439 describit:

960 2462 971 2479 ‘
983 2460 1123 2501 Ajacem
1132 2458 1363 2490 Telamonium
1376 2457 1562 2494 valentem,
1573 2466 1658 2489 voce

960 2511 1067 2548 clara,
1080 2507 1211 2548 capillis
1226 2507 1344 2547 nigris,
1366 2506 1399 2536 in
1415 2506 1546 2536 hostem
1566 2513 1657 2538 atro·

961 2558 1057 2590 σιειιι.7
1080 2557 1183 2588 Ovid.
1200 2555 1277 2587 Art.
1293 2555 1370 2586 Am.
1386 2563 1442 2586 ιιι.
1458 2557 1532 2586 517.
1548 2560 1557 2573 ·
1571 2555 1656 2587 Odi-

961 2619 1033 2640 mus
1059 2613 1094 2639 et
1115 2611 1274 2638 moestas:
1297 2605 1513 2636 Tecmessam
1536 2605 1656 2647 diligat

961 2657 1076 2700 Ajax.’
1114 2658 1159 2688 Et
1184 2666 1233 2688 vs.
1261 2658 1336 2687 523.
1364 2655 1525 2688 ‘Scilicet
1552 2656 1654 2698 Ajaci

961 2708 1082 2739 mulier
1102 2705 1315 2737 moestissima
1334 2705 1442 2737 dixit:
1469 2706 1541 2736 Lux
1557 2715 1652 2738 mea:

961 2765 1103 2798 quaeque
1118 2757 1227 2788 solent
1243 2755 1344 2787 verba
1350 2755 1470 2795 juvare
1486 2756 1598 2787 viros:
