1916 3190
571 238 844 272 canamus!
881 239 979 270 us.
1010 228 1050 269 l.
1080 227 1151 269 20.

307 335 547 386 Cantharis,
567 333 729 377 Graeca
749 332 868 388 quod
888 345 968 386 ego
989 332 1086 386 ipse
1105 337 1226 373 testa

766 439 983 453 nee-‘enen

141 510 320 544 Amoenitt.
338 510 461 541 Litter.
475 518 508 550 p.
522 511 574 540 11.
619 507 698 540 Non
716 511 815 549 putat
827 507 872 538 V.
888 506 932 537 1).
958 505 1028 537 Vile
1051 504 1166 536 vinnm
1183 502 1347 535 obtulisse
1363 502 1487 540 amico,
1515 507 1582 532 tam

139 555 193 586 ele
218 558 331 585 antem
345 552 525 587 homiuem,
544 550 736 582 Horatium.
766 549 902 581 Primos
913 549 1103 579 carminum
1118 547 1236 578 literas
1250 545 1403 576 omisisse
1419 544 1586 582 librarios,

140 601 178 628 nt
218 596 360 636 einceps
378 595 624 635 pingerentur3
650 601 686 624 v.
700 591 843 624 Schrnd.
865 589 969 622 obn.
996 599 1030 631 p.
1047 591 1101 622 13.
1116 591 1170 621 53.
1193 589 1299 629 igitur
1323 597 1368 619 ex
1390 587 1458 618 ιιι-ι
1482 586 1585 618 facile

790 673 936 708 NOTAE

182 741 271 783 Hac
293 740 374 773 ode
395 739 549 782 ejusdem
576 743 631 771 est
652 737 768 779 metri,
791 742 832 771 ut

138 798 244 833 snpra
259 798 300 822 n.
320 791 332 809 ⁸
346 789 425 823 Jaru
439 789 523 821 satis
537 787 664 821 terris!

182 842 199 872 1
235 836 305 872 Vile
331 839 466 881 potabis,
492 837 564 879 ξω]
608 836 835 870 Profecturus

138 894 215 923 erat
231 889 406 925 Moeeeuaa
431 898 493 920 reu
520 888 555 920 iu
581 887 756 929 Apuliam,
777 887 836 928 (ut

138 939 214 971 vult
228 926 398 981 Cruffinius
413 947 456 970 ex
471 937 582 969 Divaei
596 937 731 976 codice,
742 937 834 978 quod

139 987 231 1021 idem
241 992 340 1020 notat
350 986 534 1028 Lubiuus‚)
546 996 608 1020 sen
620 987 740 1027 quovis
751 987 835 1018 alio:

141 1039 243 1070 antea
256 1045 337 1068 vero
351 1046 388 1069 ae
404 1036 550 1068 Horatio
567 1046 628 1076 pro
643 1046 774 1068 summa
788 1037 837 1067 in·

142 1090 197 1117 ter
219 1094 280 1118 eos
304 1084 538 1117 familiaritate
561 1085 737 1116 convivam
763 1083 839 1117 fore

142 1133 362 1175 significarat.
406 1134 483 1166 Hae
497 1134 576 1166 Ode
596 1134 753 1166 rescribit
767 1134 839 1166 Ho-

143 1184 252 1216 ratius
265 1183 463 1224 Mecenati,
478 1178 664 1225 gratum'id
684 1183 750 1216 sibi
765 1185 839 1226 qui·

145 1233 235 1274 dem,
249 1238 286 1266 at
307 1242 369 1274 pro
389 1242 449 1265 sua
465 1234 633 1265 tenuitate
648 1237 750 1265 tenue
766 1233 839 1265 fore

144 1282 356 1316 convivium:
374 1291 551 1324 coenoeque
565 1287 672 1322 caput
687 1292 730 1314 ex
745 1292 839 1315 more

145 1331 308 1374 proponit
332 1333 343 1350 ‘
357 1331 677 1372 Sabinumffvinumss
703 1336 741 1364 nt
762 1342 840 1365 eru·

145 1380 219 1413 dite
232 1384 348 1413 monet
361 1380 493 1413 Theod.
506 1381 696 1414 Marcilins-

187 1430 354 1472 Saum]
378 1431 457 1463 Non
481 1432 584 1473 quale
609 1436 649 1464 tu
674 1432 780 1464 habea
805 1432 840 1464 in

145 1479 292 1512 cellariis
313 1489 516 1522 generosum
539 1481 635 1513 bibes
657 1482 748 1523 apud
765 1491 841 1522 me5

145 1528 206 1560 sed
232 1529 468 1561 tautummodo
497 1531 560 1561 vile
588 1535 624 1562 et
648 1530 839 1572 modicum

146 1587 269 1619 nempe
297 1578 410 1610 vinum
438 1580 494 1611 vel
516 1589 559 1611 ex
583 1590 650 1611 uva
673 1581 840 1616 Biturica.

147 1637 223 1669 qun
233 1629 244 1646 ‘
255 1629 290 1661 in
302 1627 461 1669 eligendo
477 1629 548 1660 solo
563 1638 707 1668 morosa,
724 1629 841 1670 pingui

148 1678 331 1718 putre-eit,
344 1678 459 1718 gracili
481 1679 616 1709 omnino
638 1687 706 1709 non
722 1687 843 1718 prove·

147 1727 218 1770 nit:
229 1727 374 1760 mediam
385 1728 587 1768 temperiem
595 1728 743 1759 delicate
753 1738 846 1768 quae·

149 1776 210 1814 rit,
228 1776 272 1808 ob
296 1777 363 1808 boc
383 1776 517 1807 Sabinis
540 1776 683 1808 collibus
702 1775 845 1807 familia-

151 1823 219 1855 ris!
254 1825 307 1856 Ex
331 1825 424 1856 Plin.
446 1834 528 1856 xlv.
551 1828 584 1856 2.
610 1825 666 1856 vel
690 1826 701 1842 ⁸
719 1835 737 1854 e
754 1825 847 1855 vina-

153 1873 253 1913 ciola,
263 1883 363 1914 quam
374 1874 438 1904 soli
447 1883 571 1905 novere
581 1874 698 1905 Sabini
709 1883 749 1905 ac
762 1874 847 1905 Lau-

152 1922 241 1953 renti
253 1923 275 1952 :’
297 1932 340 1954 ex
355 1922 475 1954 eodem
491 1922 571 1955 ibid.
586 1931 663 1964 cap.
675 1925 708 1955 3.
740 1922 846 1954 Athe-

152 1980 248 2003 naeus
262 1975 375 2003 antem
387 1980 415 2004 1.
427 1974 482 2004 21.
501 1972 561 2008 ait,
583 1973 594 1990 ‘
611 1971 708 2004 Inter
723 1972 846 2011 Italica

154 2022 232 2054 vina
258 2022 459 2054 levissimum
484 2031 559 2053 esse
582 2021 759 2060 Sabinum,
784 2031 844 2062 po-

154 2071 270 2112 tuiqae
284 2070 523 2112 tempestivum
539 2069 583 2102 ab
598 2079 685 2102 auno
700 2071 846 2112 septimo

153 2129 260 2162 usqne
274 2119 318 2152 ad
332 2120 500 2152 decimum
515 2119 697 2161 quintum.'

194 2169 332 2202 naabi:
361 2169 548 2210 Centho-is]
571 2169 601 2201 Δ
627 2169 723 2210 petits
747 2170 844 2201 brues.

154 2219 225 2250 Pro
237 2218 390 2260 quolibet
401 2227 480 2250 vase
494 2219 550 2250 hic
567 2219 704 2260 ponitur
718 2220 847 2252 cantha-

152 2279 218 2308 ras,
231 2269 289 2311 qui
303 2269 442 2311 quidem
459 2278 526 2300 uon
550 2279 691 2310 parvum
707 2275 762 2303 est
777 2281 848 2311 vas,

154 2327 231 2350 cnm
239 2319 354 2350 Sileno
365 2318 575 2351 attribuatur
583 2329 746 2361 perquam
758 2321 848 2352 ebri-

154 2377 227 2408 oso,
241 2368 420 2410 gravisque
436 2369 644 2409 appelletur,
664 2370 782 2411 Eclog.
796 2380 847 2402 vt.

155 2420 209 2449 17.
227 2419 239 2436 ⁸
254 2418 301 2450 Et
317 2418 429 2459 gravis
445 2418 563 2450 attrita
579 2420 753 2459 pendebat
768 2430 848 2452 can-

155 2467 271 2499 tharus
281 2467 387 2500 ansa!
408 2467 607 2499 Xenarclius
623 2468 711 2509 apud
725 2469 848 2500 Athen.

158 2521 243 2551 mo.
260 2523 271 2538 ⁸
290 2520 344 2551 Ne
358 2518 507 2556 affunde,
522 2529 543 2551 o
563 2529 660 2560 puer,
674 2520 709 2551 in
729 2530 848 2561 argen-

158 2570 249 2598 teum
261 2570 418 2608 poculum
433 2581 443 2609 ;
458 2569 518 2600 sed
535 2570 648 2610 potius
661 2570 694 2601 in
711 2568 849 2610 profun-

160 2614 240 2646 dum
248 2617 468 2650 cantharum!
484 2617 575 2649 lbid.
585 2618 755 2659 Epigenes
767 2628 775 2649 :
788 2617 852 2649 ‘At

161 2663 339 2695 cantharus
365 2674 454 2698 nuuc
478 2675 545 2697 non
566 2666 702 2707 fingunt
718 2666 850 2707 amplos

162 2713 240 2743 illos
261 2718 298 2744 et
319 2722 477 2755 capaces,
497 2715 557 2746 sed
582 2715 721 2748 humilia
747 2725 849 2757 pocu-

161 2760 218 2802 la,'
229 2763 294 2794 διε.

926 739 948 769 2
961 737 1075 769 Graeca
1086 737 1169 778 qnod
1176 745 1233 776 ego
1246 736 1313 777 ipse
1325 738 1402 767 testa
1419 734 1588 765 conditum

886 787 961 829 levi]
985 788 1113 820 Vinum
1138 787 1263 828 alioqui
1290 795 1357 818 nou
1381 784 1588 826 exquisitum

887 847 931 871 ex
941 847 982 870 eo
994 837 1211 870 commendat
1223 836 1401 875 Horatius,
1412 834 1501 877 quod
1515 834 1590 874 ipse

888 888 1043 920 studiose
1065 886 1269 925 condiderit,
1289 884 1472 923 condierit,
1489 883 1590 915 obtu-

890 938 988 978 rarit,
1016 938 1159 970 notarit.
1203 937 1360 969 Quatuor
1378 934 1446 965 ista
1466 942 1590 973 nempe

891 994 1026 1019 veteres
1056 988 1170 1018 vinum
1197 984 1367 1017 servaturi
1393 982 1590 1014 faciebant:

891 1036 1130 1069 diffundebant
1160 1036 1193 1066 iu
1221 1043 1325 1065 vasa:
1359 1031 1486 1064 deinde
1512 1041 1591 1064 con-

892 1086 1033 1118 diebant
1053 1086 1063 1103 ‘
1077 1085 1224 1116 admista
1244 1084 1354 1121 calce,
1376 1083 1461 1122 sale,
1479 1090 1594 1118 croco,

893 1135 1019 1174 resina,
1036 1134 1125 1175 pice,
1133 1136 1198 1166 stc.
1214 1136 1253 1164 nt
1267 1131 1352 1164 odor
1367 1131 1445 1162 vino
1459 1131 1595 1162 eontin-

892 1189 1003 1224 geret,
1027 1188 1064 1215 et
1087 1182 1218 1224 saporis
1240 1179 1409 1220 acumeu,'
1428 1189 1473 1212 ex
1498 1180 1591 1212 Plin.

893 1242 941 1266 nr.
958 1236 1011 1265 1⁹.
1026 1235 1080 1266 20.
1103 1238 1140 1265 et
1163 1234 1218 1264 21.
1240 1236 1312 1263 tum
1335 1230 1520 1272 diligenter
1535 1230 1595 1261 ob·

894 1283 1059 1315 iurabant
1069 1288 1173 1324 atque
1184 1280 1365 1313 illinebant
1374 1281 1464 1322 pice,
1474 1289 1594 1321 gypso.

892 1332 984 1365 limo.
1020 1333 1132 1364 Docet
1158 1329 1350 1364 columnua
1374 1328 1437 1362 lib.
1466 1330 1530 1360 ult.
1557 1332 1594 1359 et

894 1382 984 1414 Plin.
996 1381 1055 1414 eit.
1070 1382 1082 1399 ⁴
1098 1381 1206 1422 picari
1223 1379 1315 1411 dolia
1328 1382 1501 1420 oportere,
1515 1377 1595 1409 dein

894 1430 1054 1473 perfundi
1065 1440 1152 1473 aqua
1161 1429 1290 1462 marina
1299 1432 1358 1461 aut
1370 1429 1459 1460 salsa
1470 1439 1479 1467 ;
1505 1432 1597 1469 post·

894 1491 936 1513 ea
950 1481 1064 1513 cinere
1078 1480 1240 1512 sarmenti
1252 1477 1410 1520 aspergi:
1436 1478 1481 1510 Et
1494 1478 1596 1519 paulo

895 1535 996 1573 post:
1021 1535 1031 1549 ³
1047 1531 1096 1562 sic
1111 1529 1276 1571 opercula
1298 1528 1465 1560 doliorum
1488 1527 1597 1559 medi·-

894 1579 1015 1619 canda,
1028 1579 1143 1611 addita
1154 1579 1318 1610 mastiche
1329 1587 1369 1609 ac
1383 1576 1482 1618 pice!
1498 1577 1595 1608 Pers.

897 1639 978 1660 vero
992 1629 1065 1660 Sat.
1082 1637 1134 1660 lv.
1146 1631 1200 1659 29.
1216 1629 1225 1645 ‘
1238 1627 1378 1659 Seriolae
1392 1627 1515 1658 veteris
1526 1636 1597 1658 me·

897 1684 997 1722 tuens
1013 1678 1179 1710 deradere
1192 1678 1320 1717 limum,
1331 1677 1503 1717 1ngemit.'
1529 1677 1598 1708 De-

898 1725 999 1767 nique
1024 1727 1187 1758 notabant
1208 1727 1308 1767 quale
1330 1726 1457 1765 vinum,
1472 1730 1509 1756 et
1528 1734 1597 1766 quo

900 1780 1054 1816 tempore
1081 1775 1255 1807 conditum
1281 1775 1412 1806 fnisset.
1456 1774 1499 1806 Id
1522 1784 1597 1814 pas-

900 1825 960 1855 sim
977 1825 1160 1856 observare
1176 1829 1241 1864 est,
1261 1829 1296 1856 et
1320 1830 1441 1864 postea
1463 1825 1598 1856 notabi-

900 1883 974 1905 mus
995 1874 1147 1914 pluribus
1162 1874 1256 1906 locia-
1300 1873 1368 1905 Hic
1385 1883 1469 1914 ergo
1483 1873 1600 1914 priora

900 1923 967 1954 tria
1001 1928 1149 1964 quatuor
1190 1922 1304 1954 verbis
1346 1923 1599 1963 exprimuntur,

897 1976 1057 2013 quartum
1087 1971 1320 2013 sequentibus.
1373 1971 1488 2003 Groem
1517 1974 1598 2003 testa

896 2022 1054 2053 conditam
1079 2022 1153 2061 leni,
1178 2021 1302 2063 iuquit,
1323 2016 1416 2053 daem
1429 2021 1599 2053 intheatro

896 2080 965 2102 cam
980 2070 1039 2102 tibi
1052 2072 1191 2111 plausus.
1226 2071 1332 2105 Quasi
1347 2071 1498 2103 diceret:
1518 2081 1599 2103 con-

898 2119 984 2160 didi,
998 2129 1060 2152 seu
1074 2121 1109 2152 in
1126 2131 1207 2152 vasa
1223 2120 1355 2152 infudi:
1376 2121 1489 2152 Graeco
1505 2124 1598 2158 testa,

899 2171 952 2202 vel
973 2180 1078 2212 snper
1103 2170 1223 2202 faecem
1248 2171 1316 2202 vini
1343 2170 1472 2210 Graeci,
1488 2171 1539 2201 vel
1563 2171 1599 2201 in

900 2220 998 2252 doliis
1026 2221 1060 2252 in
1090 2220 1212 2262 quibus
1241 2223 1321 2251 ante
1350 2219 1457 2251 fuerit
1484 2219 1598 2250 vinnm

900 2270 1072 2311 Graecum,
1094 2274 1134 2302 ut
1150 2271 1198 2302 ita
1214 2270 1263 2301 vis
1282 2269 1407 2301 Sabino
1430 2278 1599 2309 saporque

901 2320 1096 2353 accederet.
1134 2320 1256 2351 Tertio
1280 2319 1346 2350 levi
1369 2328 1429 2348 seu
1446 2319 1522 2357 pice
1539 2326 1599 2347 seu

903 2380 1021 2411 gypso.
1066 2371 1214 2402 Domum
1243 2374 1378 2407 tempus
1403 2371 1513 2402 notat,
1541 2366 1600 2396 ad·

902 2420 1025 2459 dendo,
1038 2430 1108 2451 cum
1122 2421 1213 2450 datus
1227 2418 1285 2448 tibi
1297 2418 1434 2457 plausus,
1446 2418 1500 2456 ξε.

946 2470 1061 2501 Groeca
1076 2468 1171 2508 testa]
1195 2468 1291 2499 Cado
1313 2471 1482 2505 testaceo,
1507 2465 1600 2506 quod

903 2519 992 2549 vasis
1016 2527 1124 2558 genus
1149 2526 1168 2547 e
1192 2516 1331 2548 Graecia
1351 2519 1474 2547 ortum.
1509 2515 1599 2547 Ptin.

903 2576 979 2599 xrv.
1008 2570 1063 2598 21.
1093 2567 1152 2598 cit.
1184 2565 1310 2596 ‘Circa
1342 2564 1448 2605 Alpes
1477 2564 1600 2605 ligneis

904 2617 990 2647 vasis
1017 2615 1183 2654 condunt,
1210 2614 1412 2655 circulisque
1435 2613 1601 2655 cingunt.’

904 2666 1036 2698 Quibus
1071 2665 1180 2696 verbis
1212 2663 1360 2696 ostendit
1389 2663 1504 2695 Romae
1534 2664 1599 2695 ista

906 2724 985 2746 vasa
1000 2713 1146 2745 nondum
1161 2719 1243 2746 tunc
1258 2713 1291 2745 in
1306 2722 1367 2744 usn
1382 2711 1499 2744 fuisse.
