1916 3190
260 241 345 282 136

742 253 784 291 Q.
819 251 1030 284 HORATH
1067 253 1239 286 FLAccl

433 345 621 396 Hastas,
642 350 684 387 et
703 347 863 388 calami
879 347 1053 401 spicula
1076 347 1260 390 Gnossii

431 411 624 463 vitabis,
646 413 979 467 strepitumque,
1000 418 1044 456 et
1059 414 1244 456 celerem
1264 416 1388 469 sequi

435 477 631 532 Ajacem.
690 480 872 531 Tamen,
892 481 1007 531 heu!
1039 494 1165 523 serus
1187 483 1412 524 adulteros

490 545 644 588 Crines
665 547 846 600 pulvere
869 547 1067 589 collines.

431 613 539 654 Non
560 613 843 663 La‘ettiaden,
866 615 1051 655 exitium
1073 619 1162 656 tuae

430 679 601 730 Gentis,
620 693 708 722 non
730 681 907 735 Pylium
927 681 1119 723 Nestora
1140 682 1328 735 respicis
1345 683 1364 722 'l

258 818 464 860 sonitumque,
487 824 518 852 et
530 830 633 852 acrem
654 821 837 861 insequendo
854 821 990 860 Ajacem.
1036 820 1196 861 Attamen,
1209 822 1297 854 heu!
1322 823 1410 854 tarde
1436 822 1564 854 moechos
1587 822 1715 862 capillos

254 861 381 900 pulvere
404 862 573 904 insperges.
622 863 736 895 Nonne
762 863 847 895 vides
866 863 974 905 filium
989 863 1127 903 Laerta,
1151 874 1249 896 nonne
1273 865 1401 906 Pylium
1416 865 1583 897 Nestorem
1602 865 1714 906 populo

863 967 902 979 οφ
905 967 1023 980 mee‘
1026 968 1103 981 0000

262 1042 381 1081 Cnosii,
408 1042 548 1074 Gnossii.
592 1042 680 1074 Vide
702 1043 802 1074 Varr.
829 1043 943 1074 Lectt.
963 1042 1006 1073 ad
1031 1042 1101 1074 Od.
1121 1050 1213 1074 xxx.
1235 1045 1354 1074 1.—18
1379 1042 1477 1074 Harl.
1497 1045 1529 1074 6.
1551 1042 1716 1083 strepitus-

258 1094 341 1124 que;
374 1084 533 1116 Waddel.
558 1083 744 1116 Animadv.
776 1085 879 1116 Critt·

907 1095 940 1125 p.
968 1087 1022 1115 42.
1045 1085 1187 1116 laudans
1207 1084 1306 1125 Virg.
1334 1084 1411 1117 AEn.
1437 1093 1492 1116 ιι.
1514 1086 1592 1116 283.
1621 1085 1716 1126 conj.

260 1127 485 1167 trepidumque,
515 1127 727 1167 improbante
758 1127 850 1160 Jani.
886 1137 975 1158 serus
1013 1128 1136 1158 adulter
1167 1127 1222 1158 hos
1250 1127 1303 1158 vir
1337 1127 1477 1168 quidam
1505 1126 1626 1159 doctus
1659 1137 1715 1168 ap.

258 1169 468 1201 Jones.—19
492 1169 592 1202 Harl.
605 1172 638 1200 4.
663 1171 779 1202 Tamen
794 1168 878 1201 heu!
898 1172 1064 1201 seron-2⁰
1089 1170 1202 1201 Cultus
1224 1178 1285 1210 pro
1303 1170 1414 1202 Crines
1435 1170 1577 1201 Tor-nes.
1594 1169 1716 1202 Lamb-

210 1216 214 1219 ’
261 1211 329 1242 duo
347 1211 469 1243 Bland.
495 1217 532 1243 et
554 1212 662 1244 Mald.
679 1214 785 1254 Cruq.
813 1213 925 1244 Pulm.
943 1215 974 1244 1.
999 1212 1103 1243 Fran.
1131 1212 1223 1252 Lips.
1241 1215 1272 1243 1.
1288 1217 1326 1243 et
1340 1215 1372 1244 2.
1399 1221 1420 1244 a
1440 1222 1486 1244 m.
1512 1221 1564 1253 pr.
1588 1212 1716 1244 ‘Forte

260 1259 337 1285 orta
359 1255 466 1286 lectio
496 1264 514 1285 e
542 1255 652 1295 glossa
673 1255 771 1286 cultos
798 1265 898 1296 quam
928 1254 1135 1295 ascripserat
1162 1254 1284 1295 aliquis
1312 1255 1354 1285 ad
1381 1253 1561 1286 adulteros?
1580 1254 1718 1287 sani.—

261 1298 300 1327 21
327 1296 424 1327 Harl.
439 1300 469 1328 l.
486 1295 603 1328 Graev.
620 1297 741 1337 Regin.
758 1307 843 1328 unus
861 1296 1022 1335 Fabricii,
1038 1296 1260 1328 Mentel-duo
1274 1297 1369 1337 Lips.
1385 1297 1485 1329 Dess.
1497 1300 1530 1328 2.
1547 1296 1717 1328 escidium.

260 1341 346 1369 -22
373 1339 473 1370 Genti
491 1339 588 1371 Harl.
601 1342 632 1371 1.
646 1344 717 1371 tres
734 1339 859 1372 Bland.
875 1340 979 1381 Cruq.
994 1339 1134 1380 quidam
1153 1338 1273 1371 Lamb.
1289 1339 1405 1371 Graev.
1420 1343 1456 1371 et
1472 1339 1597 1381 Regin.
1613 1344 1651 1371 et
1666 1338 1716 1370 sie

915 1446 947 1478 N
953 1445 1060 1478 OTAE

259 1534 386 1562 stratus
403 1531 436 1562 in
451 1531 593 1572 pulvere
613 1532 835 1573 volutaberis,
852 1533 962 1564 trahe-

259 1580 375 1621 risque
392 1590 412 1611 a
434 1580 563 1612 victore
588 1581 683 1613 hoste
710 1582 861 1614 crinibus
882 1582 962 1623 illis,

260 1632 421 1663 adulterii
437 1631 632 1665 incentivis.

302 1685 343 1714 17
368 1682 514 1723 Gnossii]
540 1683 694 1715 Gnossus
723 1683 803 1715 urbs
834 1684 961 1724 Cretae,

259 1733 358 1774 cujus
379 1734 494 1774 populi
519 1734 661 1774 sagittas
683 1734 865 1766 emittendi
887 1739 960 1766 arte

258 1783 448 1823 pollebant.
498 1783 599 1816 Adde
626 1785 729 1826 quod,
758 1794 801 1816 ex
833 1784 962 1824 Plinio,

259 1834 410 1866 abundat
426 1834 531 1867 Creta
556 1835 671 1867 cannis
689 1834 902 1876 gravioribus
918 1834 961 1866 ad

257 1882 434 1915 faciendas
450 1885 591 1925 sagittas
607 1885 802 1926 aptissimis.
848 1885 961 1917 Porro

258 1933 348 1964 inter
384 1934 553 1965 Proceres
593 1935 735 1966 Graecos
768 1940 845 1966 erat
882 1935 961 1967 Ido-

257 1992 398 2014 meneus
431 1984 645 2015 Cretensium
675 1985 759 2024 dux,
796 1986 962 2019 Merionis

257 2044 384 2066 comes.

301 2087 342 2116 18
367 2085 505 2117 Celerem
532 2085 618 2125 sequi
645 2085 788 2125 Ajacem]
826 2085 958 2117 Pedum

257 2135 438 2167 celeritate
458 2135 549 2177 Ajax
574 2136 700 2174 clarus,
716 2139 754 2166 ut
769 2145 846 2166 enm
869 2135 958 2167 inse-

257 2189 420 2227 quentem
462 2185 626 2216 evaderet
659 2194 770 2217 nemo.
830 2186 957 2216 Verum

258 2234 435 2274 Oilensne,
449 2244 492 2265 an
504 2234 745 2266 Telamonius?
770 2234 838 2266 Hic
849 2239 958 2274 certe,

254 2285 281 2316 si
299 2285 420 2316 Dareti
435 2284 588 2325 Phrygio
597 2283 694 2324 fides,
704 2285 864 2316 Paridem
878 2294 957 2326 per-

257 2335 353 2376 sequi
368 2339 404 2366 et
418 2334 579 2366 occidere
595 2334 739 2375 legitur.⁴

300 2387 342 2416 19
363 2384 461 2416 Serus
471 2384 627 2415 adulteros
640 2383 751 2416 Crines
762 2385 888 2425 pulvere
898 2385 960 2415 col-

255 2434 351 2477 lines]
381 2433 545 2467 Quamvis
573 2432 714 2475 effugias
741 2434 961 2476 aliquamdiu,

256 2495 323 2516 non
343 2491 457 2519 tamen
483 2484 614 2525 poteris
634 2493 771 2524 semper
785 2484 959 2516 declinare

259 2545 407 2576 pugnam
431 2541 466 2567 et
486 2544 718 2576 congressum,
743 2535 778 2566 in
803 2544 869 2576 quo
884 2545 960 2567 cum

257 2586 313 2617 vel
329 2589 520 2625 prostratus
537 2586 592 2617 vel
609 2585 742 2617 occisus
758 2584 875 2625 fueris,
890 2585 962 2626 pnl-

255 2644 338 2667 vere
351 2635 489 2667 tandem
501 2635 719 2668 foedabuntur
727 2636 840 2668 crines
853 2635 900 2667 illi
913 2634 962 2667 tui

257 2690 355 2717 tanto
372 2684 484 2717 studio
506 2686 744 2726 calamistrati,
760 2690 798 2717 et
813 2694 962 2727 unguen-

256 2738 302 2769 tis
324 2736 482 2776 delibuti,
506 2737 626 2777 quibus
655 2737 792 2769 Helena
812 2737 847 2768 in
872 2745 963 2769 amo-

257 2797 340 2827 rem,
364 2792 400 2819 et
419 2786 496 2819 hinc
518 2786 552 2818 in
569 2787 727 2819 adulterii
741 2787 874 2820 facinus
892 2796 911 2818 a
927 2790 962 2819 te

1012 1535 1187 1573 pertracta
1203 1536 1268 1564 est.
1311 1531 1376 1564 Vel
1392 1531 1618 1572 simpliciter:
1643 1530 1721 1563 cri·

1013 1591 1073 1613 nes
1090 1582 1166 1613 illos
1183 1586 1257 1614 tuos
1274 1581 1451 1623 oportebit
1466 1581 1606 1613 tandem
1622 1581 1718 1613 belli-

1013 1640 1055 1662 co
1071 1629 1213 1672 pulvere
1225 1631 1371 1673 *aspergi
1386 1635 1422 1663 et
1436 1630 1535 1671 illini,
1553 1639 1640 1672 quos
1656 1639 1717 1662 un-

1015 1681 1151 1722 guentis
1168 1680 1336 1714 duntaxat
1349 1686 1453 1714 antea
1475 1681 1608 1713 illinere
1628 1685 1719 1713 nata-

1015 1731 1128 1772 gebus.
1171 1732 1259 1764 Sunt
1282 1732 1372 1763 enim
1391 1731 1450 1774 qui
1463 1730 1634 1763 affirment
1649 1731 1720 1766 Pa-

1016 1781 1122 1814 ridem
1161 1782 1370 1824 Ajacemque
1409 1781 1547 1814 Oileum
1578 1789 1719 1813 concer-

1017 1836 1129 1863 tantes
1143 1831 1270 1864 mutuis
1283 1831 1485 1864 occubuisse
1502 1830 1719 1869 vulneribus3

1016 1883 1073 1914 alii
1091 1884 1210 1915 volunt
1222 1883 1398 1924 Paridem,
1413 1886 1594 1924 postquam
1605 1880 1720 1913 Achil·

1016 1935 1081 1966 lem
1105 1935 1343 1975 interemisset,
1367 1944 1388 1966 a
1413 1933 1559 1976 Pyrrho,
1581 1933 1638 1965 alii
1660 1941 1720 1965 au·

1016 1990 1084 2015 tem
1101 1993 1121 2015 a
1136 1985 1344 2021 Philoctete,
1359 1982 1591 2016 interfectum.

1057 2036 1098 2064 21
1124 2033 1332 2072 laertiaden]
1357 2034 1514 2073 Ulyssem
1530 2033 1635 2064 filium
1650 2031 1718 2064 Ln-

1014 2083 1109 2123 erus,
1137 2083 1267 2114 Ithacae
1290 2089 1326 2114 et
1350 2083 1504 2114 Dulichii
1525 2083 1718 2114 Insularnm

1015 2134 1159 2173 Regem,
1176 2132 1359 2173 prudentia
1382 2132 1588 2173 solertiaque
1613 2141 1719 2173 snper

1013 2183 1142 2214 aetliera
1164 2187 1292 2214 notum.
1347 2181 1497 2218 Exitium
1508 2184 1572 2213 tuoe
1590 2181 1720 2222 Gentis]

1014 2233 1150 2273 Nempe
1180 2233 1261 2274 quia
1286 2231 1420 2264 detexit
1445 2233 1519 2273 ipse
1543 2237 1649 2273 atque
1672 2231 1717 2263 ad

1011 2283 1198 2325 Troianum
1223 2283 1347 2314 bellum
1366 2277 1512 2314 adduxit
1532 2280 1717 2323 Achillem,

1012 2335 1085 2366 sine
1100 2344 1166 2376 quo
1182 2344 1224 2366 ex
1238 2333 1318 2365 fatis
1330 2334 1407 2375 capi
1418 2334 1520 2375 Troja
1534 2342 1601 2364 non
1614 2335 1718 2374 potn-

1012 2385 1109 2416 isset.

1055 2436 1097 2466 22
1123 2432 1249 2474 Pylium
1270 2433 1423 2474 Nestora]
1462 2432 1532 2464 Hic
1545 2433 1717 2474 sapientia

1013 2488 1050 2516 et
1079 2484 1159 2515 vitae
1187 2483 1414 2515 diuturnitate
1436 2483 1602 2524 inclytus,
1623 2483 1717 2524 apud

1015 2534 1135 2576 Pylum
1158 2533 1388 2574 Peloponnesi
1411 2533 1574 2574 oppidum
1591 2533 1717 2566 educa-

1015 2590 1083 2624 tus,
1093 2585 1166 2625 ‚iam
1179 2584 1291 2615 senior
1304 2593 1380 2614 cum
1394 2583 1466 2614 aliis
1477 2582 1626 2615 Graeciae
1637 2593 1717 2625 pro-

1016 2635 1148 2667 ceribus
1186 2634 1345 2666 convenit
1379 2634 1421 2665 ad
1458 2633 1718 2675 expeditionem

1015 2685 1214 2726 Trojanam.
1258 2685 1315 2715 De
1337 2692 1378 2715 eo
1401 2682 1512 2716 fertur
1531 2682 1717 2725 Agamem·

1016 2743 1081 2766 non
1097 2733 1244 2764 dixisse:
1268 2732 1365 2764 brevi
1377 2733 1642 2773 expugnandum
1657 2730 1717 2765 Ili-

1016 2794 1084 2826 um,
1100 2784 1127 2817 si
1142 2783 1260 2816 decem
1277 2783 1444 2816 Nestoi-es
1459 2781 1659 2819 adfuissent.
1716 2796 1718 2799 ·
