<?xml version="1.0" encoding="UTF-8"?>
<!DOCTYPE html PUBLIC "-//W3C//DTD XHTML 1.0 Transitional//EN"
    "http://www.w3.org/TR/xhtml1/DTD/xhtml1-transitional.dtd">
<html xmlns="http://www.w3.org/1999/xhtml" xml:lang="en" lang="en">
 <head>
  <title>
</title>
<meta http-equiv="Content-Type" content="text/html;charset=utf-8" />
  <meta name='ocr-system' content='tesseract 3.04.00' />
  <meta name='ocr-capabilities' content='ocr_page ocr_carea ocr_par ocr_line ocrx_word'/>
</head>
<body>
  <div class='ocr_page' id='page_1' title='image "./operazeune01horauoft_0482.png"; bbox 0 0 1916 3190; ppageno 0'>
   <div class='ocr_carea' id='block_1_1' title="bbox 295 266 379 307">
    <p class='ocr_par' dir='ltr' id='par_1_1' title="bbox 295 266 379 307">
     <span class='ocr_line' id='line_1_1' title="bbox 295 266 379 307; baseline 0.012 -1"><span class='ocrx_word' id='word_1_1' title='bbox 295 266 379 307; x_wconf 84' lang='grc'><strong>474</strong></span> 
     </span>
    </p>
   </div>
   <div class='ocr_carea' id='block_1_2' title="bbox 522 371 1171 425">
    <p class='ocr_par' dir='ltr' id='par_1_2' title="bbox 522 371 1171 425">
     <span class='ocr_line' id='line_1_2' title="bbox 522 371 1171 425; baseline -0.002 -12"><span class='ocrx_word' id='word_1_2' title='bbox 522 371 676 413; x_wconf 90' lang='lat' dir='ltr'><strong>Multis</strong></span> <span class='ocrx_word' id='word_1_3' title='bbox 696 375 740 413; x_wconf 88' lang='lat' dir='ltr'><strong>et</strong></span> <span class='ocrx_word' id='word_1_4' title='bbox 759 371 860 425; x_wconf 84' lang='lat' dir='ltr'><strong>alga</strong></span> <span class='ocrx_word' id='word_1_5' title='bbox 878 372 1004 413; x_wconf 90' lang='lat' dir='ltr'><strong>littus</strong></span> <span class='ocrx_word' id='word_1_6' title='bbox 1024 371 1171 413; x_wconf 85' lang='lat' dir='ltr'><strong>inutili</strong></span> 
     </span>
    </p>
   </div>
   <div class='ocr_carea' id='block_1_3' title="bbox 764 267 1258 316">
    <p class='ocr_par' dir='ltr' id='par_1_3' title="bbox 764 267 1258 316">
     <span class='ocr_line' id='line_1_3' title="bbox 764 267 1258 316; baseline 0.004 -10"><span class='ocrx_word' id='word_1_7' title='bbox 764 278 807 316; x_wconf 81' lang='lat' dir='ltr'><strong>Q.</strong></span> <span class='ocrx_word' id='word_1_8' title='bbox 839 277 1046 308; x_wconf 72' lang='lat' dir='ltr'><strong>HORA&#39;rn</strong></span> <span class='ocrx_word' id='word_1_9' title='bbox 1082 267 1258 308; x_wconf 72' lang='lat' dir='ltr'><strong>rnAcci</strong></span> 
     </span>
    </p>
   </div>
   <div class='ocr_carea' id='block_1_4' title="bbox 1678 374 1734 414">
    <p class='ocr_par' dir='ltr' id='par_1_4' title="bbox 1678 374 1734 414">
     <span class='ocr_line' id='line_1_4' title="bbox 1678 374 1734 414; baseline 0 0"><span class='ocrx_word' id='word_1_10' title='bbox 1678 374 1734 414; x_wconf 90' lang='grc'><strong>10</strong></span> 
     </span>
    </p>
   </div>
   <div class='ocr_carea' id='block_1_5' title="bbox 578 437 1377 558">
    <p class='ocr_par' dir='ltr' id='par_1_5' title="bbox 578 437 1377 558">
     <span class='ocr_line' id='line_1_5' title="bbox 578 437 1260 491; baseline 0.001 -13"><span class='ocrx_word' id='word_1_11' title='bbox 578 437 784 478; x_wconf 85' lang='lat' dir='ltr'><strong>Demissa</strong></span> <span class='ocrx_word' id='word_1_12' title='bbox 802 441 1042 491; x_wconf 82' lang='lat' dir='ltr'><strong>tempestas</strong></span> <span class='ocrx_word' id='word_1_13' title='bbox 1063 439 1119 479; x_wconf 85' lang='lat' dir='ltr'><strong>ab</strong></span> <span class='ocrx_word' id='word_1_14' title='bbox 1140 437 1260 479; x_wconf 90' lang='lat' dir='ltr'>Euro</span> 
     </span>
     <span class='ocr_line' id='line_1_6' title="bbox 635 504 1377 558; baseline 0.003 -14"><span class='ocrx_word' id='word_1_15' title='bbox 635 504 824 553; x_wconf 83' lang='lat' dir='ltr'><strong>Sternet,</strong></span> <span class='ocrx_word' id='word_1_16' title='bbox 845 516 974 557; x_wconf 82' lang='lat' dir='ltr'><strong>aquae</strong></span> <span class='ocrx_word' id='word_1_17' title='bbox 994 504 1216 546; x_wconf 86' lang='lat' dir='ltr'><strong>nisi·fallit</strong></span> <span class='ocrx_word' id='word_1_18' title='bbox 1237 517 1377 558; x_wconf 85' lang='lat' dir='ltr'><strong>augur</strong></span> 
     </span>
    </p>
   </div>
   <div class='ocr_carea' id='block_1_6' title="bbox 519 568 887 612">
    <p class='ocr_par' dir='ltr' id='par_1_6' title="bbox 519 568 887 612">
     <span class='ocr_line' id='line_1_7' title="bbox 519 568 887 612; baseline 0.005 -2"><span class='ocrx_word' id='word_1_19' title='bbox 519 568 704 611; x_wconf 86' lang='lat' dir='ltr'><strong>Annosa</strong></span> <span class='ocrx_word' id='word_1_20' title='bbox 722 570 887 612; x_wconf 88' lang='lat' dir='ltr'><strong>cornix.</strong></span> 
     </span>
    </p>
   </div>
   <div class='ocr_carea' id='block_1_7' title="bbox 948 570 1416 624">
    <p class='ocr_par' dir='ltr' id='par_1_7' title="bbox 948 570 1416 624">
     <span class='ocr_line' id='line_1_8' title="bbox 948 570 1416 624; baseline 0.002 -13"><span class='ocrx_word' id='word_1_21' title='bbox 948 570 1066 611; x_wconf 92' lang='lat' dir='ltr'><strong>Dum</strong></span> <span class='ocrx_word' id='word_1_22' title='bbox 1087 571 1223 624; x_wconf 89' lang='lat' dir='ltr'><strong>potis,</strong></span> <span class='ocrx_word' id='word_1_23' title='bbox 1243 570 1416 612; x_wconf 86' lang='lat' dir='ltr'><strong>aridum</strong></span> 
     </span>
    </p>
   </div>
   <div class='ocr_carea' id='block_1_8' title="bbox 522 636 1422 692">
    <p class='ocr_par' dir='ltr' id='par_1_8' title="bbox 522 636 1422 692">
     <span class='ocr_line' id='line_1_9' title="bbox 522 636 1422 692; baseline 0.001 -14"><span class='ocrx_word' id='word_1_24' title='bbox 522 636 750 690; x_wconf 88' lang='lat' dir='ltr'><strong>Compone</strong></span> <span class='ocrx_word' id='word_1_25' title='bbox 769 637 955 690; x_wconf 86' lang='lat' dir='ltr'><strong>lignum‘:</strong></span> <span class='ocrx_word' id='word_1_26' title='bbox 986 650 1085 679; x_wconf 88' lang='lat' dir='ltr'><strong>cras</strong></span> <span class='ocrx_word' id='word_1_27' title='bbox 1107 639 1279 692; x_wconf 86' lang='lat' dir='ltr'><strong>genium</strong></span> <span class='ocrx_word' id='word_1_28' title='bbox 1300 650 1422 679; x_wconf 86' lang='lat' dir='ltr'><strong>mero</strong></span> 
     </span>
    </p>
   </div>
   <div class='ocr_carea' id='block_1_9' title="bbox 292 772 1738 858">
    <p class='ocr_par' dir='ltr' id='par_1_9' title="bbox 292 772 1738 858">
     <span class='ocr_line' id='line_1_10' title="bbox 293 772 1738 815; baseline 0.001 -12"><span class='ocrx_word' id='word_1_29' title='bbox 293 772 344 804; x_wconf 76' lang='lat' dir='ltr'><strong>die</strong></span> <span class='ocrx_word' id='word_1_30' title='bbox 364 773 498 812; x_wconf 80' lang='lat' dir='ltr'><strong>procella</strong></span> <span class='ocrx_word' id='word_1_31' title='bbox 513 775 552 807; x_wconf 82' lang='lat' dir='ltr'><strong>ab</strong></span> <span class='ocrx_word' id='word_1_32' title='bbox 566 774 652 806; x_wconf 79' lang='lat' dir='ltr'><strong>Euro</strong></span> <span class='ocrx_word' id='word_1_33' title='bbox 672 775 810 806; x_wconf 76' lang='lat' dir='ltr'><strong>excitata</strong></span> <span class='ocrx_word' id='word_1_34' title='bbox 823 784 929 806; x_wconf 75' lang='lat' dir='ltr'><strong>nemas</strong></span> <span class='ocrx_word' id='word_1_35' title='bbox 943 773 1114 812; x_wconf 72' lang='lat' dir='ltr'><strong>frondibus</strong></span> <span class='ocrx_word' id='word_1_36' title='bbox 1135 775 1290 815; x_wconf 75' lang='lat' dir='ltr'><strong><em>plurimis,</em></strong></span> <span class='ocrx_word' id='word_1_37' title='bbox 1312 775 1414 815; x_wconf 79' lang='lat' dir='ltr'><strong>ripam</strong></span> <span class='ocrx_word' id='word_1_38' title='bbox 1438 777 1542 806; x_wconf 79' lang='lat' dir='ltr'><strong>autem</strong></span> <span class='ocrx_word' id='word_1_39' title='bbox 1555 773 1642 806; x_wconf 78' lang='lat' dir='ltr'><strong>inani</strong></span> <span class='ocrx_word' id='word_1_40' title='bbox 1663 773 1738 812; x_wconf 82' lang='lat' dir='ltr'><strong>alga</strong></span> 
     </span>
     <span class='ocr_line' id='line_1_11' title="bbox 292 816 1738 858; baseline -0.001 -11"><span class='ocrx_word' id='word_1_41' title='bbox 292 820 492 856; x_wconf 57' lang='lat' dir='ltr'><strong>comper-geu</strong></span> <span class='ocrx_word' id='word_1_42' title='bbox 513 817 541 848; x_wconf 78' lang='lat' dir='ltr'><strong>si</strong></span> <span class='ocrx_word' id='word_1_43' title='bbox 563 826 611 848; x_wconf 87' lang='lat' dir='ltr'><strong>me</strong></span> <span class='ocrx_word' id='word_1_44' title='bbox 635 827 696 848; x_wconf 76' lang='lat' dir='ltr'><strong>non</strong></span> <span class='ocrx_word' id='word_1_45' title='bbox 721 817 837 858; x_wconf 77' lang='lat' dir='ltr'><strong><em>decipit</em></strong></span> <span class='ocrx_word' id='word_1_46' title='bbox 855 817 966 847; x_wconf 79' lang='lat' dir='ltr'><strong><em>cornix</em></strong></span> <span class='ocrx_word' id='word_1_47' title='bbox 987 818 1138 857; x_wconf 76' lang='lat' dir='ltr'><strong>longaeva,</strong></span> <span class='ocrx_word' id='word_1_48' title='bbox 1154 817 1291 858; x_wconf 80' lang='lat' dir='ltr'><strong>pluviam</strong></span> <span class='ocrx_word' id='word_1_49' title='bbox 1308 817 1525 858; x_wconf 67' lang='lat' dir='ltr'><strong>presagiens.-</strong></span> <span class='ocrx_word' id='word_1_50' title='bbox 1546 818 1627 848; x_wconf 75' lang='grc' dir='ltr'><strong><em>εἰει-α</em></strong></span> <span class='ocrx_word' id='word_1_51' title='bbox 1649 816 1738 855; x_wconf 79' lang='lat' dir='ltr'><strong>ligna</strong></span> 
     </span>
    </p>
   </div>
   <div class='ocr_carea' id='block_1_10' title="bbox 897 921 1135 934">
    <p class='ocr_par' dir='ltr' id='par_1_10' title="bbox 897 921 1135 934">
     <span class='ocr_line' id='line_1_12' title="bbox 897 921 1135 934; baseline 0.004 -1"><span class='ocrx_word' id='word_1_52' title='bbox 897 921 1054 934; x_wconf 66' lang='grc'><strong><em>00000000</em></strong></span> <span class='ocrx_word' id='word_1_53' title='bbox 1058 921 1135 934; x_wconf 78' lang='grc'><strong><em>0000</em></strong></span> 
     </span>
    </p>
   </div>
   <div class='ocr_carea' id='block_1_11' title="bbox 292 983 1739 1196">
    <p class='ocr_par' dir='ltr' id='par_1_11' title="bbox 292 983 1739 1196">
     <span class='ocr_line' id='line_1_13' title="bbox 294 983 1736 1028; baseline 0.001 -13"><span class='ocrx_word' id='word_1_54' title='bbox 294 983 436 1016; x_wconf 73' lang='lat' dir='ltr'><strong>Graecos</strong></span> <span class='ocrx_word' id='word_1_55' title='bbox 449 984 608 1016; x_wconf 82' lang='lat' dir='ltr'><strong>scribitur</strong></span> <span class='ocrx_word' id='word_1_56' title='bbox 631 985 826 1025; x_wconf 77' lang='grc' dir='ltr'>Λεῒρις.-11</span> <span class='ocrx_word' id='word_1_57' title='bbox 851 985 978 1017; x_wconf 74' lang='lat' dir='ltr'><strong>Emissa</strong></span> <span class='ocrx_word' id='word_1_58' title='bbox 1003 986 1094 1027; x_wconf 88' lang='lat' dir='ltr'><strong>conj.</strong></span> <span class='ocrx_word' id='word_1_59' title='bbox 1120 986 1267 1027; x_wconf 77' lang='lat' dir='ltr'><strong>Cuning.</strong></span> <span class='ocrx_word' id='word_1_60' title='bbox 1289 985 1455 1028; x_wconf 77' lang='lat' dir='ltr'><strong>probante</strong></span> <span class='ocrx_word' id='word_1_61' title='bbox 1478 986 1597 1018; x_wconf 87' lang='lat' dir='ltr'><strong>Jones.</strong></span> <span class='ocrx_word' id='word_1_62' title='bbox 1623 989 1661 1017; x_wconf 88' lang='lat' dir='ltr'><strong>et</strong></span> <span class='ocrx_word' id='word_1_63' title='bbox 1687 985 1736 1017; x_wconf 86' lang='lat' dir='ltr'><strong>sie</strong></span> 
     </span>
     <span class='ocr_line' id='line_1_14' title="bbox 292 1026 1739 1068; baseline 0.001 -11"><span class='ocrx_word' id='word_1_64' title='bbox 292 1026 504 1058; x_wconf 80' lang='lat' dir='ltr'><strong>Sanad.—12</strong></span> <span class='ocrx_word' id='word_1_65' title='bbox 527 1027 651 1058; x_wconf 76' lang='lat' dir='ltr'><strong>Sternit</strong></span> <span class='ocrx_word' id='word_1_66' title='bbox 675 1036 762 1059; x_wconf 85' lang='lat' dir='ltr'><strong>unus</strong></span> <span class='ocrx_word' id='word_1_67' title='bbox 791 1028 989 1059; x_wconf 78' lang='lat' dir='ltr'><strong>Bersmanni</strong></span> <span class='ocrx_word' id='word_1_68' title='bbox 1014 1032 1052 1060; x_wconf 85' lang='lat' dir='ltr'><strong>et</strong></span> <span class='ocrx_word' id='word_1_69' title='bbox 1071 1028 1173 1060; x_wconf 87' lang='lat' dir='ltr'><strong>Dess.</strong></span> <span class='ocrx_word' id='word_1_70' title='bbox 1200 1031 1230 1061; x_wconf 92' lang='grc'><strong>1.</strong></span> <span class='ocrx_word' id='word_1_71' title='bbox 1250 1031 1283 1060; x_wconf 76' lang='lat'><strong>2.</strong></span> <span class='ocrx_word' id='word_1_72' title='bbox 1327 1028 1412 1060; x_wconf 85' lang='lat' dir='ltr'><strong>Mox</strong></span> <span class='ocrx_word' id='word_1_73' title='bbox 1427 1028 1524 1066; x_wconf 76' lang='lat' dir='ltr'><strong>fallet</strong></span> <span class='ocrx_word' id='word_1_74' title='bbox 1547 1028 1640 1068; x_wconf 86' lang='lat' dir='ltr'><strong>Lips.</strong></span> <span class='ocrx_word' id='word_1_75' title='bbox 1663 1029 1739 1058; x_wconf 78' lang='grc'><strong>4.-</strong></span> 
     </span>
     <span class='ocr_line' id='line_1_15' title="bbox 294 1068 1738 1110; baseline 0.001 -11"><span class='ocrx_word' id='word_1_76' title='bbox 294 1070 335 1099; x_wconf 76' lang='grc'><strong>13</strong></span> <span class='ocrx_word' id='word_1_77' title='bbox 358 1068 458 1100; x_wconf 86' lang='lat' dir='ltr'><strong>Harl.</strong></span> <span class='ocrx_word' id='word_1_78' title='bbox 475 1072 504 1102; x_wconf 89' lang='lat'><strong>1.</strong></span> <span class='ocrx_word' id='word_1_79' title='bbox 519 1071 551 1100; x_wconf 84' lang='grc'><strong>2.</strong></span> <span class='ocrx_word' id='word_1_80' title='bbox 565 1072 597 1100; x_wconf 76' lang='grc'><strong>3.</strong></span> <span class='ocrx_word' id='word_1_81' title='bbox 614 1073 647 1101; x_wconf 83' lang='grc'><strong>4.</strong></span> <span class='ocrx_word' id='word_1_82' title='bbox 661 1073 693 1101; x_wconf 88' lang='grc'><strong>5.</strong></span> <span class='ocrx_word' id='word_1_83' title='bbox 709 1073 741 1101; x_wconf 84' lang='grc'><strong>6.</strong></span> <span class='ocrx_word' id='word_1_84' title='bbox 762 1070 910 1101; x_wconf 83' lang='lat' dir='ltr'><strong>Bentleii</strong></span> <span class='ocrx_word' id='word_1_85' title='bbox 937 1070 1054 1102; x_wconf 79' lang='lat' dir='ltr'><strong>Graev.</strong></span> <span class='ocrx_word' id='word_1_86' title='bbox 1075 1070 1173 1102; x_wconf 88' lang='lat' dir='ltr'><strong>Leid.</strong></span> <span class='ocrx_word' id='word_1_87' title='bbox 1199 1075 1235 1102; x_wconf 87' lang='lat' dir='ltr'><strong>et</strong></span> <span class='ocrx_word' id='word_1_88' title='bbox 1261 1070 1383 1110; x_wconf 80' lang='lat' dir='ltr'><strong>Regin.</strong></span> <span class='ocrx_word' id='word_1_89' title='bbox 1406 1080 1426 1102; x_wconf 84' lang='lat' dir='ltr'><strong>a</strong></span> <span class='ocrx_word' id='word_1_90' title='bbox 1450 1079 1495 1102; x_wconf 87' lang='lat' dir='ltr'><strong>m.</strong></span> <span class='ocrx_word' id='word_1_91' title='bbox 1518 1078 1570 1110; x_wconf 87' lang='lat' dir='ltr'><strong>pr.</strong></span> <span class='ocrx_word' id='word_1_92' title='bbox 1592 1069 1738 1101; x_wconf 78' lang='lat' dir='ltr'><strong>Mente!-</strong></span> 
     </span>
     <span class='ocr_line' id='line_1_16' title="bbox 294 1110 1738 1154; baseline 0.001 -13"><span class='ocrx_word' id='word_1_93' title='bbox 294 1110 443 1142; x_wconf 86' lang='lat' dir='ltr'><strong>Helmst.</strong></span> <span class='ocrx_word' id='word_1_94' title='bbox 458 1119 533 1142; x_wconf 88' lang='lat' dir='ltr'><strong>cum</strong></span> <span class='ocrx_word' id='word_1_95' title='bbox 547 1111 626 1143; x_wconf 88' lang='lat' dir='ltr'><strong>edd.</strong></span> <span class='ocrx_word' id='word_1_96' title='bbox 644 1112 758 1144; x_wconf 86' lang='lat' dir='ltr'><strong>Bentl.</strong></span> <span class='ocrx_word' id='word_1_97' title='bbox 772 1111 917 1153; x_wconf 80' lang='lat' dir='ltr'><strong>Cuning.</strong></span> <span class='ocrx_word' id='word_1_98' title='bbox 929 1113 1034 1144; x_wconf 88' lang='lat' dir='ltr'><strong>Baxt.</strong></span> <span class='ocrx_word' id='word_1_99' title='bbox 1049 1112 1071 1146; x_wconf 89' lang='lat' dir='ltr'>J</span> <span class='ocrx_word' id='word_1_100' title='bbox 1075 1113 1143 1154; x_wconf 88' lang='lat' dir='ltr'><strong>ani,</strong></span> <span class='ocrx_word' id='word_1_101' title='bbox 1153 1112 1291 1153; x_wconf 87' lang='lat' dir='ltr'><strong>Bipont.</strong></span> <span class='ocrx_word' id='word_1_102' title='bbox 1302 1113 1443 1144; x_wconf 86' lang='lat' dir='ltr'><strong>Mitsch.</strong></span> <span class='ocrx_word' id='word_1_103' title='bbox 1458 1112 1604 1144; x_wconf 78' lang='lat' dir='ltr'><strong>Wetzel.</strong></span> <span class='ocrx_word' id='word_1_104' title='bbox 1619 1110 1738 1143; x_wconf 79' lang='lat' dir='ltr'><strong>eomb.</strong></span> 
     </span>
     <span class='ocr_line' id='line_1_17' title="bbox 294 1152 1737 1196; baseline 0 -12"><span class='ocrx_word' id='word_1_105' title='bbox 294 1156 331 1184; x_wconf 83' lang='lat' dir='ltr'><strong>et</strong></span> <span class='ocrx_word' id='word_1_106' title='bbox 346 1152 449 1185; x_wconf 85' lang='lat' dir='ltr'><strong>Kidd.</strong></span> <span class='ocrx_word' id='word_1_107' title='bbox 471 1153 567 1195; x_wconf 72' lang='lat' dir='ltr'><strong>potis.</strong></span> <span class='ocrx_word' id='word_1_108' title='bbox 588 1158 598 1172; x_wconf 82' lang='lat'><strong><em>⁴</em></strong></span> <span class='ocrx_word' id='word_1_109' title='bbox 613 1154 660 1186; x_wconf 88' lang='lat' dir='ltr'><strong>Et</strong></span> <span class='ocrx_word' id='word_1_110' title='bbox 686 1154 804 1187; x_wconf 86' lang='lat' dir='ltr'><strong>extitit</strong></span> <span class='ocrx_word' id='word_1_111' title='bbox 824 1155 912 1186; x_wconf 86' lang='lat' dir='ltr'><strong>haud</strong></span> <span class='ocrx_word' id='word_1_112' title='bbox 936 1154 1039 1187; x_wconf 85' lang='lat' dir='ltr'><strong>dubie</strong></span> <span class='ocrx_word' id='word_1_113' title='bbox 1061 1155 1096 1186; x_wconf 89' lang='lat' dir='ltr'><strong>in</strong></span> <span class='ocrx_word' id='word_1_114' title='bbox 1119 1155 1270 1196; x_wconf 85' lang='lat' dir='ltr'><strong>pluribus</strong></span> <span class='ocrx_word' id='word_1_115' title='bbox 1285 1155 1426 1187; x_wconf 88' lang='lat' dir='ltr'><strong>aliorum</strong></span> <span class='ocrx_word' id='word_1_116' title='bbox 1441 1155 1543 1187; x_wconf 86' lang='lat' dir='ltr'><strong>etiam</strong></span> <span class='ocrx_word' id='word_1_117' title='bbox 1558 1153 1662 1186; x_wconf 85' lang='lat' dir='ltr'><strong>codd.</strong></span> <span class='ocrx_word' id='word_1_118' title='bbox 1676 1152 1737 1185; x_wconf 76' lang='lat' dir='ltr'><strong>sed</strong></span> 
     </span>
    </p>
   </div>
   <div class='ocr_carea' id='block_1_12' title="bbox 943 1261 1090 1295">
    <p class='ocr_par' dir='ltr' id='par_1_12' title="bbox 943 1261 1090 1295">
     <span class='ocr_line' id='line_1_18' title="bbox 943 1261 1090 1295; baseline -0.007 0"><span class='ocrx_word' id='word_1_119' title='bbox 943 1261 1090 1295; x_wconf 75' lang='lat' dir='ltr'>NOTAE</span> 
     </span>
    </p>
   </div>
   <div class='ocr_carea' id='block_1_13' title="bbox 292 1333 994 2821">
    <p class='ocr_par' dir='ltr' id='par_1_13' title="bbox 294 1333 991 1414">
     <span class='ocr_line' id='line_1_19' title="bbox 338 1333 991 1376; baseline 0.008 -11"><span class='ocrx_word' id='word_1_120' title='bbox 338 1335 379 1365; x_wconf 91' lang='lat'><strong>10</strong></span> <span class='ocrx_word' id='word_1_121' title='bbox 401 1333 502 1376; x_wconf 77' lang='lat' dir='ltr'><strong>Alga]</strong></span> <span class='ocrx_word' id='word_1_122' title='bbox 535 1334 656 1368; x_wconf 82' lang='lat' dir='ltr'><strong>Herba</strong></span> <span class='ocrx_word' id='word_1_123' title='bbox 681 1337 811 1370; x_wconf 85' lang='lat' dir='ltr'><strong>marina</strong></span> <span class='ocrx_word' id='word_1_124' title='bbox 838 1337 881 1370; x_wconf 87' lang='lat' dir='ltr'><strong>ad</strong></span> <span class='ocrx_word' id='word_1_125' title='bbox 909 1337 991 1370; x_wconf 86' lang='lat' dir='ltr'><strong>nihil</strong></span> 
     </span>
     <span class='ocr_line' id='line_1_20' title="bbox 294 1383 399 1414; baseline 0.01 -1"><span class='ocrx_word' id='word_1_126' title='bbox 294 1383 399 1414; x_wconf 89' lang='lat' dir='ltr'><strong>utilis.</strong></span> 
     </span>
    </p>

    <p class='ocr_par' dir='ltr' id='par_1_14' title="bbox 292 1434 991 1663">
     <span class='ocr_line' id='line_1_21' title="bbox 338 1434 991 1476; baseline 0.005 -11"><span class='ocrx_word' id='word_1_127' title='bbox 338 1437 376 1465; x_wconf 88' lang='lat' dir='ltr'><strong>ll</strong></span> <span class='ocrx_word' id='word_1_128' title='bbox 394 1435 494 1476; x_wconf 85' lang='lat' dir='ltr'><em>Euro]</em></span> <span class='ocrx_word' id='word_1_129' title='bbox 507 1434 596 1467; x_wconf 84' lang='lat' dir='ltr'><strong>Plin.</strong></span> <span class='ocrx_word' id='word_1_130' title='bbox 607 1444 649 1467; x_wconf 83' lang='grc' dir='ltr'><strong>ιι.</strong></span> <span class='ocrx_word' id='word_1_131' title='bbox 662 1439 716 1468; x_wconf 82' lang='grc'><strong>47.</strong></span> <span class='ocrx_word' id='word_1_132' title='bbox 726 1435 786 1467; x_wconf 84' lang='lat' dir='ltr'><strong>flat</strong></span> <span class='ocrx_word' id='word_1_133' title='bbox 798 1436 858 1468; x_wconf 86' lang='lat' dir='ltr'><strong>‘ab</strong></span> <span class='ocrx_word' id='word_1_134' title='bbox 868 1436 991 1469; x_wconf 89' lang='lat' dir='ltr'><strong>Orien·</strong></span> 
     </span>
     <span class='ocr_line' id='line_1_22' title="bbox 294 1483 988 1526; baseline 0.006 -12"><span class='ocrx_word' id='word_1_135' title='bbox 294 1487 330 1515; x_wconf 87' lang='lat' dir='ltr'><strong>te</strong></span> <span class='ocrx_word' id='word_1_136' title='bbox 346 1483 490 1515; x_wconf 80' lang='lat' dir='ltr'><strong>brumali</strong></span> <span class='ocrx_word' id='word_1_137' title='bbox 503 1484 705 1524; x_wconf 87' lang='lat' dir='ltr'><strong>vulturnus‚&#39;</strong></span> <span class='ocrx_word' id='word_1_138' title='bbox 720 1494 819 1526; x_wconf 87' lang='lat' dir='ltr'><strong>quem</strong></span> <span class='ocrx_word' id='word_1_139' title='bbox 838 1486 847 1502; x_wconf 92' lang='lat'><em>‘</em></span> <span class='ocrx_word' id='word_1_140' title='bbox 861 1487 988 1518; x_wconf 87' lang='lat' dir='ltr'><strong>Eurum</strong></span> 
     </span>
     <span class='ocr_line' id='line_1_23' title="bbox 293 1532 990 1575; baseline 0.004 -11"><span class='ocrx_word' id='word_1_141' title='bbox 293 1532 410 1564; x_wconf 84' lang='lat' dir='ltr'><strong>Graeci</strong></span> <span class='ocrx_word' id='word_1_142' title='bbox 440 1533 640 1574; x_wconf 63' lang='lat' dir='ltr'><strong>appellant!</strong></span> <span class='ocrx_word' id='word_1_143' title='bbox 684 1534 797 1575; x_wconf 90' lang='lat' dir='ltr'><strong>Epod.</strong></span> <span class='ocrx_word' id='word_1_144' title='bbox 827 1543 906 1567; x_wconf 80' lang='lat' dir='ltr'><strong>xvr.</strong></span> <span class='ocrx_word' id='word_1_145' title='bbox 935 1538 990 1567; x_wconf 78' lang='lat'><strong>54.</strong></span> 
     </span>
     <span class='ocr_line' id='line_1_24' title="bbox 292 1582 991 1624; baseline 0.006 -12"><span class='ocrx_word' id='word_1_146' title='bbox 292 1582 302 1599; x_wconf 88' lang='lat'>‘</span> <span class='ocrx_word' id='word_1_147' title='bbox 313 1582 362 1613; x_wconf 92' lang='lat' dir='ltr'><strong>Ut</strong></span> <span class='ocrx_word' id='word_1_148' title='bbox 375 1590 486 1623; x_wconf 88' lang='lat' dir='ltr'><strong>neque</strong></span> <span class='ocrx_word' id='word_1_149' title='bbox 503 1582 602 1623; x_wconf 85' lang='lat' dir='ltr'><strong>largis</strong></span> <span class='ocrx_word' id='word_1_150' title='bbox 615 1582 773 1624; x_wconf 83' lang='lat' dir='ltr'><strong>Aquosns</strong></span> <span class='ocrx_word' id='word_1_151' title='bbox 788 1584 895 1616; x_wconf 86' lang='lat' dir='ltr'><strong>Eurus</strong></span> <span class='ocrx_word' id='word_1_152' title='bbox 910 1594 991 1616; x_wconf 84' lang='lat' dir='ltr'><strong>arva</strong></span> 
     </span>
     <span class='ocr_line' id='line_1_25' title="bbox 294 1630 589 1663; baseline 0.003 -2"><span class='ocrx_word' id='word_1_153' title='bbox 294 1630 392 1663; x_wconf 82' lang='lat' dir='ltr'><strong>radat</strong></span> <span class='ocrx_word' id='word_1_154' title='bbox 408 1631 589 1663; x_wconf 79' lang='lat' dir='ltr'><strong>imbribus-⁹</strong></span> 
     </span>
    </p>

    <p class='ocr_par' dir='ltr' id='par_1_15' title="bbox 292 1682 994 2463">
     <span class='ocr_line' id='line_1_26' title="bbox 338 1682 991 1723; baseline 0.005 -9"><span class='ocrx_word' id='word_1_155' title='bbox 338 1685 379 1714; x_wconf 82' lang='lat'><strong>12</strong></span> <span class='ocrx_word' id='word_1_156' title='bbox 394 1683 493 1723; x_wconf 78' lang='lat' dir='ltr'><strong>Aquoe</strong></span> <span class='ocrx_word' id='word_1_157' title='bbox 501 1683 563 1715; x_wconf 71' lang='lat' dir='ltr'><strong>nisi</strong></span> <span class='ocrx_word' id='word_1_158' title='bbox 570 1682 663 1722; x_wconf 77' lang='lat' dir='ltr'><strong>fauit</strong></span> <span class='ocrx_word' id='word_1_159' title='bbox 674 1692 776 1723; x_wconf 73' lang='lat' dir='ltr'><strong>aug-ur</strong></span> <span class='ocrx_word' id='word_1_160' title='bbox 786 1684 913 1716; x_wconf 66' lang='lat' dir='ltr'><strong>Annon</strong></span> <span class='ocrx_word' id='word_1_161' title='bbox 924 1695 991 1717; x_wconf 86' lang='lat' dir='ltr'><strong>cor-</strong></span> 
     </span>
     <span class='ocr_line' id='line_1_27' title="bbox 292 1732 992 1773; baseline 0.004 -10"><span class='ocrx_word' id='word_1_162' title='bbox 292 1732 366 1773; x_wconf 79' lang='lat' dir='ltr'><strong>nix]</strong></span> <span class='ocrx_word' id='word_1_163' title='bbox 388 1733 546 1764; x_wconf 88' lang='lat' dir='ltr'><strong>Pluvium</strong></span> <span class='ocrx_word' id='word_1_164' title='bbox 572 1738 688 1764; x_wconf 84' lang='lat' dir='ltr'><strong>autem</strong></span> <span class='ocrx_word' id='word_1_165' title='bbox 713 1732 788 1766; x_wconf 87' lang='lat' dir='ltr'><strong>fore</strong></span> <span class='ocrx_word' id='word_1_166' title='bbox 811 1734 932 1766; x_wconf 85' lang='lat' dir='ltr'><strong>coelum</strong></span> <span class='ocrx_word' id='word_1_167' title='bbox 952 1744 992 1767; x_wconf 90' lang='lat' dir='ltr'><strong>ac</strong></span> 
     </span>
     <span class='ocr_line' id='line_1_28' title="bbox 293 1781 992 1825; baseline 0.004 -12"><span class='ocrx_word' id='word_1_168' title='bbox 293 1781 419 1814; x_wconf 83' lang='lat' dir='ltr'><strong>foedam</strong></span> <span class='ocrx_word' id='word_1_169' title='bbox 442 1786 698 1823; x_wconf 76' lang='lat' dir='ltr'><strong>tempestatem,</strong></span> <span class='ocrx_word' id='word_1_170' title='bbox 719 1792 868 1825; x_wconf 84' lang='lat' dir='ltr'><strong>auguror</strong></span> <span class='ocrx_word' id='word_1_171' title='bbox 882 1793 902 1816; x_wconf 91' lang='lat' dir='ltr'><strong>e</strong></span> <span class='ocrx_word' id='word_1_172' title='bbox 917 1793 992 1816; x_wconf 89' lang='lat' dir='ltr'><strong>cor·</strong></span> 
     </span>
     <span class='ocr_line' id='line_1_29' title="bbox 293 1832 993 1876; baseline 0.006 -13"><span class='ocrx_word' id='word_1_173' title='bbox 293 1832 371 1864; x_wconf 89' lang='lat' dir='ltr'><strong>nice</strong></span> <span class='ocrx_word' id='word_1_174' title='bbox 385 1833 589 1865; x_wconf 81' lang='lat' dir='ltr'><strong>crocitante.</strong></span> <span class='ocrx_word' id='word_1_175' title='bbox 621 1833 709 1865; x_wconf 80' lang='lat' dir='ltr'><strong>Haec</strong></span> <span class='ocrx_word' id='word_1_176' title='bbox 725 1834 753 1866; x_wconf 85' lang='lat' dir='ltr'><strong>si</strong></span> <span class='ocrx_word' id='word_1_177' title='bbox 767 1838 823 1866; x_wconf 79' lang='lat' dir='ltr'><strong>ter</strong></span> <span class='ocrx_word' id='word_1_178' title='bbox 837 1838 896 1867; x_wconf 81' lang='lat' dir='ltr'><strong>aut</strong></span> <span class='ocrx_word' id='word_1_179' title='bbox 914 1843 993 1876; x_wconf 86' lang='lat' dir='ltr'><strong>qua·</strong></span> 
     </span>
     <span class='ocr_line' id='line_1_30' title="bbox 295 1881 994 1925; baseline 0.004 -12"><span class='ocrx_word' id='word_1_180' title='bbox 295 1885 364 1921; x_wconf 89' lang='lat' dir='ltr'><strong>ter,</strong></span> <span class='ocrx_word' id='word_1_181' title='bbox 380 1886 416 1914; x_wconf 85' lang='lat' dir='ltr'><strong>et</strong></span> <span class='ocrx_word' id='word_1_182' title='bbox 431 1881 561 1923; x_wconf 83' lang='lat' dir='ltr'><strong>liquida</strong></span> <span class='ocrx_word' id='word_1_183' title='bbox 577 1892 673 1925; x_wconf 87' lang='lat' dir='ltr'><strong>voce,</strong></span> <span class='ocrx_word' id='word_1_184' title='bbox 686 1883 848 1925; x_wconf 79' lang='lat' dir='ltr'><strong>crocitet,</strong></span> <span class='ocrx_word' id='word_1_185' title='bbox 867 1885 994 1916; x_wconf 87' lang='lat' dir='ltr'><strong>sereni·</strong></span> 
     </span>
     <span class='ocr_line' id='line_1_31' title="bbox 294 1931 992 1977; baseline 0.007 -15"><span class='ocrx_word' id='word_1_186' title='bbox 294 1936 401 1963; x_wconf 88' lang='lat' dir='ltr'><strong>tatem</strong></span> <span class='ocrx_word' id='word_1_187' title='bbox 438 1931 583 1965; x_wconf 86' lang='lat' dir='ltr'><strong>indicat.</strong></span> <span class='ocrx_word' id='word_1_188' title='bbox 625 1933 762 1966; x_wconf 86' lang='lat' dir='ltr'><strong>Servius</strong></span> <span class='ocrx_word' id='word_1_189' title='bbox 798 1935 835 1966; x_wconf 89' lang='lat' dir='ltr'><strong>in</strong></span> <span class='ocrx_word' id='word_1_190' title='bbox 870 1935 992 1977; x_wconf 81' lang='lat' dir='ltr'><strong>Virgil.</strong></span> 
     </span>
     <span class='ocr_line' id='line_1_32' title="bbox 293 1980 993 2026; baseline 0.009 -15"><span class='ocrx_word' id='word_1_191' title='bbox 293 1980 422 2022; x_wconf 79' lang='lat' dir='ltr'><strong>Georg.</strong></span> <span class='ocrx_word' id='word_1_192' title='bbox 452 1990 478 2014; x_wconf 93' lang='lat'><strong>1.</strong></span> <span class='ocrx_word' id='word_1_193' title='bbox 506 1985 582 2015; x_wconf 75' lang='lat'><strong>41⁰.</strong></span> <span class='ocrx_word' id='word_1_194' title='bbox 603 1983 712 2016; x_wconf 87' lang='lat' dir='ltr'><strong>‘Tum</strong></span> <span class='ocrx_word' id='word_1_195' title='bbox 733 1984 877 2026; x_wconf 87' lang='lat' dir='ltr'><strong>liquidas</strong></span> <span class='ocrx_word' id='word_1_196' title='bbox 898 1985 993 2017; x_wconf 86' lang='lat' dir='ltr'><strong>corvi</strong></span> 
     </span>
     <span class='ocr_line' id='line_1_33' title="bbox 293 2034 993 2077; baseline 0.009 -16"><span class='ocrx_word' id='word_1_197' title='bbox 293 2039 409 2070; x_wconf 84' lang='lat' dir='ltr'><strong>presso</strong></span> <span class='ocrx_word' id='word_1_198' title='bbox 431 2036 486 2063; x_wconf 82' lang='lat' dir='ltr'><strong>ter</strong></span> <span class='ocrx_word' id='word_1_199' title='bbox 501 2037 640 2072; x_wconf 82' lang='lat' dir='ltr'><strong>gutture</strong></span> <span class='ocrx_word' id='word_1_200' title='bbox 663 2043 763 2066; x_wconf 84' lang='lat' dir='ltr'><strong>voees</strong></span> <span class='ocrx_word' id='word_1_201' title='bbox 779 2034 850 2067; x_wconf 88' lang='lat' dir='ltr'><strong>Aut</strong></span> <span class='ocrx_word' id='word_1_202' title='bbox 870 2039 993 2077; x_wconf 81' lang='lat' dir='ltr'><strong>quater</strong></span> 
     </span>
     <span class='ocr_line' id='line_1_34' title="bbox 293 2080 993 2124; baseline 0.011 -14"><span class='ocrx_word' id='word_1_203' title='bbox 293 2080 526 2121; x_wconf 56' lang='lat' dir='ltr'><strong>ingeminant?</strong></span> <span class='ocrx_word' id='word_1_204' title='bbox 568 2082 618 2114; x_wconf 91' lang='lat' dir='ltr'><strong>At</strong></span> <span class='ocrx_word' id='word_1_205' title='bbox 647 2084 675 2115; x_wconf 88' lang='lat' dir='ltr'><strong>si</strong></span> <span class='ocrx_word' id='word_1_206' title='bbox 709 2085 813 2124; x_wconf 89' lang='lat' dir='ltr'><strong>plena</strong></span> <span class='ocrx_word' id='word_1_207' title='bbox 843 2094 927 2117; x_wconf 85' lang='lat' dir='ltr'><strong>voce</strong></span> <span class='ocrx_word' id='word_1_208' title='bbox 956 2089 993 2118; x_wconf 87' lang='lat' dir='ltr'><strong>et</strong></span> 
     </span>
     <span class='ocr_line' id='line_1_35' title="bbox 294 2129 992 2172; baseline 0.006 -11"><span class='ocrx_word' id='word_1_209' title='bbox 294 2139 410 2169; x_wconf 85' lang='lat' dir='ltr'><strong>rauca,</strong></span> <span class='ocrx_word' id='word_1_210' title='bbox 437 2129 575 2172; x_wconf 87' lang='lat' dir='ltr'><strong>diuque,</strong></span> <span class='ocrx_word' id='word_1_211' title='bbox 612 2132 771 2172; x_wconf 83' lang='lat' dir='ltr'><strong>pluviam.</strong></span> <span class='ocrx_word' id='word_1_212' title='bbox 822 2134 915 2167; x_wconf 90' lang='lat' dir='ltr'><strong>Ibid.</strong></span> <span class='ocrx_word' id='word_1_213' title='bbox 942 2145 992 2166; x_wconf 91' lang='lat' dir='ltr'><strong>vs.</strong></span> 
     </span>
     <span class='ocr_line' id='line_1_36' title="bbox 294 2181 991 2224; baseline 0.009 -12"><span class='ocrx_word' id='word_1_214' title='bbox 294 2184 370 2213; x_wconf 76' lang='lat'><strong>388.</strong></span> <span class='ocrx_word' id='word_1_215' title='bbox 391 2181 401 2199; x_wconf 89' lang='lat'>‘</span> <span class='ocrx_word' id='word_1_216' title='bbox 414 2182 500 2213; x_wconf 84' lang='lat' dir='ltr'><strong>Tum</strong></span> <span class='ocrx_word' id='word_1_217' title='bbox 517 2181 634 2213; x_wconf 81' lang='lat' dir='ltr'><strong>cornix</strong></span> <span class='ocrx_word' id='word_1_218' title='bbox 655 2183 756 2222; x_wconf 87' lang='lat' dir='ltr'><strong>plena</strong></span> <span class='ocrx_word' id='word_1_219' title='bbox 772 2185 918 2224; x_wconf 83' lang='lat' dir='ltr'><strong>pluviam</strong></span> <span class='ocrx_word' id='word_1_220' title='bbox 933 2195 991 2217; x_wconf 83' lang='lat' dir='ltr'><strong>vo·</strong></span> 
     </span>
     <span class='ocr_line' id='line_1_37' title="bbox 293 2231 991 2274; baseline 0.004 -10"><span class='ocrx_word' id='word_1_221' title='bbox 293 2237 352 2265; x_wconf 86' lang='lat' dir='ltr'><strong>cat</strong></span> <span class='ocrx_word' id='word_1_222' title='bbox 366 2232 520 2274; x_wconf 82' lang='lat' dir='ltr'><strong>improba</strong></span> <span class='ocrx_word' id='word_1_223' title='bbox 542 2231 650 2264; x_wconf 55' lang='lat' dir='ltr'><strong>mee?</strong></span> <span class='ocrx_word' id='word_1_224' title='bbox 694 2233 748 2264; x_wconf 83' lang='lat' dir='ltr'><strong>Ex</strong></span> <span class='ocrx_word' id='word_1_225' title='bbox 770 2234 862 2265; x_wconf 89' lang='lat' dir='ltr'><strong>Plin.</strong></span> <span class='ocrx_word' id='word_1_226' title='bbox 883 2244 991 2267; x_wconf 84' lang='lat' dir='ltr'><strong>xvur.</strong></span> 
     </span>
     <span class='ocr_line' id='line_1_38' title="bbox 294 2281 990 2322; baseline 0 -9"><span class='ocrx_word' id='word_1_227' title='bbox 294 2284 349 2313; x_wconf 81' lang='lat'><strong>35.</strong></span> <span class='ocrx_word' id='word_1_228' title='bbox 378 2281 533 2321; x_wconf 83' lang='lat' dir='ltr'><strong>hyemem</strong></span> <span class='ocrx_word' id='word_1_229' title='bbox 565 2281 773 2322; x_wconf 79' lang='lat' dir='ltr'><strong>praesagiunt</strong></span> <span class='ocrx_word' id='word_1_230' title='bbox 807 2285 990 2313; x_wconf 76' lang='lat' dir='ltr'><strong>terrestres</strong></span> 
     </span>
     <span class='ocr_line' id='line_1_39' title="bbox 295 2329 991 2371; baseline 0 -9"><span class='ocrx_word' id='word_1_231' title='bbox 295 2331 450 2362; x_wconf 89' lang='lat' dir='ltr'><strong>volucres</strong></span> <span class='ocrx_word' id='word_1_232' title='bbox 466 2334 588 2362; x_wconf 83' lang='lat' dir='ltr'><strong>contra</strong></span> <span class='ocrx_word' id='word_1_233' title='bbox 609 2339 730 2371; x_wconf 86' lang='lat' dir='ltr'><strong>aquam</strong></span> <span class='ocrx_word' id='word_1_234' title='bbox 752 2329 875 2362; x_wconf 82' lang='lat' dir='ltr'><strong>dantes</strong></span> <span class='ocrx_word' id='word_1_235' title='bbox 898 2331 991 2362; x_wconf 87' lang='lat' dir='ltr'><strong>clan-</strong></span> 
     </span>
     <span class='ocr_line' id='line_1_40' title="bbox 295 2379 991 2422; baseline -0.001 -10"><span class='ocrx_word' id='word_1_236' title='bbox 295 2390 425 2422; x_wconf 83' lang='lat' dir='ltr'><strong>gorem,</strong></span> <span class='ocrx_word' id='word_1_237' title='bbox 438 2379 685 2422; x_wconf 79' lang='lat' dir='ltr'><strong>perfundentes</strong></span> <span class='ocrx_word' id='word_1_238' title='bbox 694 2384 787 2411; x_wconf 84' lang='lat' dir='ltr'><strong>sese:</strong></span> <span class='ocrx_word' id='word_1_239' title='bbox 811 2379 874 2412; x_wconf 82' lang='lat' dir='ltr'><strong>sed</strong></span> <span class='ocrx_word' id='word_1_240' title='bbox 886 2379 991 2412; x_wconf 87' lang='lat' dir='ltr'><strong>maxi-</strong></span> 
     </span>
     <span class='ocr_line' id='line_1_41' title="bbox 294 2431 493 2463; baseline -0.005 0"><span class='ocrx_word' id='word_1_241' title='bbox 294 2441 349 2463; x_wconf 90' lang='lat' dir='ltr'><strong>me</strong></span> <span class='ocrx_word' id='word_1_242' title='bbox 364 2431 493 2463; x_wconf 81' lang='lat' dir='ltr'><strong>cornix.</strong></span> 
     </span>
    </p>

    <p class='ocr_par' dir='ltr' id='par_1_16' title="bbox 294 2478 994 2821">
     <span class='ocr_line' id='line_1_42' title="bbox 339 2478 994 2521; baseline -0.005 -7"><span class='ocrx_word' id='word_1_243' title='bbox 339 2483 381 2514; x_wconf 76' lang='lat'><strong>13</strong></span> <span class='ocrx_word' id='word_1_244' title='bbox 403 2482 533 2514; x_wconf 74' lang='lat' dir='ltr'><strong>Anum</strong></span> <span class='ocrx_word' id='word_1_245' title='bbox 553 2478 680 2520; x_wconf 78' lang='lat' dir='ltr'><strong>cornix]</strong></span> <span class='ocrx_word' id='word_1_246' title='bbox 707 2480 761 2512; x_wconf 87' lang='lat' dir='ltr'><strong>De</strong></span> <span class='ocrx_word' id='word_1_247' title='bbox 781 2479 881 2521; x_wconf 85' lang='lat' dir='ltr'><strong>hujus</strong></span> <span class='ocrx_word' id='word_1_248' title='bbox 904 2479 994 2512; x_wconf 78' lang='lat' dir='ltr'><strong>viva·</strong></span> 
     </span>
     <span class='ocr_line' id='line_1_43' title="bbox 294 2529 992 2572; baseline -0.004 -8"><span class='ocrx_word' id='word_1_249' title='bbox 294 2532 402 2564; x_wconf 90' lang='lat' dir='ltr'><strong>citate</strong></span> <span class='ocrx_word' id='word_1_250' title='bbox 425 2530 599 2563; x_wconf 79' lang='lat' dir='ltr'><strong>Hesiodus</strong></span> <span class='ocrx_word' id='word_1_251' title='bbox 629 2529 721 2572; x_wconf 89' lang='lat' dir='ltr'><strong>apud</strong></span> <span class='ocrx_word' id='word_1_252' title='bbox 745 2529 924 2562; x_wconf 74' lang='lat' dir='ltr'><strong>Plutarch.</strong></span> <span class='ocrx_word' id='word_1_253' title='bbox 948 2529 992 2561; x_wconf 88' lang='lat' dir='ltr'><strong>de</strong></span> 
     </span>
     <span class='ocr_line' id='line_1_44' title="bbox 294 2579 994 2613; baseline -0.003 0"><span class='ocrx_word' id='word_1_254' title='bbox 294 2581 510 2613; x_wconf 87' lang='lat' dir='ltr'><strong>oraculorum</strong></span> <span class='ocrx_word' id='word_1_255' title='bbox 525 2579 680 2611; x_wconf 81' lang='lat' dir='ltr'><strong>defectu.</strong></span> <span class='ocrx_word' id='word_1_256' title='bbox 717 2579 862 2612; x_wconf 88' lang='lat' dir='ltr'><strong>Hesiodi</strong></span> <span class='ocrx_word' id='word_1_257' title='bbox 878 2589 994 2612; x_wconf 83' lang='lat' dir='ltr'><strong>versus</strong></span> 
     </span>
     <span class='ocr_line' id='line_1_45' title="bbox 295 2629 994 2672; baseline -0.003 -8"><span class='ocrx_word' id='word_1_258' title='bbox 295 2632 343 2663; x_wconf 84' lang='lat' dir='ltr'><strong>ita</strong></span> <span class='ocrx_word' id='word_1_259' title='bbox 357 2632 479 2664; x_wconf 79' lang='lat' dir='ltr'><strong>Latine</strong></span> <span class='ocrx_word' id='word_1_260' title='bbox 493 2630 599 2663; x_wconf 85' lang='lat' dir='ltr'><strong>vertit</strong></span> <span class='ocrx_word' id='word_1_261' title='bbox 614 2629 774 2672; x_wconf 83' lang='lat' dir='ltr'><strong>quidam:</strong></span> <span class='ocrx_word' id='word_1_262' title='bbox 796 2631 808 2648; x_wconf 90' lang='lat'>‘</span> <span class='ocrx_word' id='word_1_263' title='bbox 818 2630 929 2662; x_wconf 80' lang='lat' dir='ltr'><strong>Saecla</strong></span> <span class='ocrx_word' id='word_1_264' title='bbox 943 2629 994 2662; x_wconf 85' lang='lat' dir='ltr'><strong>vi-</strong></span> 
     </span>
     <span class='ocr_line' id='line_1_46' title="bbox 295 2679 991 2722; baseline -0.001 -10"><span class='ocrx_word' id='word_1_265' title='bbox 295 2681 325 2712; x_wconf 88' lang='lat' dir='ltr'><strong>ri</strong></span> <span class='ocrx_word' id='word_1_266' title='bbox 339 2682 455 2713; x_wconf 86' lang='lat' dir='ltr'><strong>novies</strong></span> <span class='ocrx_word' id='word_1_267' title='bbox 465 2679 624 2722; x_wconf 86' lang='lat' dir='ltr'><strong>pubentis</strong></span> <span class='ocrx_word' id='word_1_268' title='bbox 634 2680 769 2721; x_wconf 73' lang='lat' dir='ltr'><strong>garrula</strong></span> <span class='ocrx_word' id='word_1_269' title='bbox 778 2679 897 2711; x_wconf 86' lang='lat' dir='ltr'><strong>cornix</strong></span> <span class='ocrx_word' id='word_1_270' title='bbox 907 2680 991 2712; x_wconf 87' lang='lat' dir='ltr'><strong>Vin-</strong></span> 
     </span>
     <span class='ocr_line' id='line_1_47' title="bbox 294 2729 992 2771; baseline 0.001 -10"><span class='ocrx_word' id='word_1_271' title='bbox 294 2730 357 2769; x_wconf 85' lang='lat' dir='ltr'><strong>cit,</strong></span> <span class='ocrx_word' id='word_1_272' title='bbox 383 2730 531 2762; x_wconf 88' lang='lat' dir='ltr'><strong>cornicis</strong></span> <span class='ocrx_word' id='word_1_273' title='bbox 557 2738 677 2762; x_wconf 84' lang='lat' dir='ltr'><strong>cervus</strong></span> <span class='ocrx_word' id='word_1_274' title='bbox 700 2733 844 2771; x_wconf 81' lang='lat' dir='ltr'><strong>quater3</strong></span> <span class='ocrx_word' id='word_1_275' title='bbox 867 2733 904 2762; x_wconf 87' lang='lat' dir='ltr'><strong>at</strong></span> <span class='ocrx_word' id='word_1_276' title='bbox 926 2729 992 2762; x_wconf 70' lang='lat' dir='ltr'><strong>tria</strong></span> 
     </span>
     <span class='ocr_line' id='line_1_48' title="bbox 295 2779 990 2821; baseline 0 -9"><span class='ocrx_word' id='word_1_277' title='bbox 295 2779 387 2812; x_wconf 88' lang='lat' dir='ltr'><strong>cervi</strong></span> <span class='ocrx_word' id='word_1_278' title='bbox 414 2779 582 2821; x_wconf 83' lang='lat' dir='ltr'><strong>Tempora</strong></span> <span class='ocrx_word' id='word_1_279' title='bbox 618 2788 740 2811; x_wconf 86' lang='lat' dir='ltr'><strong>corvus</strong></span> <span class='ocrx_word' id='word_1_280' title='bbox 773 2779 855 2821; x_wconf 84' lang='lat' dir='ltr'><strong>agit,</strong></span> <span class='ocrx_word' id='word_1_281' title='bbox 891 2788 990 2821; x_wconf 85' lang='lat' dir='ltr'><strong>quem</strong></span> 
     </span>
    </p>
   </div>
   <div class='ocr_carea' id='block_1_14' title="bbox 1040 1333 1741 2769">
    <p class='ocr_par' dir='ltr' id='par_1_17' title="bbox 1043 1333 1738 1476">
     <span class='ocr_line' id='line_1_49' title="bbox 1043 1333 1738 1379; baseline -0.006 -9"><span class='ocrx_word' id='word_1_282' title='bbox 1043 1337 1205 1379; x_wconf 86' lang='lat' dir='ltr'><strong>deinceps</strong></span> <span class='ocrx_word' id='word_1_283' title='bbox 1234 1336 1355 1369; x_wconf 84' lang='lat' dir='ltr'><strong>Indica</strong></span> <span class='ocrx_word' id='word_1_284' title='bbox 1391 1335 1527 1378; x_wconf 86' lang='lat' dir='ltr'><strong>phoenix</strong></span> <span class='ocrx_word' id='word_1_285' title='bbox 1557 1333 1738 1376; x_wconf 86' lang='lat' dir='ltr'><strong>Egreditur</strong></span> 
     </span>
     <span class='ocr_line' id='line_1_50' title="bbox 1043 1384 1737 1430; baseline -0.009 -9"><span class='ocrx_word' id='word_1_286' title='bbox 1043 1388 1186 1430; x_wconf 85' lang='lat' dir='ltr'><strong>novies,’</strong></span> <span class='ocrx_word' id='word_1_287' title='bbox 1212 1390 1277 1420; x_wconf 79' lang='lat' dir='ltr'><strong>&amp;c-</strong></span> <span class='ocrx_word' id='word_1_288' title='bbox 1321 1388 1414 1421; x_wconf 85' lang='lat' dir='ltr'><strong>Quos</strong></span> <span class='ocrx_word' id='word_1_289' title='bbox 1439 1387 1467 1418; x_wconf 85' lang='lat' dir='ltr'><strong>si</strong></span> <span class='ocrx_word' id='word_1_290' title='bbox 1490 1386 1595 1417; x_wconf 86' lang='lat' dir='ltr'><strong>mavis</strong></span> <span class='ocrx_word' id='word_1_291' title='bbox 1611 1395 1652 1416; x_wconf 89' lang='lat' dir='ltr'><strong>ex</strong></span> <span class='ocrx_word' id='word_1_292' title='bbox 1669 1384 1737 1416; x_wconf 88' lang='lat' dir='ltr'><strong>Au·</strong></span> 
     </span>
     <span class='ocr_line' id='line_1_51' title="bbox 1043 1436 1483 1476; baseline -0.007 -7"><span class='ocrx_word' id='word_1_293' title='bbox 1043 1439 1149 1474; x_wconf 89' lang='lat' dir='ltr'><strong>sonio,</strong></span> <span class='ocrx_word' id='word_1_294' title='bbox 1165 1437 1242 1468; x_wconf 86' lang='lat' dir='ltr'><strong>vide</strong></span> <span class='ocrx_word' id='word_1_295' title='bbox 1258 1436 1359 1476; x_wconf 84' lang='lat' dir='ltr'><strong>Idyll.</strong></span> <span class='ocrx_word' id='word_1_296' title='bbox 1378 1444 1483 1467; x_wconf 82' lang='lat' dir='ltr'><strong>xvnr.</strong></span> 
     </span>
    </p>

    <p class='ocr_par' dir='ltr' id='par_1_18' title="bbox 1041 1484 1739 1915">
     <span class='ocr_line' id='line_1_52' title="bbox 1084 1484 1738 1527; baseline -0.005 -9"><span class='ocrx_word' id='word_1_297' title='bbox 1084 1487 1171 1518; x_wconf 83' lang='lat' dir='ltr'><strong>Dum</strong></span> <span class='ocrx_word' id='word_1_298' title='bbox 1182 1486 1279 1527; x_wconf 75' lang='lat' dir='ltr'><strong>potis,</strong></span> <span class='ocrx_word' id='word_1_299' title='bbox 1294 1486 1418 1516; x_wconf 77' lang='lat' dir='ltr'><strong>aridum</strong></span> <span class='ocrx_word' id='word_1_300' title='bbox 1439 1485 1590 1524; x_wconf 78' lang='lat' dir='ltr'><strong>compone</strong></span> <span class='ocrx_word' id='word_1_301' title='bbox 1606 1484 1738 1524; x_wconf 81' lang='lat' dir='ltr'><strong>lignum,</strong></span> 
     </span>
     <span class='ocr_line' id='line_1_53' title="bbox 1041 1534 1737 1577; baseline -0.004 -9"><span class='ocrx_word' id='word_1_302' title='bbox 1041 1536 1112 1577; x_wconf 52' lang='grc' dir='ltr'><strong>ζα]</strong></span> <span class='ocrx_word' id='word_1_303' title='bbox 1132 1536 1216 1576; x_wconf 75' lang='lat' dir='ltr'><strong>Igne</strong></span> <span class='ocrx_word' id='word_1_304' title='bbox 1230 1534 1350 1576; x_wconf 73' lang='lat' dir='ltr'><strong>frigus,</strong></span> <span class='ocrx_word' id='word_1_305' title='bbox 1365 1534 1559 1566; x_wconf 84' lang='lat' dir='ltr'><strong>moestitiam</strong></span> <span class='ocrx_word' id='word_1_306' title='bbox 1579 1543 1623 1565; x_wconf 88' lang='lat' dir='ltr'><strong>ex</strong></span> <span class='ocrx_word' id='word_1_307' title='bbox 1648 1534 1737 1565; x_wconf 60' lang='lat' dir='ltr'><strong>acris</strong></span> 
     </span>
     <span class='ocr_line' id='line_1_54' title="bbox 1043 1584 1738 1626; baseline -0.001 -9"><span class='ocrx_word' id='word_1_308' title='bbox 1043 1585 1246 1626; x_wconf 89' lang='lat' dir='ltr'><strong>intemperie</strong></span> <span class='ocrx_word' id='word_1_309' title='bbox 1260 1585 1352 1617; x_wconf 84' lang='lat' dir='ltr'><strong>nasci</strong></span> <span class='ocrx_word' id='word_1_310' title='bbox 1367 1585 1501 1616; x_wconf 85' lang='lat' dir='ltr'><strong>solitam</strong></span> <span class='ocrx_word' id='word_1_311' title='bbox 1512 1584 1609 1615; x_wconf 87' lang='lat' dir='ltr'><strong>hilari</strong></span> <span class='ocrx_word' id='word_1_312' title='bbox 1625 1584 1738 1616; x_wconf 84' lang='lat' dir='ltr'><strong>convi-</strong></span> 
     </span>
     <span class='ocr_line' id='line_1_55' title="bbox 1045 1631 1738 1675; baseline 0 -10"><span class='ocrx_word' id='word_1_313' title='bbox 1045 1634 1099 1666; x_wconf 84' lang='lat' dir='ltr'><strong>vio</strong></span> <span class='ocrx_word' id='word_1_314' title='bbox 1111 1635 1280 1675; x_wconf 88' lang='lat' dir='ltr'><strong>propulsa.</strong></span> <span class='ocrx_word' id='word_1_315' title='bbox 1317 1634 1420 1666; x_wconf 84' lang='lat' dir='ltr'><strong>Certe</strong></span> <span class='ocrx_word' id='word_1_316' title='bbox 1433 1634 1521 1666; x_wconf 84' lang='lat' dir='ltr'><strong>coelo</strong></span> <span class='ocrx_word' id='word_1_317' title='bbox 1535 1634 1622 1665; x_wconf 83' lang='lat' dir='ltr'><strong>male</strong></span> <span class='ocrx_word' id='word_1_318' title='bbox 1637 1631 1738 1665; x_wconf 79' lang='lat' dir='ltr'><strong>affec·</strong></span> 
     </span>
     <span class='ocr_line' id='line_1_56' title="bbox 1044 1682 1739 1724; baseline 0 -9"><span class='ocrx_word' id='word_1_319' title='bbox 1044 1688 1094 1724; x_wconf 89' lang='lat' dir='ltr'><strong>to,</strong></span> <span class='ocrx_word' id='word_1_320' title='bbox 1117 1682 1206 1716; x_wconf 86' lang='lat' dir='ltr'><strong>affici</strong></span> <span class='ocrx_word' id='word_1_321' title='bbox 1232 1683 1364 1724; x_wconf 86' lang='lat' dir='ltr'><strong>pariter</strong></span> <span class='ocrx_word' id='word_1_322' title='bbox 1383 1692 1507 1724; x_wconf 84' lang='lat' dir='ltr'><strong>corpus</strong></span> <span class='ocrx_word' id='word_1_323' title='bbox 1528 1688 1680 1716; x_wconf 84' lang='lat' dir='ltr'><strong>nostrum</strong></span> <span class='ocrx_word' id='word_1_324' title='bbox 1701 1687 1739 1715; x_wconf 88' lang='lat' dir='ltr'><strong>et</strong></span> 
     </span>
     <span class='ocr_line' id='line_1_57' title="bbox 1044 1732 1738 1774; baseline 0 -10"><span class='ocrx_word' id='word_1_325' title='bbox 1044 1733 1294 1774; x_wconf 79' lang='lat' dir='ltr'><strong>ingravescere,</strong></span> <span class='ocrx_word' id='word_1_326' title='bbox 1319 1741 1387 1765; x_wconf 87' lang='lat' dir='ltr'><strong>non</strong></span> <span class='ocrx_word' id='word_1_327' title='bbox 1419 1741 1500 1764; x_wconf 87' lang='lat' dir='ltr'><strong>raro</strong></span> <span class='ocrx_word' id='word_1_328' title='bbox 1531 1732 1738 1774; x_wconf 82' lang='lat' dir='ltr'><strong>experimur.</strong></span> 
     </span>
     <span class='ocr_line' id='line_1_58' title="bbox 1045 1780 1738 1815; baseline -0.004 0"><span class='ocrx_word' id='word_1_329' title='bbox 1045 1784 1174 1815; x_wconf 89' lang='lat' dir='ltr'><strong>Contra</strong></span> <span class='ocrx_word' id='word_1_330' title='bbox 1189 1783 1224 1814; x_wconf 87' lang='lat' dir='ltr'><strong>id</strong></span> <span class='ocrx_word' id='word_1_331' title='bbox 1249 1781 1454 1815; x_wconf 86' lang='lat' dir='ltr'><strong>incommodi</strong></span> <span class='ocrx_word' id='word_1_332' title='bbox 1471 1782 1563 1814; x_wconf 81' lang='lat' dir='ltr'><strong>valet</strong></span> <span class='ocrx_word' id='word_1_333' title='bbox 1576 1780 1674 1814; x_wconf 77' lang='lat' dir='ltr'><strong>focus</strong></span> <span class='ocrx_word' id='word_1_334' title='bbox 1688 1781 1738 1813; x_wconf 91' lang='lat' dir='ltr'><strong>ln-</strong></span> 
     </span>
     <span class='ocr_line' id='line_1_59' title="bbox 1045 1830 1739 1873; baseline -0.001 -9"><span class='ocrx_word' id='word_1_335' title='bbox 1045 1833 1214 1873; x_wconf 85' lang='lat' dir='ltr'><strong>culentus,</strong></span> <span class='ocrx_word' id='word_1_336' title='bbox 1239 1837 1276 1866; x_wconf 88' lang='lat' dir='ltr'><strong>et</strong></span> <span class='ocrx_word' id='word_1_337' title='bbox 1313 1831 1469 1864; x_wconf 78' lang='lat' dir='ltr'><strong>⁴1aeutiae</strong></span> <span class='ocrx_word' id='word_1_338' title='bbox 1498 1831 1654 1864; x_wconf 80' lang='lat' dir='ltr'><strong>Bacchus</strong></span> <span class='ocrx_word' id='word_1_339' title='bbox 1680 1830 1739 1863; x_wconf 81' lang='lat' dir='ltr'><strong>da·</strong></span> 
     </span>
     <span class='ocr_line' id='line_1_60' title="bbox 1046 1882 1124 1915; baseline -0.013 0"><span class='ocrx_word' id='word_1_340' title='bbox 1046 1882 1124 1915; x_wconf 67' lang='lat' dir='ltr'><strong>tor!</strong></span> 
     </span>
    </p>

    <p class='ocr_par' dir='ltr' id='par_1_19' title="bbox 1040 1929 1741 2769">
     <span class='ocr_line' id='line_1_61' title="bbox 1089 1929 1739 1971; baseline -0.003 -7"><span class='ocrx_word' id='word_1_341' title='bbox 1089 1935 1130 1965; x_wconf 78' lang='lat'><strong>14</strong></span> <span class='ocrx_word' id='word_1_342' title='bbox 1155 1932 1289 1964; x_wconf 68' lang='lat' dir='ltr'><strong>Genium</strong></span> <span class='ocrx_word' id='word_1_343' title='bbox 1303 1941 1386 1963; x_wconf 75' lang='lat' dir='ltr'><strong>mero</strong></span> <span class='ocrx_word' id='word_1_344' title='bbox 1400 1930 1534 1963; x_wconf 67' lang='lat' dir='ltr'><strong>Curubis</strong></span> <span class='ocrx_word' id='word_1_345' title='bbox 1547 1933 1578 1963; x_wconf 78' lang='lat' dir='ltr'><strong>et</strong></span> <span class='ocrx_word' id='word_1_346' title='bbox 1587 1939 1679 1971; x_wconf 75' lang='lat' dir='ltr'><strong>porco</strong></span> <span class='ocrx_word' id='word_1_347' title='bbox 1693 1929 1739 1962; x_wconf 70' lang='lat' dir='ltr'><strong>bn·-</strong></span> 
     </span>
     <span class='ocr_line' id='line_1_62' title="bbox 1045 1981 1740 2026; baseline -0.007 -9"><span class='ocrx_word' id='word_1_348' title='bbox 1045 1984 1167 2026; x_wconf 71' lang='lat' dir='ltr'><strong>medri]</strong></span> <span class='ocrx_word' id='word_1_349' title='bbox 1187 1982 1396 2016; x_wconf 82' lang='lat' dir='ltr'><strong>Sacrificium</strong></span> <span class='ocrx_word' id='word_1_350' title='bbox 1411 1982 1535 2022; x_wconf 85' lang='lat' dir='ltr'><strong>Genio,</strong></span> <span class='ocrx_word' id='word_1_351' title='bbox 1557 1981 1615 2013; x_wconf 86' lang='lat' dir='ltr'><strong>die</strong></span> <span class='ocrx_word' id='word_1_352' title='bbox 1633 1981 1740 2013; x_wconf 80' lang='lat' dir='ltr'><strong>natali</strong></span> 
     </span>
     <span class='ocr_line' id='line_1_63' title="bbox 1045 2030 1740 2076; baseline -0.007 -9"><span class='ocrx_word' id='word_1_353' title='bbox 1045 2035 1187 2076; x_wconf 75' lang='lat' dir='ltr'><strong>Lamiae,</strong></span> <span class='ocrx_word' id='word_1_354' title='bbox 1202 2033 1352 2065; x_wconf 87' lang='lat' dir='ltr'><strong>nonnulli</strong></span> <span class='ocrx_word' id='word_1_355' title='bbox 1367 2041 1546 2074; x_wconf 82' lang='lat' dir='ltr'><strong>perperam</strong></span> <span class='ocrx_word' id='word_1_356' title='bbox 1558 2030 1740 2063; x_wconf 85' lang='lat' dir='ltr'><strong>commenti</strong></span> 
     </span>
     <span class='ocr_line' id='line_1_64' title="bbox 1046 2081 1739 2116; baseline -0.006 -1"><span class='ocrx_word' id='word_1_357' title='bbox 1046 2088 1126 2116; x_wconf 89' lang='lat' dir='ltr'><strong>sunt</strong></span> <span class='ocrx_word' id='word_1_358' title='bbox 1149 2083 1217 2115; x_wconf 83' lang='lat' dir='ltr'><strong>hic.</strong></span> <span class='ocrx_word' id='word_1_359' title='bbox 1259 2083 1367 2115; x_wconf 89' lang='lat' dir='ltr'><strong>Immo</strong></span> <span class='ocrx_word' id='word_1_360' title='bbox 1389 2081 1494 2113; x_wconf 82' lang='lat' dir='ltr'><strong>verba</strong></span> <span class='ocrx_word' id='word_1_361' title='bbox 1514 2081 1583 2112; x_wconf 87' lang='lat' dir='ltr'><strong>ista</strong></span> <span class='ocrx_word' id='word_1_362' title='bbox 1603 2084 1739 2112; x_wconf 83' lang='lat' dir='ltr'><strong>contra-</strong></span> 
     </span>
     <span class='ocr_line' id='line_1_65' title="bbox 1044 2129 1740 2172; baseline -0.009 -7"><span class='ocrx_word' id='word_1_363' title='bbox 1044 2135 1132 2166; x_wconf 87' lang='lat' dir='ltr'><strong>rium</strong></span> <span class='ocrx_word' id='word_1_364' title='bbox 1157 2132 1355 2165; x_wconf 88' lang='lat' dir='ltr'><strong>ostendunt.</strong></span> <span class='ocrx_word' id='word_1_365' title='bbox 1400 2131 1490 2164; x_wconf 85' lang='lat' dir='ltr'><strong>Nam</strong></span> <span class='ocrx_word' id='word_1_366' title='bbox 1508 2139 1574 2172; x_wconf 86' lang='lat' dir='ltr'><strong>quo</strong></span> <span class='ocrx_word' id='word_1_367' title='bbox 1589 2129 1644 2161; x_wconf 88' lang='lat' dir='ltr'><strong>die</strong></span> <span class='ocrx_word' id='word_1_368' title='bbox 1658 2130 1740 2161; x_wconf 83' lang='lat' dir='ltr'><strong>bau-</strong></span> 
     </span>
     <span class='ocr_line' id='line_1_66' title="bbox 1044 2179 1741 2220; baseline -0.006 -5"><span class='ocrx_word' id='word_1_369' title='bbox 1044 2187 1160 2216; x_wconf 86' lang='lat' dir='ltr'><strong>serant</strong></span> <span class='ocrx_word' id='word_1_370' title='bbox 1175 2183 1296 2215; x_wconf 82' lang='lat' dir='ltr'><strong>vitales</strong></span> <span class='ocrx_word' id='word_1_371' title='bbox 1311 2190 1423 2220; x_wconf 78' lang='lat' dir='ltr'><strong>auras,</strong></span> <span class='ocrx_word' id='word_1_372' title='bbox 1436 2190 1479 2214; x_wconf 88' lang='lat' dir='ltr'><strong>eo</strong></span> <span class='ocrx_word' id='word_1_373' title='bbox 1494 2181 1596 2213; x_wconf 84' lang='lat' dir='ltr'><strong>vitam</strong></span> <span class='ocrx_word' id='word_1_374' title='bbox 1612 2179 1741 2212; x_wconf 81' lang='lat' dir='ltr'><strong>adime-</strong></span> 
     </span>
     <span class='ocr_line' id='line_1_67' title="bbox 1044 2230 1738 2272; baseline -0.006 -7"><span class='ocrx_word' id='word_1_375' title='bbox 1044 2242 1082 2264; x_wconf 91' lang='lat' dir='ltr'><strong>re</strong></span> <span class='ocrx_word' id='word_1_376' title='bbox 1099 2233 1259 2269; x_wconf 81' lang='lat' dir='ltr'><strong>victimae‚</strong></span> <span class='ocrx_word' id='word_1_377' title='bbox 1283 2231 1437 2272; x_wconf 83' lang='lat' dir='ltr'><strong>religioni</strong></span> <span class='ocrx_word' id='word_1_378' title='bbox 1458 2230 1630 2264; x_wconf 86' lang='lat' dir='ltr'><strong>ducebant</strong></span> <span class='ocrx_word' id='word_1_379' title='bbox 1644 2232 1738 2262; x_wconf 77' lang='lat' dir='ltr'><strong>vete-</strong></span> 
     </span>
     <span class='ocr_line' id='line_1_68' title="bbox 1043 2277 1740 2321; baseline -0.001 -10"><span class='ocrx_word' id='word_1_380' title='bbox 1043 2290 1096 2312; x_wconf 88' lang='lat' dir='ltr'><strong>res</strong></span> <span class='ocrx_word' id='word_1_381' title='bbox 1114 2291 1124 2319; x_wconf 87' lang='lat'>;</span> <span class='ocrx_word' id='word_1_382' title='bbox 1146 2290 1212 2313; x_wconf 89' lang='lat' dir='ltr'><strong>nec</strong></span> <span class='ocrx_word' id='word_1_383' title='bbox 1237 2280 1381 2321; x_wconf 89' lang='lat' dir='ltr'><strong>proinde</strong></span> <span class='ocrx_word' id='word_1_384' title='bbox 1402 2281 1599 2321; x_wconf 82' lang='lat' dir='ltr'><strong>sanguinem</strong></span> <span class='ocrx_word' id='word_1_385' title='bbox 1620 2277 1740 2321; x_wconf 84' lang='lat' dir='ltr'><strong>funde·</strong></span> 
     </span>
     <span class='ocr_line' id='line_1_69' title="bbox 1042 2329 1738 2367; baseline -0.001 -7"><span class='ocrx_word' id='word_1_386' title='bbox 1042 2329 1138 2367; x_wconf 86' lang='lat' dir='ltr'><strong>bant,</strong></span> <span class='ocrx_word' id='word_1_387' title='bbox 1152 2334 1213 2360; x_wconf 86' lang='lat' dir='ltr'><strong>aut</strong></span> <span class='ocrx_word' id='word_1_388' title='bbox 1227 2329 1422 2361; x_wconf 84' lang='lat' dir='ltr'><strong>mactabant</strong></span> <span class='ocrx_word' id='word_1_389' title='bbox 1436 2330 1574 2365; x_wconf 81' lang='lat' dir='ltr'><strong>hostias,</strong></span> <span class='ocrx_word' id='word_1_390' title='bbox 1587 2333 1627 2360; x_wconf 94' lang='lat' dir='ltr'><strong>ut</strong></span> <span class='ocrx_word' id='word_1_391' title='bbox 1635 2336 1738 2360; x_wconf 83' lang='lat' dir='ltr'><strong>anno·</strong></span> 
     </span>
     <span class='ocr_line' id='line_1_70' title="bbox 1042 2376 1739 2416; baseline -0.006 -6"><span class='ocrx_word' id='word_1_392' title='bbox 1042 2378 1114 2410; x_wconf 84' lang='lat' dir='ltr'><strong>tavi</strong></span> <span class='ocrx_word' id='word_1_393' title='bbox 1130 2378 1174 2409; x_wconf 84' lang='lat' dir='ltr'><strong>ad</strong></span> <span class='ocrx_word' id='word_1_394' title='bbox 1196 2378 1295 2409; x_wconf 87' lang='lat' dir='ltr'><strong>Pers.</strong></span> <span class='ocrx_word' id='word_1_395' title='bbox 1309 2378 1381 2409; x_wconf 84' lang='lat' dir='ltr'><strong>Sat.</strong></span> <span class='ocrx_word' id='word_1_396' title='bbox 1393 2386 1436 2410; x_wconf 84' lang='lat'><strong>11.</strong></span> <span class='ocrx_word' id='word_1_397' title='bbox 1450 2379 1484 2409; x_wconf 74' lang='lat'><strong>3.</strong></span> <span class='ocrx_word' id='word_1_398' title='bbox 1525 2376 1655 2408; x_wconf 84' lang='lat' dir='ltr'><strong>Suadet</strong></span> <span class='ocrx_word' id='word_1_399' title='bbox 1676 2377 1739 2416; x_wconf 85' lang='lat' dir='ltr'><strong>igi-</strong></span> 
     </span>
     <span class='ocr_line' id='line_1_71' title="bbox 1042 2425 1738 2466; baseline -0.006 -6"><span class='ocrx_word' id='word_1_400' title='bbox 1042 2432 1099 2460; x_wconf 89' lang='lat' dir='ltr'><strong>tur</strong></span> <span class='ocrx_word' id='word_1_401' title='bbox 1121 2426 1291 2458; x_wconf 82' lang='lat' dir='ltr'><strong>duntaxat</strong></span> <span class='ocrx_word' id='word_1_402' title='bbox 1315 2425 1479 2458; x_wconf 86' lang='lat' dir='ltr'><strong>Horatius</strong></span> <span class='ocrx_word' id='word_1_403' title='bbox 1500 2426 1619 2466; x_wconf 85' lang='lat' dir='ltr'><strong>epulas</strong></span> <span class='ocrx_word' id='word_1_404' title='bbox 1639 2429 1676 2457; x_wconf 90' lang='lat' dir='ltr'><strong>et</strong></span> <span class='ocrx_word' id='word_1_405' title='bbox 1690 2425 1738 2457; x_wconf 78' lang='lat' dir='ltr'><strong>lii-</strong></span> 
     </span>
     <span class='ocr_line' id='line_1_72' title="bbox 1042 2476 1738 2518; baseline -0.004 -7"><span class='ocrx_word' id='word_1_406' title='bbox 1042 2478 1224 2514; x_wconf 81' lang='lat' dir='ltr'><strong>laritatem,</strong></span> <span class='ocrx_word' id='word_1_407' title='bbox 1255 2476 1506 2518; x_wconf 87' lang='lat' dir='ltr'><strong>curandamque</strong></span> <span class='ocrx_word' id='word_1_408' title='bbox 1539 2476 1738 2509; x_wconf 87' lang='lat' dir='ltr'><strong>cuticulam.</strong></span> 
     </span>
     <span class='ocr_line' id='line_1_73' title="bbox 1043 2525 1738 2569; baseline -0.007 -8"><span class='ocrx_word' id='word_1_409' title='bbox 1043 2527 1143 2562; x_wconf 82' lang='lat' dir='ltr'><strong>Quod</strong></span> <span class='ocrx_word' id='word_1_410' title='bbox 1167 2526 1300 2569; x_wconf 86' lang='lat' dir='ltr'><strong>quoties</strong></span> <span class='ocrx_word' id='word_1_411' title='bbox 1321 2525 1509 2566; x_wconf 82' lang='lat' dir='ltr'><strong>faciebant,</strong></span> <span class='ocrx_word' id='word_1_412' title='bbox 1529 2535 1652 2558; x_wconf 86' lang='lat' dir='ltr'><strong>curare</strong></span> <span class='ocrx_word' id='word_1_413' title='bbox 1680 2534 1738 2567; x_wconf 75' lang='lat' dir='ltr'><strong>ge-</strong></span> 
     </span>
     <span class='ocr_line' id='line_1_74' title="bbox 1043 2575 1737 2617; baseline -0.003 -7"><span class='ocrx_word' id='word_1_414' title='bbox 1043 2578 1135 2610; x_wconf 84' lang='lat' dir='ltr'><strong>nium</strong></span> <span class='ocrx_word' id='word_1_415' title='bbox 1171 2581 1208 2609; x_wconf 89' lang='lat' dir='ltr'><strong>et</strong></span> <span class='ocrx_word' id='word_1_416' title='bbox 1243 2576 1377 2617; x_wconf 81' lang='lat' dir='ltr'><strong>placare</strong></span> <span class='ocrx_word' id='word_1_417' title='bbox 1413 2584 1451 2607; x_wconf 88' lang='lat' dir='ltr'><strong>se</strong></span> <span class='ocrx_word' id='word_1_418' title='bbox 1486 2575 1737 2609; x_wconf 83' lang='lat' dir='ltr'><strong>existimabant.</strong></span> 
     </span>
     <span class='ocr_line' id='line_1_75' title="bbox 1040 2624 1737 2667; baseline -0.007 -6"><span class='ocrx_word' id='word_1_419' title='bbox 1040 2627 1143 2661; x_wconf 89' lang='lat' dir='ltr'><strong>Unde</strong></span> <span class='ocrx_word' id='word_1_420' title='bbox 1157 2630 1337 2658; x_wconf 83' lang='lat' dir='ltr'><strong>manarunt</strong></span> <span class='ocrx_word' id='word_1_421' title='bbox 1350 2626 1424 2658; x_wconf 79' lang='lat' dir='ltr'><strong>istae</strong></span> <span class='ocrx_word' id='word_1_422' title='bbox 1437 2624 1597 2667; x_wconf 86' lang='lat' dir='ltr'><strong>loquendi</strong></span> <span class='ocrx_word' id='word_1_423' title='bbox 1611 2624 1737 2657; x_wconf 83' lang='lat' dir='ltr'><strong>sormu-</strong></span> 
     </span>
     <span class='ocr_line' id='line_1_76' title="bbox 1041 2674 1736 2719; baseline -0.006 -9"><span class='ocrx_word' id='word_1_424' title='bbox 1041 2678 1104 2717; x_wconf 81' lang='lat' dir='ltr'><strong>1ae;</strong></span> <span class='ocrx_word' id='word_1_425' title='bbox 1125 2676 1224 2719; x_wconf 83' lang='lat' dir='ltr'><strong>genio</strong></span> <span class='ocrx_word' id='word_1_426' title='bbox 1245 2675 1436 2717; x_wconf 82' lang='lat' dir='ltr'><strong>indulgere,</strong></span> <span class='ocrx_word' id='word_1_427' title='bbox 1450 2674 1584 2717; x_wconf 77' lang='lat' dir='ltr'><strong>genium</strong></span> <span class='ocrx_word' id='word_1_428' title='bbox 1601 2674 1736 2707; x_wconf 77' lang='lat' dir='ltr'><strong>defran-</strong></span> 
     </span>
     <span class='ocr_line' id='line_1_77' title="bbox 1042 2724 1706 2769; baseline -0.006 -9"><span class='ocrx_word' id='word_1_429' title='bbox 1042 2727 1138 2769; x_wconf 85' lang='lat' dir='ltr'><strong>dare,</strong></span> <span class='ocrx_word' id='word_1_430' title='bbox 1152 2731 1190 2759; x_wconf 89' lang='lat' dir='ltr'><strong>ut</strong></span> <span class='ocrx_word' id='word_1_431' title='bbox 1204 2726 1291 2759; x_wconf 89' lang='lat' dir='ltr'><strong>bene</strong></span> <span class='ocrx_word' id='word_1_432' title='bbox 1306 2725 1462 2759; x_wconf 81' lang='lat' dir='ltr'><strong>observat</strong></span> <span class='ocrx_word' id='word_1_433' title='bbox 1477 2724 1706 2759; x_wconf 81' lang='lat' dir='ltr'><strong>Casanbonns.</strong></span> 
     </span>
    </p>
   </div>
  </div>
 </body>
</html>
