1916 3190
230 207 319 262 264
717 201 761 260 ρ’.
795 222 1002 254 ΗοιῑΑτιι
1035 225 1213 256 -ῐτωοοι

461 311 533 353 Ab
554 313 758 356 insolenti
774 321 1060 370 temperatam

519 380 715 431 Laetitia,
739 383 944 424 moriture
966 384 1103 434 Delli,

404 446 492 487 Seu
513 452 698 489 moestus
718 449 835 490 omni
855 453 1054 504 tempore
1077 454 1257 504 vacris,
1403 501 1410 505 ,
1662 459 1691 499 5

407 512 496 555 Seu
517 518 559 555 te
577 514 621 555 in
641 519 807 557 remoto
830 518 1023 569 gramine
1043 532 1120 572 per
1139 520 1235 562 dies

465 581 626 622 Festos
645 583 900 626 reclinatum
924 586 1072 627 bearis

522 647 739 690 Interiore
761 654 863 692 nota
884 651 1059 694 Falerni
1077 667 1088 704 ;

234 775 351 813 gaudio
372 777 573 817 moderatum,
587 788 604 808 o
621 779 697 811 Deli
709 780 874 817 moriture,
889 780 953 810 sive
973 781 1095 812 tristem
1119 790 1238 823 semper
1258 783 1361 822 egeris
1384 783 1493 822 vitam,
1515 784 1578 815 sive
1601 784 1695 823 genio

237 816 403 850 indulseris
418 818 567 861 inferiis,
588 820 695 853 bibens
709 822 880 853 Falernum
903 823 1123 855 reconditioris
1141 825 1242 865 tituli,
1266 826 1444 858 recumbens
1469 826 1503 857 in
1529 826 1623 858 herba
1646 835 1702 875 κὴ

852 917 950 929 “O“
954 917 1089 931 “600“

240 976 381 1009 Mitsch.
398 978 543 1010 Wetzel.
562 980 700 1020 Bipont.
715 981 758 1012 al.
779 991 840 1013 non
854 991 942 1013 secus
955 982 989 1014 in
1011 982 1176 1015 bunia—:3
1200 984 1250 1015 Ab
1271 985 1418 1016 insolenti
1438 989 1471 1016 et
1629 990 1696 1018 tam

240 1019 333 1060 Lips.
347 1022 447 1052 4.-4
469 1022 546 1052 Deli
562 1022 717 1062 plurimae
734 1023 814 1054 edd.
830 1024 985 1064 inprimis
1003 1029 1087 1061 vett.
1103 1031 1183 1057 aute
1200 1026 1352 1058 Lambin.
1366 1028 1425 1067 qui
1440 1036 1485 1058 ex
1500 1027 1593 1060 libris
1605 1033 1696 1060 auu.

242 1061 331 1093 Delli
361 1062 539 1101 restituit;
571 1069 607 1094 et
630 1074 684 1105 ap.
707 1064 802 1096 Plut.
826 1071 862 1096 et
886 1067 987 1097 Dion.
1009 1076 1145 1108 semper
1165 1073 1232 1107 est,
1259 1067 1392 1100 Κόϊντος
1416 1068 1564 1102 Δέλλιος.
1607 1070 1698 1103 Deili

242 1104 390 1135 Mentel.
420 1105 531 1136 ‘Post
555 1106 643 1136 Delli
669 1112 834 1146 punctum
865 1112 926 1139 aut
953 1109 1116 1149 majorem
1145 1109 1402 1142 distinctionem
1432 1117 1563 1152 ponunt
1587 1111 1700 1152 multi,

240 1146 345 1178 etiam
362 1147 509 1188 Cuning.
554 1149 620 1179 Sed
649 1153 731 1180 tunc
756 1150 936 1191 sequentia
963 1157 1085 1183 carent
1109 1153 1275 1193 apodosi!
1295 1153 1451 1186 dana—6
1475 1154 1618 1202 Ansceus.
1633 1154 1700 1186 Seu

906 1224 1048 1257 NOTAE

287 1287 306 1315 3
329 1283 379 1316 Ab
402 1285 547 1317 insolenti
571 1288 775 1327 temperatam
799 1287 946 1328 Laelitia]
1000 1289 1150 1321 liaritate
1163 1290 1352 1333 opibusque
1362 1291 1488 1324 floruit.
1498 1293 1589 1325 Vide
1599 1281 1706 1326 Dion..

247 1336 309 1366 Est
345 1336 434 1367 enim
467 1338 694 1378 temperantia
723 1340 733 1356 ‘
747 1340 946 1371 commotio·
999 1339 1179 1371 Plutarch.
1202 1341 1261 1372 cit.
1288 1342 1468 1380 Senecam,
1483 1344 1548 1375 ἅτε.
1565 1343 1612 1374 ita
1626 1353 1702 1375 sen-

246 1395 326 1417 nnm
337 1387 486 1418 omnium
501 1389 729 1420 moderatrix:
757 1399 831 1430 quae
845 1394 914 1421 tum
928 1400 948 1421 a
1001 1389 1044 1420 tit
1059 1390 1221 1421 Torrent.
1235 1400 1274 1422 ac
1289 1391 1421 1423 Tlieod.
1435 1392 1570 1424 Marcii.
1581 1399 1702 1425 contra

246 1435 389 1468 libidine
406 1442 540 1474 avocet,
557 1442 628 1470 tum
649 1439 811 1471 insolenti
826 1440 947 1472 alacri-

248 1490 322 1518 tate
338 1487 466 1528 gestire
482 1497 550 1519 non
562 1488 676 1527 sinat!
720 1490 793 1523 Cic.
812 1491 949 1524 Tuscul.

248 1546 283 1568 v.
298 1547 330 1568 n.
346 1540 399 1570 42.
423 1539 433 1556 ‘
445 1538 485 1570 In
495 1538 579 1570 alios
590 1548 656 1570 non
675 1545 789 1572 rectos
800 1540 947 1582 impetus

249 1587 351 1618 animi
372 1586 470 1619 firma
491 1593 527 1620 et
549 1589 725 1622 moderata
739 1587 949 1623 dominatio.’

251 1638 307 1669 De
324 1637 462 1669 Invent.
478 1646 519 1670 u.
535 1641 608 1671 164.

293 1691 315 1719 4
339 1687 495 1719 Mor-iture
509 1688 612 1729 Delli]
637 1689 807 1722 Quoniam
822 1690 951 1723 ineluc-

253 1737 366 1768 tabilis
382 1742 435 1769 est
448 1736 514 1769 fati
536 1738 586 1769 vis
608 1739 795 1782 mortisque
809 1740 953 1773 necessi-

255 1793 319 1826 tas,
345 1792 442 1819 certe
462 1797 531 1819 non
554 1787 657 1821 decet
680 1799 758 1822 eum
774 1790 955 1832 superbire

253 1837 310 1878 qui
326 1847 363 1868 se
376 1838 472 1876 novit
481 1838 581 1870 morti
592 1838 775 1872 obnoxium
789 1851 800 1880 3
816 1840 877 1873 sed
891 1850 955 1873 nec

253 1887 359 1919 debet
374 1887 488 1919 animo
504 1888 642 1926 cadere,
664 1899 739 1922 cum
766 1891 797 1922 ei
821 1891 955 1934 quidpi-

256 1948 309 1969 am
332 1939 525 1969 humanitus
547 1940 694 1979 accidit3
720 1941 870 1982 nihilque
896 1941 956 1974 hu-

255 1988 346 2019 mani
377 1997 397 2018 a
422 1997 459 2018 se
482 1988 625 2019 alienum
652 1990 750 2020 homo
773 1991 957 2027 existimet,

258 2046 391 2078 aequnm
409 2035 567 2076 profecto
581 2041 647 2069 est.

300 2084 405 2125 Delli]
427 2086 570 2117 Frustra
584 2085 721 2127 quidam
743 2087 826 2119 Luc.
849 2086 958 2118 Gelli·

258 2145 311 2168 um
326 2135 382 2167 hic
397 2135 710 2167 comminiscuntur.
755 2136 958 2178 Intelligen-

257 2186 322 2217 dus
343 2188 440 2216 certe
463 2189 517 2216 est
538 2185 582 2219 Q.
605 2185 739 2216 Dellius
756 2186 807 2218 vel
825 2186 959 2225 Delius,

260 2236 318 2277 qui
334 2237 478 2276 primum
493 2234 556 2266 sub
572 2235 681 2267 Cassii
706 2235 869 2268 militavit
890 2235 959 2276 sig-

259 2286 332 2325 nis;
351 2285 396 2317 ab
411 2285 475 2318 hoc
491 2285 616 2317 deinde
633 2284 816 2327 transfugit
831 2285 874 2316 ad
889 2284 960 2316 An-

261 2336 406 2376 tonium,
431 2340 594 2378 tantaque
623 2336 715 2377 apud
743 2344 820 2368 eum
849 2335 962 2376 gratia

266 2387 440 2427 valuit,‚ut
455 2387 684 2428 Cleopatram,
700 2384 790 2429 quod
807 2387 962 2420 Cassium
978 2398 986 2403 ²

263 2437 297 2469 in
309 2438 401 2469 bello
408 2437 542 2479 juvisse
554 2441 786 2474 accusaretur,
796 2437 962 2478 judicium

263 2487 450 2519 subituram
481 2495 544 2527 per
572 2489 682 2527 ipsum
711 2487 963 2519 accersiverit:

267 2538 454 2571 Plutarcho
477 2542 566 2570 teste
581 2538 615 2569 in
631 2537 712 2569 vita
728 2537 883 2570 Antonii.
929 2537 964 2569 Is

266 2589 400 2621 demum
424 2589 527 2621 rebus
552 2588 621 2620 suis
641 2588 790 2621 maxime
811 2588 967 2629 studens,

267 2640 370 2680 paulo
391 2643 472 2671 ante
496 2639 619 2672 bellum
642 2638 822 2682 Actiacum
846 2639 967 2672 relicto

268 2688 433 2729 Antonio,
451 2699 486 2721 se
502 2690 648 2723 contulit
668 2690 711 2722 ad
725 2689 931 2732 Augustum,
947 2699 967 2722 a

268 2751 334 2784 quo
351 2741 498 2783 benigne
512 2747 691 2784 exceptus,
707 2743 854 2775 Caesaris
870 2741 966 2775 fami-

1002 1439 1106 1480 Cruq.
1122 1442 1187 1471 διε.

1045 1492 1063 1520 5
1089 1489 1153 1520 Seu
1173 1493 1300 1521 maestus
1323 1490 1419 1529 omni,
1442 1489 1513 1531 ξω]
1539 1490 1702 1524 Quando-

985 1538 1139 1580 'quidem
1165 1539 1251 1571 mori
1277 1550 1415 1572 necesse
1433 1545 1496 1581 est,
1515 1541 1588 1573 sive
1605 1551 1704 1574 moes-

1004 1593 1059 1621 tus
1087 1589 1212 1621 vixeris
1236 1591 1307 1621 sive
1330 1590 1460 1622 laetitiae
1484 1596 1520 1623 te
1545 1591 1704 1631 dederis3

1000 1639 1115 1679 juvat,
1144 1639 1223 1670 dum
1254 1640 1348 1679 licet,
1374 1639 1552 1680 indulgere
1578 1642 1705 1683 genio;

1005 1698 1117 1730 neque
1133 1689 1433 1730 praetermittenda
1452 1695 1536 1722 εἰει
1556 1695 1593 1723 et
1610 1700 1706 1723 occa-

1007 1738 1060 1770 sio
1091 1738 1326 1779 voluptatibus
1357 1743 1562 1780 opportuna.
1613 1742 1705 1783 Ergo

1006 1788 1017 1806 ⁴
1027 1789 1106 1820 vina
1119 1793 1156 1820 et
1170 1794 1345 1830 unguenta
1359 1787 1475 1821 afferri
1483 1789 1596 1831 jube,’
1610 1792 1677 1822 &c-

1049 1842 1070 1871 6
1094 1840 1135 1871 In
1158 1844 1273 1872 remoto
1292 1841 1451 1883 gramine]
1472 1841 1515 1872 In
1538 1842 1612 1874 loco
1632 1842 1709 1874 ber-

1008 1889 1092 1921 boso
1108 1889 1156 1922 >ab
1178 1889 1349 1922 bominum
1374 1889 1571 1932 frequentia
1592 1901 1633 1924 ac
1654 1896 1709 1924 tu-

1010 1940 1120 1972 multu
1135 1944 1309 1980 separato.

1054 1990 1123 2021 Per
1135 1990 1202 2021 dies
1219 1989 1346 2030 Festos]
1371 1988 1501 2022 Quibus
1513 1988 1633 2022 feriari
1649 1991 1710 2022 im-

955 2049 959 2052 *
1010 2039 1219 2080 pensiusque
1233 2039 1342 2070 laetari
1359 2038 1449 2079 apud
1464 2044 1600 2072 veteres
1614 2039 1711 2073 iusti-

1011 2092 1122 2120 tutum
1138 2092 1226 2119 erat.

1053 2140 1073 2168 8
1101 2137 1253 2168 [metiore
1267 2139 1342 2168 nota
1359 2135 1502 2176 Falerni]
1531 2137 1711 2177 Epulando

1012 2196 1089 2218 cnm
1106 2186 1236 2224 amicis,
1259 2191 1294 2218 et
1320 2187 1468 2218 animum
1489 2185 1711 2218 exhilarando

1012 2236 1264 2277 exquisitissimi
1278 2235 1346 2266 vini
1359 2239 1453 2276 potu,
1470 2234 1561 2276 quod
1574 2235 1712 2277 quidem

1012 2287 1046 2318 in
1062 2287 1149 2318 cella
1162 2286 1324 2318 interiore
1337 2285 1437 2317 condi
1451 2285 1581 2317 solebat
1595 2296 1605 2325 ;
1621 2286 1713 2328 quod

1014 2341 1126 2368 autem
1142 2341 1217 2368 erat
1232 2335 1370 2367 minoris
1387 2335 1487 2375 pretii
1509 2340 1545 2366 et
1565 2335 1713 2376 quotidi-

1015 2395 1081 2418 ano
1102 2386 1178 2418 usui
1202 2386 1422 2426 destinatum,
1447 2385 1555 2426 magis
1578 2385 1621 2416 ad
1645 2395 1715 2417 ma-

1015 2446 1094 2469 num
1108 2436 1308 2477 ponebatur.
1352 2436 1460 2467 Porro
1475 2435 1545 2467 vini
1557 2435 1652 2468 cadis
1665 2436 1715 2467 in-

1017 2487 1119 2519 scribi
1134 2486 1267 2517 solitam
1282 2485 1492 2527 epigraphen
1508 2493 1549 2516 ae
1565 2485 1715 2521 titulum,
1779 2503 1782 2507 ·

1017 2536 1140 2579 quibus
1157 2544 1223 2576 quo
1238 2535 1313 2567 loco
1332 2539 1464 2575 natum,
1480 2543 1615 2576 quoque
1630 2539 1715 2566 tem-

1019 2595 1103 2627 pore
1117 2582 1292 2617 conditum
1307 2589 1408 2623 esset,
1422 2582 1569 2614 maxime
1582 2591 1645 2624 per
1658 2592 1717 2615 no-

1019 2644 1096 2667 men
1119 2632 1273 2666 Consulis
1295 2631 1494 2672 notabatur,
1516 2640 1579 2664 uec
1602 2632 1716 2664 sciolis

1020 2688 1118 2721 latet.
1163 2683 1300 2716 Iudicat
1323 2683 1411 2715 Tun.
1443 2684 1476 2714 in
1501 2682 1612 2714 Bruto
1640 2684 1716 2715 286.

1018 2739 1029 2756 ‘
1046 2737 1083 2770 Si
1097 2735 1170 2779 quis
1186 2734 1332 2769 Falerno
1349 2733 1425 2766 vino
1438 2732 1648 2776 delectetur,
1657 2732 1718 2769 sed
