1916 3190
626 235 898 267 canianum
931 235 1026 266 un.
1058 234 1134 265 111.
1163 225 1208 266 6.

1557 224 1644 266 428

425 328 529 370 Non
549 328 620 370 his
632 328 849 382 ¹juventus
868 332 968 370 orta
986 327 1242 381 parentibus

423 393 580 435 Infecit
598 405 748 447 aequor
767 394 976 447 sanguine
995 393 1186 442 Punico,

479 459 784 513 Pyrrhumque
801 465 847 502 et
865 460 1079 513 ingentem
1099 457 1264 500 cecidit

1581 460 1638 501 35

533 523 801 566 Antiochum
817 524 1200 578 Hannibalemque
1220 522 1362 565 dirum
1378 535 1388 564 ε

196 642 271 665 ms
298 634 420 674 ingenti
445 638 593 669 mer-cede.
639 638 714 668 Non
741 637 889 676 ejusmodi

912 635 1091 677 pce-tibus
1116 636 1187 668 nati
1204 635 1336 674 ,invenes

1364 644 1448 666 aare
1475 630 1637 666 tinxerunt

196 684 302 708 eruere
331 677 637 718 Carthaginensium,
666 683 699 711 et
724 678 932 720 profligavere
952 677 1128 719 Pyrrhum,
1150 677 1360 718 Musamque
1380 677 1581 715 Antiochum,
1605 676 1636 706 et

797 761 1023 774 ‘comete

194 815 231 842 et
249 811 385 853 Ρςνηπι
411 813 582 845 variantes
605 823 661 853 ap.
675 814 857 848 hah—³6
881 815 1145 856 Ηικπίῠαὶαιᾳιε
1158 814 1270 845 Mn
1291 818 1438 856 quatuor
1450 812 1638 851 Torrentii,

194 851 309 885 Pulm.
325 854 451 886 Beller.
473 860 510 886 et
534 856 668 888 Diesth.
683 857 768 889 Exc.
782 857 864 888 Sax.
880 857 985 889 Brod.
1002 858 1094 897 Lips.
1109 859 1143 888 2.
1155 865 1176 887 a
1192 867 1235 888 m.
1247 866 1276 887 s.
1294 855 1435 887 Locher.
1453 855 1543 886 Flor.
1558 854 1635 885 zar.

194 898 232 926 et
245 895 382 936 quidam
398 897 454 928 alii
471 897 556 930 Mss.
572 902 608 929 et
624 898 703 930 edd.
747 899 814 930 Sed
827 899 932 930 diram
948 899 1077 931 Comm.
1088 899 1191 938 Cruq.
1206 898 1343 939 plurimi
1359 897 1475 928 Bentl.
1492 896 1590 927 Harl.
1609 899 1637 926 ι.

195 936 271 968 28.
282 938 315 968 ⁴.
328 940 361 969 5.
373 940 407 968 6.
430 947 546 970 omnes
562 940 678 971 Lamb.
693 941 796 982 Crnq.
813 946 850 972 et
866 941 1079 978 Βεηηιιιιιιιί,
1105 950 1221 980 omues
1237 950 1291 981 ap.
1306 939 1400 978 Jani,
1413 940 1538 970 Venet.
1552 938 1635 968 Asc.

193 973 314 1010 Bam.
326 978 387 1011 Ste
413 979 447 1010 h.
460 980 560 1012 Febr.
571 982 610 1013 T.
627 981 709 1014 Fab.
723 982 844 1014 Heins-
859 982 971 1013 Bentl.
987 983 1092 1013 Baxt.
1106 982 1193 1013 eun.
1205 982 1286 1014 Jon.
1296 982 1375 1013 San.
1387 981 1451 1012 Del
1477 980 1511 1011 b.
1526 978 1636 1011 Bond.

190 1017 364 1070 Seni-even
376 989 469 1057 fani,
487 1023 621 1062 Bipout.
641 1024 730 1055 Sivr.
746 1024 883 1054 Mitscb.
901 1024 1038 1054 Wetzel.
1055 1022 1191 1065 Wakef.
1208 1023 1329 1054 Comb.
1346 1030 1382 1054 et
1398 1023 1444 1054 Ki
1470 1021 1505 1053 d.
1524 1021 1535 1038 ‘
1549 1021 1635 1053 Pro-

165 1098 171 1102 ,
195 1059 296 1092 betur
315 1068 417 1095 etiam
440 1073 459 1094 e
482 1064 628 1097 Quintil.
643 1073 724 1096 vm.
738 1067 768 1096 2.
784 1070 821 1097 et
836 1066 867 1096 h.
882 1065 906 1097 1.
922 1066 987 1096 vim
1003 1065 1164 1106 majorem
1190 1065 1306 1104 habet,
1330 1074 1406 1096 cum
1420 1073 1497 1105 sup.
1512 1072 1553 1095 ιι.
1567 1063 1637 1095 Od.

195 1102 247 1132 12.
263 1105 295 1134 2.
311 1103 486 1136 diceretur
498 1108 508 1123 ⁴
523 1106 694 1138 Hannibal
709 1105 834 1138 durus!
875 1106 955 1138 Vid.
971 1107 1104 1138 Victor.
1118 1107 1218 1138 Varr.
1234 1107 1345 1138 Lectt·
1361 1115 1403 1138 ιι.
1418 1109 1475 1139 24.
1506 1105 1636 1137 Hmi-

192 1141 376 1185 &lemnon
386 1147 581 1188 Annibalem,
595 1148 810 1180 scribendum
823 1158 911 1188 esse,
919 1149 992 1189 jam
1008 1150 1169 1180 monitum
1182 1148 1224 1180 ad
1239 1157 1278 1180 ιι.
1291 1149 1359 1180 Od.
1371 1147 1478 1180 122!
1499 1147 1636 1178 Junci.—

841 1232 982 1265 NOTAE

235 1295 277 1324 ⁸3
302 1293 374 1325 Non
388 1293 438 1325 his
449 1294 601 1334 ‚inentia
614 1298 695 1334 oren,
710 1293 780 1335 ξι]
809 1295 887 1327 Nou

940 1295 1106 1336 Pyrrhus,
1130 1300 1168 1327 ut
1190 1295 1339 1327 diceret:
1365 1294 1398 1326 0
1414 1302 1514 1335 quarn
1531 1292 1636 1324 facile

192 1342 316 1374 talibus
331 1341 543 1376 effoeminatis
564 1350 600 1375 et
625 1346 796 1386 corruptis
819 1345 888 1376 orti
941 1350 1016 1376 erat
1043 1344 1134 1376 orbis
1160 1344 1343 1385 Imperium
1368 1351 1551 1384 occupare,
1577 1346 1638 1373 aut

193 1392 390 1434 parentibus
399 1391 533 1424 flierant
543 1394 566 1424 ii
581 1394 717 1434 milites,
725 1394 783 1434 qui
796 1403 885 1434 prae-

191 1441 303 1472 claros
317 1440 451 1482 Populo
465 1441 620 1474 Romano
630 1442 816 1483 triumphos
829 1451 885 1483 pe-

184 1495 353 1530 peremat
365 1500 376 1522 τ
399 1491 455 1532 qni
470 1492 582 1523 navali
595 1492 779 1523 certamine
795 1492 884 1524 vice·

135 1543 141 1546 “
189 1543 270 1570 runt
301 1539 598 1581 Carthaginenses,
634 1546 671 1572 et
705 1541 716 1559 ⁶
731 1541 882 1573 Siculum

189 1597 282 1620 mare
318 1589 427 1622 Poeno
460 1599 667 1631 purpureum
697 1591 882 1631 sanguine'

190 1637 435 1671 reddiderunt:
466 1643 505 1671 nt
529 1644 581 1670 est
606 1639 639 1669 in
661 1647 700 1670 n.
726 1639 805 1671 Ode
830 1643 881 1671 12.

188 1687 278 1719 Vide
293 1688 339 1719 ibi
357 1688 437 1720 Not.
453 1689 510 1728 qni
537 1688 718 1728 Pyrrhum,
739 1689 795 1730 qui
811 1689 882 1721 An·

189 1736 350 1775 tiochum,
371 1737 429 1776 qni
453 1736 679 1769 Hannibalem
700 1746 882 1778 superave-

188 1790 270 1817 runt
283 1794 323 1816 ec
335 1785 545 1818 ceciderunt.

230 1836 271 1865 3⁵
294 1833 470 1876 Pyrrhum]
504 1834 541 1865 Is
563 1834 781 1875 Epirotarum
806 1844 881 1875 rex,

189 1887 367 1923 paternum
390 1892 494 1923 genus
521 1883 564 1914 ad
591 1884 788 1924 Herculem,
812 1894 882 1916 ma-

188 1939 322 1964 ternum
338 1932 381 1964 ad
397 1931 562 1964 Achillem
587 1932 770 1965 referebat.
813 1934 881 1966 Im-

189 1981 320 2021 perium
335 1981 427 2014 orbis
441 1983 553 2014 animo
567 1991 717 2022 versans,
732 1982 776 2014 de
793 1983 881 2016 bello

189 2029 348 2062 Romanis
372 2030 551 2069 inferendo
575 2030 739 2072 Apollinis
763 2041 880 2064 oracu-

187 2078 255 2111 lum
275 2080 463 2119 consuluit;
486 2080 687 2122 delususque
711 2087 764 2113 est
788 2082 880 2114 anci·

186 2127 252 2168 piti
268 2137 449 2171 responso:
471 2131 482 2148 ‘
494 2128 560 2162 Aio
576 2134 623 2170 te,
637 2129 789 2166 AEacida‚
811 2132 880 2163 Ro-

187 2186 303 2210 manos
317 2179 454 2212 vincere
469 2180 589 2221 posse?
619 2180 742 2222 Itaque
752 2181 876 2213 ‘raren-

186 2227 267 2259 tinis
281 2227 395 2261 ferens
410 2230 568 2261 auxilium
581 2230 742 2262 adversus
757 2231 879 2263 Roma-

186 2285 260 2317 nos,
281 2279 411 2320 ingenti
427 2280 563 2321 quidem
577 2285 760 2321 apparatu,
776 2291 797 2312 a
811 2281 878 2313 Cn·

186 2327 237 2358 rio
251 2328 474 2370 Fabricioque
496 2329 699 2362 Consulibus
717 2329 879 2372 profliga-

183 2380 240 2409 tus
250 2382 315 2409 est.
345 2378 435 2411 Flor.
448 2388 473 2410 r.
488 2381 540 2411 18.
554 2379 604 2411 ita
613 2380 756 2412 scribit:
773 2381 783 2399 ⁸
798 2381 878 2413 Qui·

184 2435 261 2458 nem
287 2427 337 2459 illi
362 2427 503 2461 fuerunt
526 2429 604 2466 viri,
625 2439 708 2471 quos
732 2430 776 2461 ab
799 2430 878 2462 Ele-

186 2475 320 2515 phantis
335 2478 444 2518 primo
457 2479 576 2519 proelio
587 2479 733 2511 obtritos
744 2480 877 2520 accepi·

187 2526 284 2556 mne?
305 2526 464 2559 Omnium
489 2528 629 2560 vulnera
653 2529 688 2560 in
710 2534 875 2569 pectore:

187 2573 320 2613 qnidam
333 2575 483 2608 hostibus
502 2578 570 2609 suis
595 2578 783 2609 immortni:
807 2586 876 2608 om-

187 2622 279 2653 nium
294 2623 329 2654 in
341 2625 493 2656 manibus
507 2635 605 2659 enses
618 2638 628 2667 3
645 2632 681 2659 et
696 2628 827 2659 relicte
842 2628 876 2658 in

188 2670 337 2702 vultibus
351 2672 462 2713 minae,
480 2679 518 2706 et
539 2675 573 2707 in
597 2676 670 2717 ipsa
695 2681 804 2708 morte
827 2677 877 2712 ira

188 2719 337 2753 vivebat.
392 2722 494 2755 Quod
527 2725 614 2757 adeo
648 2727 788 2759 miratus
824 2730 878 2758 est

939 1394 1020 1425 mihi
1037 1395 1197 1426 Romanis
1213 1394 1388 1433 militibus,
1398 1397 1457 1424 aut
1471 1401 1524 1423 me
1540 1392 1636 1432 Rege

938 1441 1123 1482 Romanis,'
1132 1444 1198 1474 διε.

979 1492 1144 1532 Ingentem
1153 1490 1355 1531 Antiochen]
1372 1491 1558 1523 Commune
1571 1489 1636 1520 Re-

935 1551 1013 1581 gum
1028 1542 1136 1582 Syriae
1152 1550 1276 1572 nomen
1289 1541 1353 1571 hoc
1364 1545 1452 1578 erat,
1462 1543 1552 1569 teste
1566 1537 1637 1578 Ap·

915 1626 918 1628 ,
937 1592 1051 1631 piano.
1080 1590 1148 1621 Hic
1163 1595 1284 1630 aperte
1298 1589 1499 1628 designator
1516 1587 1635 1617 Antio-

936 1640 1019 1671 chus
1045 1644 1272 1680 cognomento
1296 1638 1454 1676 Magnus.
1499 1636 1634 1666 Bellum

936 1689 1040 1720 movit
1052 1688 1251 1728 impellente
1260 1685 1468 1724 Hannibale,
1476 1685 1534 1726 qui
1545 1685 1555 1702 ‘
1567 1685 1636 1715 vic-

920 1741 991 1768 tus
1014 1742 1051 1768 et
1075 1735 1239 1777 profugus
1263 1735 1395 1767 hostem
1419 1735 1547 1775 populo
1568 1733 1634 1764 Ro-

935 1795 1036 1817 mano
1061 1790 1137 1817 toto
1161 1785 1245 1816 orbe
1271 1782 1467 1825 quaerebat)
1524 1782 1635 1814 Acilio

935 1834 1119 1866 Glabrione
1130 1834 1278 1866 Consule
1290 1833 1481 1865 debellatus
1492 1837 1556 1871 est,
1566 1841 1634 1863 επ-

935 1884 981 1916 sis
1007 1884 1234 1926 qnadraginta
1261 1883 1423 1923 millibus,
1448 1882 1562 1923 captis
1588 1881 1632 1913 ad

934 1935 1083 1977 quinque
1097 1934 1215 1966 millia.
1256 1933 1387 1966 Tullius
1402 1942 1464 1975 pro
1490 1932 1631 1964 Sextio:

932 1987 944 2004 ⁶
955 1985 1159 2017 Antiochum
1177 1985 1272 2016 illum
1298 1984 1463 2024 Mag-nm
1483 1982 1633 2023 majores

933 2035 1041 2068 nostri
1056 2044 1180 2076 magna
1194 2034 1275 2066 belli
1288 2031 1521 2071 contentione,
1535 2036 1630 2063 terra

932 2086 1084 2127 marique
1113 2087 1325 2126 superatum,
1361 2083 1450 2113 intra
1478 2084 1630 2112 montem

930 2135 1082 2166 Taurum
1098 2141 1242 2175 regnare
1258 2131 1462 2173 jusserunt:
1506 2130 1551 2161 Et
1566 2138 1631 2169 pro

932 2184 1124 2225 Dejotaro:
1158 2181 1372 2214 ‘Antiochus
1398 2181 1544 2221 Magnus
1572 2181 1629 2210 ille

931 2233 1007 2265 Rex
1018 2255 1027 2264 .
1036 2255 1045 2265 .
1054 2242 1148 2265 ,cum
1164 2241 1297 2264 omnem
1310 2232 1398 2262 hanc
1411 2230 1541 2267 Asiam,
1553 2239 1628 2269 quae

930 2291 1020 2314 nnnc
1033 2286 1086 2313 est
1103 2285 1220 2313 nostra
1242 2280 1432 2321 provincia,
1450 2278 1630 2314 amisisset,

930 2332 1046 2363 dicere
1066 2335 1119 2361 est
1140 2330 1271 2363 solitus,
1296 2328 1440 2366 benigne
1455 2326 1518 2356 sibi
1535 2335 1555 2355 a
1571 2334 1630 2365 po-

931 2381 1011 2422 pulo
1024 2381 1176 2411 Romano
1188 2387 1262 2408 esse
1276 2375 1416 2412 factum,
1430 2375 1518 2415 quod
1531 2375 1629 2405 nimis

930 2439 1051 2470 magua
1065 2426 1303 2468 procuratione
1312 2425 1477 2455 liberatus
1485 2423 1628 2455 modicis

932 2478 1028 2518 regni
1049 2476 1396 2509 terminisruteretnr)
1441 2473 1531 2504 Vide
1546 2473 1629 2504 Plu·

932 2527 1038 2559 tarch.
1056 2526 1089 2556 in
1102 2525 1186 2555 Vita
1198 2523 1383 2564 Scipionis,
1393 2522 1494 2554 Oros.
1511 2531 1561 2554 ιν.
1571 2525 1627 2554 2⁰.

930 2577 1020 2607 Flor.
1042 2584 1083 2606 11.
1112 2577 1144 2606 8.
1174 2574 1303 2606 sustin.
1334 2580 1442 2604 xxxl.
1468 2566 1546 2604 niv«
1567 2572 1629 2605 lib.

930 2632 1028 2656 και.
1045 2623 1193 2664 Appian.
1208 2625 1274 2654 dte.

972 2677 1015 2705 36
1033 2673 1300 2714 Hannibalemque
1307 2670 1427 2712 dim]
1442 2671 1531 2704 Vide
1543 2673 1627 2706 Not.

930 2733 971 2757 ιι.
989 2723 1056 2756 Od.
1074 2725 1125 2755 12.
1299 2738 1305 2742 ι
1492 2724 1494 2727 ’
