1916 3190
614 238 886 270 naumann
922 237 1014 268 ιω.
1044 237 1078 268 1.
1105 227 1148 270 7.

275 330 455 375 Tiburis
475 332 630 374 umbra
647 333 724 375 tui.
781 331 956 374 Teucer
975 330 1202 373 Salamiua
1219 334 1472 386 patremque

333 397 447 440 Cum
463 398 643 452 fugeret,
662 402 804 441 tamen
825 398 912 440 uda
930 397 1070 452 Lyaeo

273 463 495 519 Tempora
514 464 715 518 populea
733 464 866 506 fertur
885 463 1087 523 vinxisse
1107 476 1286 514 corona,

332 530 411 572 Sic
431 531 578 572 tristes
598 531 760 572 affatus
778 531 947 573 amicos
963 542 977 571 z

275 595 381 647 Quo
399 609 483 638 nos
502 609 691 651 cumque
709 596 820 638 feret
836 596 991 638 melior
1008 595 1183 638 fortuna
1199 600 1396 650 parente,

1549 599 1608 640 25

329 662 561 712 IbimuS‚.o
579 663 694 705 socii
714 662 1016 717 comitesque:

156 756 1609 799 gieupurmaetqusdmimdicimnikiloninumputmfflmeinximoem-

159 800 424 841 summale
444 800 916 834 aumeunoemmmime
937 799 1610 842 omiietconieapergennquoe-que

764 882 905 896 ‘Onm

776 938 1009 970 laborm—28
1033 936 1129 977 Lips.
1146 939 1176 968 l.
1193 940 1230 969 et
1243 937 1404 979 Rntgers.
1423 938 1560 979 populna
1577 938 1611 976 s.

158 933 294 976 viteque
306 937 446 975 dolorem
476 937 616 979 Lipsd.
629 938 763 979 vitaque

906 881 1005 895 ΜΟ

159 986 192 1008 v.
208 982 417 1012 Μαι-26
440 980 586 1014 Quidam
602 990 658 1022 ap.
669 980 747 1014 Jan·
760 981 983 1022 parente—26
996 979 1175 1012 Bentleius
1190 980 1334 1022 ejusque
1350 981 1491 1012 asseclae
1506 981 1610 1012 inter-

810 1054 958 1087 1401·AE

159 1122 231 1147 rem
245 1121 450 1150 asseverent.
493 1117 529 1149 Is
552 1127 654 1159 porro
676 1127 743 1150 non
765 1118 859 1150 leves

158 1162 332 1204 putandus
355 1165 491 1198 labores
517 1167 715 1199 exhausisse
742 1166 777 1198 in
805 1171 859 1199 tot

159 1212 318 1246 civilibus
345 1215 559 1256 tumultibus,
590 1215 713 1258 quibus
742 1215 857 1256 Impe-

119 1275 124 1278 ·
157 1262 247 1295 rium
261 1263 450 1297 umanum
465 1274 526 1297 suo
542 1271 697 1306 tempore
716 1274 857 1297 concus-

88 1316 98 1325 “
157 1321 233 1344 sum
258 1317 325 1352 est,
351 1318 454 1356 atque
476 1315 511 1346 in
537 1319 589 1347 tot
616 1323 729 1347 rerum
748 1319 857 1346 muta-

156 1362 319 1396 tionibus.
371 1363 455 1405 Ipse
490 1364 647 1397 nimirum
678 1373 700 1395 a
727 1364 858 1396 Senatu

157 1413 305 1455 primum
329 1412 442 1454 stetit,
465 1412 591 1445 deinde
614 1412 657 1445 ad
682 1413 733 1445 Μ.
750 1412 858 1445 Anto·

157 1461 251 1494 nium
273 1460 417 1502 defecit,
445 1467 566 1504 postea
593 1462 637 1495 ad
663 1462 856 1504 Augustum

157 1510 329 1544 euntem
354 1511 555 1554 transfugit.
599 1512 690 1544 Vell.
713 1512 854 1544 Patere.

156 1560 219 1593 lib.
239 1568 282 1593 ιι.
326 1561 459 1593 Extant
481 1561 657 1593 Ciceronis
680 1561 723 1592 ad
751 1561 855 1593 Plan-

157 1608 236 1642 cum
257 1611 375 1648 istum,
398 1615 436 1643 et
457 1611 577 1643 Planci
593 1611 637 1643 ad
653 1611 855 1643 Ciceronem

158 1659 323 1701 Epistola
337 1661 586 1701 perelegantes.

200 1711 266 1744 Seu
278 1715 311 1744 te
323 1711 488 1752 fulgentio
501 1711 616 1752 signin,
627 1712 697 1753 qm]
714 1711 794 1743 Sive
810 1711 856 1742 sis

158 1761 303 1802 militia,
314 1761 386 1793 sive
400 1761 507 1800 domi,
525 1761 611 1793 etin
628 1761 711 1792 villa
726 1766 786 1792 tua
799 1762 856 1792 Ti·

159 1811 309 1844 burtina.
366 1812 537 1851 Fidentia
562 1812 681 1852 enum]
719 1811 856 1843 Cornel.

157 1863 241 1894 Tac.
266 1860 392 1893 Annal-
411 1869 473 1892 ιν.
495 1861 506 1878 ‘
522 1859 744 1901 Fulgentibus
766 1859 858 1901 aqui-

156 1911 213 1951 lis,
235 1910 420 1952 signisque,
438 1913 476 1941 et
490 1909 681 1941 simulacris
695 1909 806 1941 Deum
821 1909 857 1941 in

158 1960 296 1994 modum
312 1960 454 2002 templi!
495 1961 606 1993 Porro
621 1960 719 2000 sigua
732 1960 856 1991 milita-

158 2011 212 2042 ria
238 2019 301 2042 seu
326 2010 453 2042 vexilla
482 2014 574 2050 sunt,
606 2009 742 2050 aquilae,
777 2009 855 2040 dra·

157 2069 275 2102 eones,
286 2059 375 2101 apri,
385 2058 471 2100 lupi,
480 2059 572 2100 equi,
587 2058 782 2099 minotauri,
791 2060 856 2090 &c-

157 2107 250 2143 Vide
262 2110 388 2153 Veget.
414 2109 458 2141 de
484 2110 535 2142 Re
560 2109 666 2142 milit.
681 2118 723 2142 n.
742 2108 795 2142 13.
817 2114 854 2142 et

157 2168 216 2192 m.
229 2162 263 2192 ὅ.
279 2159 373 2192 Plin.
387 2167 425 2191 x.
439 2161 473 2191 4.

198 2211 240 2241 21
266 2207 393 2241 nm
405 2208 516 2240 mbr-a
530 2207 594 2249 tsi]
614 2209 770 2240 Densum
794 2217 853 2240 no—

156 2260 210 2290 tat
221 2256 312 2290 viuoe
326 2266 460 2297 nemus,
478 2258 568 2299 quod
584 2258 734 2290 umbram
751 2268 853 2290 amoe-

155 2316 234 2339 nam
261 2306 505 2349 praeteuderet.
562 2308 652 2340 Vide
681 2313 803 2349 postea
826 2317 853 2340 1.

158 2355 226 2388 Od-
240 2359 295 2389 18.
309 2359 346 2388 et
358 2365 404 2389 ιι.
418 2356 488 2389 Od.
501 2360 534 2388 6.
549 2361 582 2390 5.
597 2357 712 2400 ibique
727 2358 812 2390 Not.

202 2405 577 2448 Teucerffilmnian,35c.]
594 2408 761 2448 Exemplo
769 2407 856 2439 Teu-

158 2454 208 2486 cri
230 2454 369 2488 fortiter
385 2455 530 2488 adversa
547 2457 759 2497 sustinentis,
778 2457 856 2488 hor·

158 2506 253 2536 tatur
266 2504 434 2537 Plancum
449 2508 489 2536 ut
503 2505 634 2546 pariter
648 2506 746 2539 fortis
760 2506 804 2537 sit
819 2506 853 2536 in

157 2550 304 2583 fortune
341 2553 585 2595 vicissitudine,
620 2555 777 2597 vinoque,
814 2559 853 2586 ut

158 2599 230 2636 ille,
242 2599 394 2640 depellat
406 2611 514 2634 curas.

203 2647 364 2681 &undu
387 2655 568 2693 patr-enque
601 2654 680 2686 Cum
705 2654 851 2695 fingeret]

158 2698 247 2730 Post
267 2699 515 2738 expeditionem
537 2703 715 2743 'frojanam
738 2713 852 2735 rever-

158 2757 218 2787 sus
244 2747 279 2778 in
303 2747 451 2787 patriam
474 2751 604 2782 Teucer
629 2762 649 2783 a
671 2753 854 2784 Telamone

247 2798 365 2840 Delph.
379 2804 411 2832 et
427 2800 503 2832 Ver.
517 2802 604 2834 clas.

910 1120 1011 1159 patre
1047 1116 1204 1158 repulsus
1233 1121 1299 1157 est,
1325 1116 1467 1149 dolente
1497 1121 1535 1150 et
1560 1118 1612 1150 in-

910 1167 1087 1207 dignante,
1105 1166 1196 1208 quod
1211 1165 1350 1207 AJaeem
1372 1165 1517 1198 fratrem
1541 1176 1611 1200 non

909 1215 1103 1249 reduceret.
1171 1215 1474 1248 Proficiscentibus
1522 1218 1612 1250 enim

907 1265 1088 1298 mandarat
1116 1275 1159 1296 ne
1181 1265 1271 1297 alter
1294 1265 1367 1298 sine
1390 1267 1500 1298 altero
1521 1259 1612 1309 redi-

910 1321 976 1348 ret.
1004 1315 1112 1358 Atqui
1127 1314 1218 1356 Ajax
1233 1325 1270 1347 se
1285 1315 1362 1358 ipse
1377 1317 1613 1355 interemerat,

909 1364 1016 1396 iratus
1037 1364 1128 1407 qnod
1147 1363 1291 1396 Achillis
1306 1374 1402 1397 arma
1418 1366 1536 1408 Ulyssi
1552 1376 1611 1408 po-

910 1414 978 1446 tius
994 1423 1094 1456 qnam
1109 1414 1173 1446 sibi
1187 1413 1333 1447 fuissent
1347 1414 1555 1456 adjudicata.

951 1463 1130 1506 Mamm]
1166 1464 1324 1504 Salamis,
1358 1465 1460 1497 hodie
1491 1466 1613 1507 Cultu-i,

909 1513 990 1545 urbs
1015 1518 1054 1546 et
1075 1514 1191 1546 Insula
1210 1515 1312 1546 maris
1329 1514 1449 1556 digni,
1471 1515 1507 1547 in
1535 1515 1613 1548 sinu

907 1564 1083 1601 Saronico,
1107 1564 1164 1606 qui
1187 1575 1277 1596 nunc
1301 1565 1429 1597 dicitnr
1462 1566 1557 1605 Golfo
1579 1567 1614 1598 di

910 1613 1031 1654 Bag-ia,
1051 1614 1140 1645 inter
1163 1613 1320 1646 Atticam
1339 1620 1376 1646 et
1397 1616 1613 1656 Peloponue-

909 1672 995 1694 sum.
1040 1662 1118 1694 Illic
1145 1664 1301 1703 regnavit
1315 1663 1480 1695 Telamon
1499 1663 1614 1705 Ajacin

910 1716 946 1743 et
960 1711 1090 1743 Teucri
1105 1718 1217 1752 pater.

951 1763 994 1792 22
1016 1761 1128 1802 14oe0]
1153 1761 1349 1801 cognomen
1366 1765 1421 1793 est
1436 1761 1579 1802 Bacchi,
1593 1772 1615 1795 a

909 1808 988 1849 λύω,
1000 1811 1097 1848 soleo,
1111 1810 1190 1851 quia
1205 1814 1298 1842 metu
1325 1816 1362 1842 et
1385 1811 1476 1842 curis
1499 1812 1614 1843 vinum

909 1858 1047 1891 liberat.
1090 1858 1214 1891 Horat.
1228 1869 1253 1891 1.
1268 1859 1384 1900 Epist.
1398 1863 1450 1893 15.
1471 1861 1482 1879 ‘
1495 1861 1612 1893 Gene-

910 1917 1022 1940 rosum
1045 1915 1083 1940 et
1109 1909 1185 1940 lene
1209 1910 1360 1950 requiro,
1383 1910 1485 1943 Quod
1511 1920 1613 1942 curas

910 1957 1049 1999 abigat?
1115 1957 1222 1989 Ovid.
1257 1958 1334 1990 Art.
1361 1958 1441 1990 Am.
1475 1968 1501 1990 Ι.
1532 1962 1612 1992 237.

910 2006 921 2023 ‘
934 2007 1024 2038 Vina
1034 2011 1156 2047 parant
1164 2007 1307 2040 animos.
1315 2028 1326 2039 .
1334 2008 1441 2040 ‚Tune
1452 2008 1561 2048 dolor,
1574 2013 1612 2041 et

909 2065 1014 2097 curae,
1028 2065 1183 2098 rugaque
1197 2055 1320 2088 frontis
1334 2056 1433 2089 abit!

949 2108 991 2137 2³
1019 2105 1171 2146 Tempora
1194 2107 1326 2147 populea
1338 2107 1450 2146 sertin·
1473 2107 1612 2140 vinxisse

906 2156 1034 2197 comm]
1058 2155 1113 2187 Ita
1128 2165 1166 2188 se
1181 2157 1319 2188 Teucer
1331 2157 1471 2189 instruit
1491 2158 1612 2191 adver-

907 2215 964 2236 sus
991 2215 1164 2237 moerores.
1210 2206 1338 2238 Vinum
1354 2206 1478 2246 sumit;
1502 2217 1610 2248 popu-

907 2255 962 2286 lea
977 2264 1014 2286 se
1030 2264 1154 2286 corona
1168 2255 1319 2296 redimit,
1332 2266 1393 2288 seu
1413 2257 1504 2298 quod
1521 2257 1610 2288 Her-

906 2304 973 2336 culi
996 2303 1170 2336 sacrificet
1195 2305 1245 2336 sic
1271 2310 1410 2337 ornatus
1433 2315 1477 2336 ex
1502 2315 1609 2348 more,

907 2362 966 2385 seu
982 2353 1026 2385 ad
1042 2353 1298 2394 significandam
1311 2354 1414 2385 animi
1434 2353 1608 2386 fortitudi-

907 2412 995 2435 nem.
1041 2404 1130 2435 Nam
1153 2404 1254 2443 hujus
1275 2403 1465 2445 symbolum
1481 2408 1535 2435 est
1548 2413 1609 2445 po·

908 2453 1005 2493 pulns
1028 2452 1128 2483 arbor
1143 2451 1289 2484 Herculi
1312 2461 1419 2483 sacra.
1460 2452 1609 2485 Demum

909 2502 953 2532 ad
970 2511 1084 2532 omnes
1098 2500 1243 2532 fortunae
1258 2510 1358 2532 casus
1371 2501 1480 2533 socios
1496 2506 1607 2542 parat.

950 2555 992 2583 2⁴
1018 2552 1154 2592 Tristes]
1188 2551 1247 2583 Ob
1273 2552 1427 2591 exilium,
1451 2556 1489 2583 et
1514 2553 1607 2594 qnod

907 2600 1091 2634 carendum
1114 2606 1206 2633 esset
1233 2600 1358 2641 patria,
1379 2611 1455 2643 qnae
1470 2610 1608 2643 semper

906 2650 1081 2684 carissima
1111 2650 1265 2691 cuilibet,
1288 2650 1398 2683 dulcis
1422 2655 1527 2693 atque
1547 2652 1606 2693 Ju-

906 2700 1032 2740 cunda,
1045 2704 1085 2732 nt
1100 2700 1148 2731 ait
1162 2700 1284 2733 Cicero
1298 2701 1334 2733 in
1348 2701 1452 2734 Catil.
1466 2711 1519 2734 xv.

949 2754 990 2782 25
1008 2751 1123 2783 Melior
1134 2751 1269 2788 fortuna
1281 2753 1424 2794 parente]
1442 2753 1530 2785 Nam
1543 2762 1607 2794 pa.

848 2802 967 2834 Horat.
1486 2804 1517 2834 G
