1916 3190
264 213 346 254 198

738 228 783 264 Q.
812 227 1022 257 HORATH
1059 228 1231 258 FLAcm

800 408 931 449 ODE
978 409 1183 451 XXIX.

841 529 910 557 AD
946 529 1137 559 icettJM.

261 618 391 651 'Facete
413 620 527 660 carpit
543 621 686 661 Iccium,
703 622 775 664 qui,
800 623 914 654 studio
937 623 1179 665 Philosophiae,
1201 623 1290 666 quod
1312 623 1491 656 ambitiose
1513 626 1592 654 ante
1615 621 1716 654 affec-

372 677 475 714 tarat,
496 682 583 705 nunc
600 678 744 715 repente
759 675 904 716 abjecto,
921 676 1069 707 militare
1086 676 1284 708 instituerat
1299 686 1360 718 spe
1376 676 1473 709 lucri.
1499 676 1599 707 Zeun.

491 747 611 797 Iccl,
631 749 776 790 beatis
797 762 912 790 nunc
934 749 1127 791 Arabum
1146 750 1317 791 invides

494 814 657 866 Gazis;
681 818 733 856 -et
752 828 898 859 acrem
914 817 1113 857 militiam
1135 829 1267 870 paras

311 907 340 936 0
356 907 431 948 Icci,
446 909 517 948 jam
531 919 606 948 ergo
623 910 736 948 felices
751 910 892 942 Arabum
907 910 1069 941 thesauros
1081 911 1240 942 oemularis
1250 921 1263 947 ;
1285 913 1377 951 atque
1387 919 1486 950 grave
1502 909 1612 941 bellum
1626 906 1715 939 moli-

874 992 1116 1005 mm

310 1054 388 1085 Ode
405 1046 552 1096 septima
569 1055 664 1087 Libri
680 1055 773 1088 tertii
799 1057 833 1087 in
860 1057 1059 1089 recensione
1081 1057 1206 1089 Sanad.
1250 1057 1445 1098 Epigraphe
1471 1056 1506 1087 in
1533 1055 1614 1087 edd.
1629 1050 1717 1087 vett.

264 1096 318 1128 Ad
335 1097 449 1128 Iccium
463 1098 630 1129 militarem
645 1098 705 1139 (al.
720 1099 946 1140 militaturum)
967 1101 1076 1132 relicto
1095 1100 1304 1140 Philosophia
1319 1099 1497 1131 studim—l
1520 1097 1530 1115 ‘
1546 1097 1611 1129 leti
1628 1097 1718 1136 Lips.

264 1142 296 1170 1.
313 1139 435 1175 etalii,
453 1144 544 1170 teste
558 1141 696 1172 Marcii.
739 1141 798 1173 Sic
815 1147 850 1173 et
867 1142 971 1173 Baxt.

1015 1141 1061 1173 Iti
1084 1142 1219 1174 volebat
1243 1143 1402 1173 Torrent.
1418 1146 1453 1172 et
1477 1140 1576 1172 Fulv.
1599 1139 1718 1171 Fuisse

265 1182 354 1211 enim
373 1182 490 1212 Romae
519 1188 656 1222 gentem
682 1183 782 1214 Itiam
808 1183 924 1225 (cujus
951 1194 1103 1215 nummus
1131 1189 1184 1215 est
1210 1194 1265 1225 ap.
1280 1184 1444 1215 Vaillant.
1469 1183 1570 1214 Num.
1600 1181 1718 1213 Famil-

263 1223 406 1254 Roman.
425 1228 450 1255 t.
468 1233 493 1256 1.

509 1234 541 1264 p.
556 1227 633 1255 498.
657 1234 733 1256 cum
755 1226 859 1257 inser.
877 1235 907 1258 L.
923 1226 1005 1266 ιτι.)

1021 1237 1029 1257 :
1057 1227 1115 1258 sed
1143 1237 1161 1258 e
1185 1236 1319 1257 nummo
1335 1226 1381 1256 nil
1397 1223 1584 1256 conficitur.
1629 1224 1718 1255 Nam

264 1270 303 1295 ut
321 1266 535 1297 scribebatur
550 1267 679 1305 Accius,
695 1268 818 1306 Actius,
833 1268 954 1303 Attius,
970 1269 1079 1306 Atius,
1103 1269 1163 1310 (de
1179 1279 1247 1309 qua
1262 1268 1432 1299 varietate
1448 1267 1630 1306 scripturae
1647 1265 1719 1295 vid.

264 1307 382 1356 Burm.
405 1308 610 1357 adSueton.
628 1309 763 1358 A¹¹.g}‘²·
788 1314 829 1359 et·
849 1310 891 1341 ad
918 1311 1015 1351 Virg.
1031 1311 1104 1359 AEu.
1121 1309 1274 1359 v.-568.)
1299 1311 1349 1341 ita
1377 1319 1438 1351 pro
1461 1309 1561 1358 Iccius
1585 1316 1719 1362 quoqu-e

265 1349 376 1389 Ictzus,
394 1350 504 1390 Intus,
518 1351 602 1382 Itius
617 1352 718 1382 scribi
736 1356 858 1392 potuit.
895 1351 998 1393 Apud
1016 1353 1088 1384 Cic.
1107 1353 1194 1384 ΡΙιιΙ.
1212 1362 1268 1383 ιιι.
1284 1355 1336 1384 10.
1352 1357 1406 1383 est
1421 1352 1473 1382 M.
1484 1351 1597 1382 Ιοσωε.
1623 1349 1718 1381 Jam.

924 1435 1063 1468 NOTAE

259 1525 263 1528 ,
309 1496 459 1528 Metrum
477 1497 567 1529 idem
585 1498 676 1539 quod
700 1498 768 1531 Od.
786 1508 839 1531 tx.

311 1549 327 1577 l
354 1546 436 1586 Ioci]
469 1547 557 1579 Sunt
585 1548 642 1589 qui
672 1549 742 1589 legi
773 1550 879 1580 velint
908 1549 968 1588 Iti,

267 1595 358 1637 quod
374 1595 503 1627 familia
517 1596 563 1628 sit
577 1597 660 1638 Itia,
673 1607 836 1640 nusquam
854 1603 968 1630 autem

265 1645 370 1677 Iccia.
414 1645 450 1676 Is
463 1645 569 1678 fuisse
589 1647 717 1679 dicitur
739 1647 906 1689 Agrippae
931 1649 965 1680 in

265 1691 383 1726 Sicilia
399 1695 625 1744 Procuratora
646 1698 691 1729 ab
715 1707 827 1740 eoque
843 1699 966 1740 opimis

266 1744 396 1776 ibidem
412 1745 503 1786 agris
519 1746 680 1778 donatus.

313 1794 424 1826 Beatis
445 1804 527 1826 nunc
548 1796 689 1827 Arabum
709 1796 830 1829 invides
853 1798 967 1839 Gazis]

267 1843 424 1875 Grandes
439 1845 543 1885 igitur
556 1846 773 1878 accumulare
791 1848 968 1879 thesauros

266 1895 444 1925 statuisti?
487 1896 643 1927 Tantane
659 1901 713 1927 est
729 1898 881 1928 avaritiae
904 1899 968 1937 vis,

267 1941 462 1973 divitiarum
485 1945 656 1983 cupiditas
678 1950 788 1984 tanta,
808 1951 845 1977 ut
862 1945 969 1978 faciat

267 1995 301 2022 te
317 1992 496 2029 sapientiae
511 1993 741 2025 desertorem?
765 1996 897 2036 Beatis]
915 1997 969 2026 Ex

266 2041 425 2081 opinione
441 2042 546 2082 vulgi,
562 2051 660 2073 nemo
677 2042 758 2074 felix
777 2045 840 2075 nisi
860 2045 969 2075 dives.

311 2090 468 2132 Arabum]
492 2092 501 2108 ‘
513 2092 610 2122 Felix
623 2093 820 2132 appellatur
831 2092 970 2131 Arabia,

267 2141 391 2181 ingrati
408 2141 489 2172 licet
505 2144 540 2172 et
555 2139 634 2172 falsi
653 2141 876 2181 cognominis,
892 2151 968 2182 quae

267 2191 332 2222 lioc
347 2196 529 2230 acceptum
545 2191 678 2231 superis
691 2190 793 2231 ferat,
804 2201 879 2222 cum
894 2193 968 2232 p'lus

269 2251 312 2271 ex
330 2251 372 2272 eo
389 2240 506 2272 inferis
522 2241 662 2272 debeat.
708 2241 851 2272 Beatam
876 2242 967 2272 illam

269 2290 355 2322 fecit
366 2291 535 2322 hominnm
549 2291 651 2322 etiam
663 2292 695 2321 iu
712 2297 820 2323 morte
836 2292 968 2323 luxuria

270 2365 279 2374 .
292 2366 300 2374 .
315 2365 324 2374 .
338 2343 484 2375 ,Verum
519 2341 656 2373 Arabiae
682 2342 866 2374 etiamnum
892 2341 967 2373 feli·

270 2394 343 2424 cius
358 2401 451 2423 mare
468 2396 519 2423 est
534 2402 543 2422 :
580 2401 624 2422 ex
648 2391 707 2423 illo
725 2401 868 2433 namque
884 2402 970 2423 mar-

272 2443 400 2483 garitas
416 2442 544 2473 mittit:
569 2441 771 2482 minimaque
793 2447 968 2482 computa-

270 2493 365 2524 tione
395 2492 516 2524 millies
542 2495 688 2523 centena
713 2491 820 2523 millia
845 2497 969 2523 sester-

271 2543 356 2573 tium
374 2543 470 2573 aunis
483 2541 639 2572 omnibus
664 2542 773 2580 India,
795 2546 831 2572 et
852 2542 969 2580 Seres,

272 2592 517 2632 peninsulaque
535 2591 593 2622 illa
608 2590 750 2631 imperio
766 2595 883 2622 nostro
900 2591 972 2622 adi-

273 2645 380 2671 munt.
422 2641 531 2672 'Panto
549 2636 791 2671 nobis'deliciae
808 2646 843 2672 et
863 2640 972 2672 foemi-

272 2699 326 2721 nae
344 2689 526 2720 coustant!
551 2690 640 2720 Plin.
659 2698 728 2720 xu-
743 2692 794 2720 18.

321 2740 434 2780 Gazis]
460 2740 601 2770 Persica
619 2749 694 2770 vox.
711 2739 828 2780 Virgil.
842 2739 972 2771 AEneid.

1021 1509 1047 1530 1.
1078 1503 1113 1530 et
1144 1508 1184 1530 ιι.
1217 1499 1227 1517 ‘
1248 1498 1350 1530 Troia
1378 1496 1488 1538 gaza!
1538 1495 1631 1528 Tull.
1658 1504 1719 1536 pro

1022 1550 1144 1590 Pomp.
1167 1553 1175 1567 ‘
1191 1549 1260 1582 Qui
1281 1549 1323 1580 ab
1345 1557 1429 1580 auro
1450 1555 1602 1588 gazaque
1625 1546 1719 1584 regia

1021 1608 1138 1630 manus
1155 1597 1400 1630 abstinuisset?

1063 1651 1084 1679 2
1107 1648 1220 1679 Acrem
1248 1647 1398 1678 militiam
1422 1655 1516 1686 paras
1545 1645 1620 1676 Non
1647 1647 1721 1675 anie

1019 1698 1152 1730 devictis
1180 1697 1301 1729 Saboeoe
1334 1695 1491 1736 Regibus]
1539 1694 1629 1726 Acer
1661 1694 1721 1725 ha-

1022 1748 1124 1779 bendi
1141 1748 1241 1779 ardor
1259 1757 1299 1779 ac
1324 1742 1514 1778 ditescendi
1531 1753 1644 1775 acrem
1660 1743 1722 1774 mi-

1021 1797 1146 1829 litandi
1166 1797 1313 1829 animum
1339 1801 1435 1827 creat
1457 1794 1602 1825 scilieet.
1647 1793 1723 1824 Non

1021 1850 1095 1879 ante
1106 1847 1253 1887 devictis]
1279 1845 1387 1877 Victis
1410 1844 1488 1875 olim
1511 1843 1554 1874 ab
1573 1841 1724 1874 Alexan-

1023 1898 1097 1932 dro,
1123 1896 1184 1927 sed
1214 1894 1363 1927 nondum
1389 1903 1409 1925 a
1438 1893 1612 1925 Romanis.
1668 1892 1723 1928 Ex

1023 1948 1133 1978 Dione
1149 1946 1208 1978 lib.
1224 1953 1304 1977 mn.
1325 1943 1431 1976 AElius
1451 1943 1570 1975 Gallus
1595 1940 1723 1982 AEgyp-

1023 1998 1046 2027 ti
1073 2006 1199 2036 praeses
1224 1996 1257 2026 in
1283 1994 1447 2026 Arabiam
1472 2003 1548 2024 cum
1565 1991 1723 2031 exercitu

1024 2045 1130 2082 venit,
1151 2045 1342 2083 multasque
1362 2043 1463 2073 urbes
1479 2042 1586 2082 cepit.
1631 2040 1723 2072 Plin-

1024 2102 1072 2124 νι.
1088 2095 1141 2123 28.
1160 2092 1221 2123 sub
1237 2091 1338 2122 finem
1352 2102 1360 2121 z
1385 2093 1394 2108 ‘
1410 2089 1586 2128 Romaua‚'
1600 2089 1724 2130 iuquit,

1024 2145 1033 2160 ‘
1047 2152 1140 2173 arma
1155 2142 1246 2172 solus
1262 2140 1294 2171 in
1312 2149 1386 2170 eam
1406 2144 1531 2170 terram
1548 2137 1657 2169 adhuc
1673 2138 1723 2168 iii-

1023 2193 1103 2223 tulit
1121 2191 1225 2221 AElius
1239 2189 1356 2220 Gallus
1370 2197 1414 2219 ex
1427 2187 1579 2228 equestri
1591 2186 1723 2217 ordine.

1024 2242 1112 2272 Nam
1140 2240 1179 2272 C.
1211 2239 1327 2270 Caesar
1353 2235 1503 2277 Augusti
1528 2235 1616 2267 filius
1647 2245 1723 2276 pro-

1023 2290 1136 2332 spexit
1151 2293 1283 2320 tantum
1302 2287 1475 2319 Arabiam.
1519 2285 1640 2317 Gallus
1661 2294 1722 2325 op-

1023 2340 1104 2381 pida
1119 2338 1224 2369 diruit
1238 2358 1360 2369 ......
1373 2336 1493 2367 retulit
1509 2334 1650 2367 Sabaeos
1671 2334 1720 2365 di-

1023 2389 1170 2421 tissimos
1185 2388 1353 2428 sylvarum
1377 2385 1559 2417 fertilitate
1575 2383 1723 2416 odorife-

1022 2449 1073 2478 ra,
1085 2438 1159 2469 auri
1174 2437 1332 2476 metallis,
1343 2445 1499 2476 agrorum
1512 2434 1630 2475 riguis,
1641 2435 1725 2465 mel-

1022 2489 1063 2519 lis
1083 2496 1237 2529 ceraeque
1260 2484 1456 2527 proventu.’
1500 2485 1609 2515 Pon-0
1634 2483 1724 2514 Saba

1020 2537 1129 2569 felicis
1146 2536 1283 2568 Arabiae
1308 2535 1426 2566 civitas
1447 2535 1480 2566 in
1506 2538 1622 2566 moute
1646 2543 1723 2574 per-

1025 2589 1136 2629 ampla
1149 2592 1186 2618 et
1202 2586 1295 2627 regia
1309 2585 1506 2617 Sabaeorum
1522 2594 1530 2614 ε
1560 2583 1619 2614 ubi
1634 2583 1724 2622 thus,

1025 2639 1171 2679 myrrha,
1191 2637 1295 2674 casia,
1318 2635 1564 2666 cinnamomum
1587 2632 1724 2664 abunde

1027 2687 1241 2729 proveniunt.
1284 2684 1372 2716 Vide
1399 2682 1488 2715 infra
1513 2683 1583 2716 od.
1606 2690 1724 2714 xxxv.

1027 2738 1109 2770 Not.
1123 2735 1165 2768 ad
1182 2745 1228 2767 vs.
1243 2737 1293 2766 31.
