1916 3190
305 246 390 289 150
782 259 823 296 Q.
855 257 1067 290 noRA'ru
1099 259 1275 290 rumor

362 351 494 394 Circa
509 352 617 394 mite
637 352 781 394 solum
800 351 996 402 Tiburis,
1016 358 1061 394 et
1080 354 1250 395 moenia
1269 351 1422 394 Catili.

362 419 509 460 Siccis
527 420 676 461 omnia
694 431 796 461 nam
817 420 928 461 dura
949 420 1072 467 Deus
1100 420 1330 474 proposuit
1348 433 1360 473 ;
1382 431 1528 474 neque

363 485 599 528 Mordaces
619 487 746 530 aliter
765 486 1003 541 diffugiunt
1022 488 1339 530 solicitudines.

304 634 373 657 ram
389 626 525 668 Tiburis,
545 638 582 659 ac
606 638 707 660 muros
725 629 846 661 Catilli.

892 628 1015 661 Sabi-iis
1039 629 1122 661 enim
1143 633 1256 661 cuncta
1275 628 1391 669 proebet
1415 626 1528 668 gravia
1543 625 1643 658 Dens.
1687 623 1758 657 Nec

915 731 1151 745 OWOOOOO

301 803 376 843 pius
391 812 454 844 pro
473 804 563 845 prius
577 805 724 837 Mentel.
737 809 880 846 stupore
893 806 1038 844 librarii,
1051 806 1111 847 qui
1123 806 1360 845 compendium
1374 814 1440 837 non
1454 807 1607 845 caperet.
1609 805 1672 834 —2
1696 801 1759 833 Ca-

305 845 367 876 tilla·
381 855 496 878 omnes
512 847 631 888 scripti
644 848 745 879 codd
759 848 919 889 Crnquii3
945 849 1097 890 euthym,
1109 849 1254 888 Cathilli,
1269 853 1305 880 et
1329 848 1441 879 catilli
1457 847 1533 879 libri
1548 845 1681 877 exarati
1701 853 1755 884 ap.

305 887 465 920 Torrent.
513 890 645 930 Catulli,
661 890 794 931 Cathili,
812 891 955 932 Cathyli,
971 891 1091 931 Catuli,
1109 891 1230 922 Chutili
1245 891 1302 922 alii
1317 900 1372 932 ap.
1386 890 1479 923 Jani.
1481 891 1543 920 —8
1567 887 1670 920 Siccis
1694 895 1758 918 om-

964 1005 1106 1038 NOTAE

346 1090 367 1119 2
390 1087 474 1118 Mite
487 1089 599 1130 solum]
623 1088 716 1120 Plin.
735 1098 831 1122 xvu.
851 1094 883 1123 ⁵.
905 1094 915 1109 ⁴
931 1091 1006 1132 Op-

304 1137 388 1169 tima
411 1142 504 1168 terra
530 1143 584 1169 est
609 1148 685 1179 quae
717 1145 859 1172 vocatur
889 1141 1005 1182 pulla3

302 1192 434 1227 tenera,
461 1192 663 1229 temperatae
688 1189 868 1231 ubertatis,
895 1192 1006 1223 mollis

301 1237 483 1279 facilisque
504 1238 662 1279 culturae,
682 1248 750 1271 nec
773 1241 925 1280 madida,
941 1250 1005 1272 nec

300 1287 435 1327 sitiens,
444 1292 524 1328 post
532 1297 703 1320 vomerem
710 1290 905 1322 nitescens:
917 1290 1007 1322 Ibid.

305 1340 316 1356 ⁴
334 1337 497 1379 Optimus
519 1347 600 1379 ager
618 1344 672 1370 est
688 1339 730 1370 ad
748 1339 899 1372 radicem
913 1350 1008 1372 mon-

305 1387 404 1428 tium,
435 1388 579 1429 planitie
610 1388 644 1420 in
678 1389 854 1421 meridiem
887 1400 1010 1422 excur-

304 1445 428 1477 rente3
461 1439 517 1480 qui
546 1439 651 1471 totius
674 1444 728 1471 est
755 1440 866 1472 Italiae
890 1442 1008 1473 situs:’

306 1497 351 1520 ex
365 1488 497 1520 Catone
514 1497 644 1520 xxxiv.
659 1493 692 1522 5.
726 1490 902 1522 Columell.
918 1500 959 1522 11.
973 1493 1006 1523 2.

306 1543 343 1571 et
357 1547 414 1572 ιιι.
431 1541 484 1570 ll.

353 1588 493 1629 Tiburis]
515 1589 572 1621 De
598 1599 640 1621 ea
665 1590 751 1621 urbe
772 1591 844 1632 jam
869 1595 949 1623 ante
965 1592 1007 1623 ad

307 1637 377 1670 od.
392 1647 459 1670 vn.
472 1638 572 1670 hodie
590 1639 712 1671 Timoli.-
738 1640 803 1672 sita
819 1644 873 1672 est
888 1641 931 1672 ad
946 1639 1008 1672 flu-

306 1687 399 1719 vium
417 1688 598 1727 Anienem,
620 1689 654 1720 in
677 1689 880 1722 Sabinorum
904 1690 1009 1723 confi-

305 1738 375 1775 nio,
391 1739 554 1780 singulari
570 1748 652 1771 vero
668 1740 796 1780 gaudet
818 1741 907 1774 aeris
925 1746 1009 1774 tem-

306 1789 415 1830 perie.
458 1789 553 1821 Hinc
569 1788 657 1821 forte
680 1790 755 1822 mite
775 1791 874 1823 salum
891 1793 1009 1833 appel-

305 1838 408 1871 latur.
431 1843 440 1857 ‘
456 1838 617 1871 Tiburtes
629 1839 794 1880 originem
807 1841 916 1872 multo
928 1846 1010 1873 ante

308 1887 452 1920 Romam
464 1888 604 1921 habent.
640 1890 808 1923 Conditor
822 1884 1012 1923 eorum'Ti·

307 1937 443 1976 burnis,
469 1947 570 1979 quem
603 1938 710 1970 filium
739 1939 840 1971 fuisse
871 1941 1011 1973 tradunt

309 1985 521 2026 Amphiarai,
537 1987 592 2027 qui
612 1988 703 2028 apud
726 1988 858 2020 Thebas
876 1989 1010 2026 obierit,

307 2045 378 2067 una
390 2041 495 2068 aetate
504 2042 581 2068 ante
592 2037 735 2068 Iliacum
747 2038 899 2070 bellurn!
918 2040 1010 2071 Plin.

310 2094 392 2118 xvr.
407 2088 462 2117 44.

351 2136 475 2168 Moem‘a
491 2136 606 2177 Catili]
621 2136 749 2168 Urbem
760 2136 873 2168 Tibur
885 2138 1010 2169 iterum

309 2185 484 2228 designari
505 2186 580 2218 aliis
603 2185 717 2217 verbis
739 2185 855 2217 aiunt:
881 2187 1010 2228 quippe

309 2247 411 2279 qnam
440 2245 547 2278 opera
582 2237 752 2268 communi
782 2237 1011 2269 condiderunt

308 2286 508 2327 Amphiarai
521 2285 583 2318 tilii
599 2291 671 2318 tres
689 2285 868 2327 Tiburtus,
881 2287 1010 2328 Corax,

309 2337 467 2378 Catillus,
478 2347 518 2369 ac
534 2336 578 2368 de
591 2337 731 2369 nomine
741 2335 857 2368 fratris
874 2337 1011 2368 maximi

309 2392 393 2419 natu
409 2387 636 2428 appellarunt.
661 2387 783 2429 Virgil.
795 2387 929 2419 AEneid.
944 2395 1010 2418 vu.

309 2440 386 2470 6⁷0.
409 2438 519 2470 ‘Tum
543 2437 671 2478 gemini
696 2436 824 2469 fratres
851 2437 1012 2469 Tiburtia.

309 2488 436 2520 moenia
450 2488 619 2529 linquunt,
637 2487 764 2518 Fratris
785 2486 920 2519 Tiburti
939 2487 1012 2519 dic-

311 2543 381 2570 tam
402 2539 604 2578 cognomine
619 2544 770 2579 gentem,
785 2537 1012 2580 Catillusque,

309 2598 457 2630 acerque
471 2589 589 2629 Coras,
601 2587 729 2630 Argiva
739 2586 926 2629 juventus!
947 2588 1013 2620 Re-

309 2643 443 2678 pugnat
459 2648 541 2669 vero
563 2638 691 2670 Theod.
713 2638 850 2670 Marcil.
863 2637 925 2670 cit.
940 2642 1011 2670 tum

312 2686 402 2728 quod
419 2687 468 2718 bis
485 2687 575 2719 idem
591 2697 771 2729 perperam
784 2687 928 2719 dixisset
940 2686 1012 2719 Ho-

311 2737 430 2774 ratius,
453 2742 523 2768 tum
542 2737 632 2778 quod
657 2747 700 2769 ex
725 2737 858 2778 servio,
881 2736 925 2768 ad
952 2737 1012 2769 cit.

311 2787 388 2819 AEn.
417 2788 541 2827 locum,
569 2787 644 2819 aliae
677 2795 812 2828 quoque
843 2786 943 2819 urbes
969 2787 1012 2819 ab

1060 1092 1127 1124 illis
1149 1091 1315 1124 fratribus
1339 1090 1519 1123 aedifieatoe
1543 1087 1758 1121 referuntur:

1059 1142 1304 1184 contenditque
1318 1141 1431 1174 moeniu
1451 1139 1560 1180 Catili,
1575 1147 1652 1171 esse
1665 1146 1760 1170 mm-

1058 1197 1130 1224 tem
1146 1193 1274 1225 Catilli.
1297 1193 1431 1225 Catilns
1443 1195 1570 1230 antem,
1583 1188 1760 1222 montil-

1059 1243 1123 1283 lus,
1137 1242 1247 1275 Arcas
1262 1243 1379 1275 classis
1391 1241 1543 1274 Evandri
1556 1239 1761 1281 prefectum

1060 1292 1180 1330 Tibur,
1196 1292 1256 1333 qui
1281 1297 1318 1324 et
1339 1291 1511 1324 Tiburnus
1533 1294 1570 1322 et
1585 1288 1761 1323 Tiburtus,

1061 1341 1138 1382 ejus
1154 1340 1261 1373 frater
1275 1341 1356 1374 fuit.
1547 1383 1549 1385 Ι

1106 1394 1126 1422 3
1148 1391 1247 1423 Siccis
1265 1392 1369 1423 omniu
1392 1400 1466 1422 nam
1488 1391 1580 1427 dura,
1598 1386 1670 1428 qm]
1693 1385 1762 1419 Qui

1063 1445 1187 1471 natura
1210 1440 1329 1477 vinosi,
1346 1444 1426 1471 sunt
1450 1439 1652 1480 plerumque
1678 1435 1761 1467 bila-

1062 1499 1129 1530 res,
1143 1490 1302 1532 nullaque
1328 1494 1389 1522 aut
1410 1488 1511 1520 valde
1533 1487 1657 1528 exigua
1678 1494 1762 1517 cura

1062 1545 1224 1582 torquere
1253 1549 1291 1571 se
1319 1541 1591 1575 consueverunt;
1628 1539 1761 1574 contra,

1062 1590 1168 1621 sobrii
1188 1599 1242 1622 res
1260 1590 1396 1631 penitus
1412 1587 1641 1626 considerant,
1657 1591 1762 1627 atque

1061 1640 1140 1672 hinc
1156 1640 1296 1680 soliciti,
1308 1638 1479 1678 difficiles,
1492 1647 1532 1670 ac
1547 1637 1671 1669 morosi
1685 1644 1762 1667 esse

1062 1690 1188 1721 solent.
1221 1690 1338 1723 Quare
1349 1690 1429 1721 dum
1443 1693 1478 1720 et
1491 1687 1611 1728 gravia
1625 1686 1675 1717 his
1687 1694 1763 1716 esse

1060 1745 1180 1772 notum
1193 1745 1258 1780 est,
1270 1749 1345 1782 quoe
1358 1739 1433 1771 aliis
1441 1739 1544 1771 levia.
1565 1737 1663 1769 Sicut
1672 1736 1764 1768 enim

1063 1790 1176 1822 omnia
1192 1800 1276 1822 sana
1290 1790 1393 1829 sanis,
1406 1794 1443 1821 et
1457 1793 1587 1826 contra,
1601 1787 1651 1818 sie
1673 1786 1765 1817 tristi

1063 1841 1200 1882 ingenio
1224 1839 1378 1881 praeditis
1405 1839 1520 1871 tristia
1537 1842 1618 1870 sunt
1639 1836 1764 1876 onnia,

1064 1891 1146 1923 laeta
1162 1900 1243 1923 vero
1258 1895 1318 1922 aut
1333 1890 1455 1922 saltem
1476 1897 1597 1930 parum
1616 1885 1765 1919 molesta

1065 1940 1231 1982 quaelibet
1250 1939 1382 1981 jocosis
1406 1947 1447 1970 ae
1469 1936 1602 1970 festivis
1622 1934 1765 1967 homini-

1066 1989 1139 2020 bus.
1183 1989 1300 2030 Siccis]
1325 1988 1416 2021 Vino
1439 1997 1506 2020 uon
1527 1985 1686 2025 madidis,
1712 1994 1766 2017 so·

1066 2037 1160 2075 briis,
1168 2038 1311 2078 jejunis.
1334 2038 1452 2070 Plaut.
1463 2037 1500 2069 in
1510 2037 1631 2069 Persa.
1645 2036 1657 2054 ⁴
1668 2034 1764 2069 Jam—

1065 2086 1123 2117 din
1144 2086 1273 2118 factum
1295 2091 1360 2125 est,
1374 2096 1450 2118 cum
1474 2086 1645 2118 bibimus:
1667 2085 1765 2117 nimis

1065 2135 1148 2167 sicci
1164 2135 1305 2167 sumus!
1336 2136 1425 2167 Tull.
1440 2140 1561 2167 contra
1578 2135 1713 2166 Rullum
1729 2135 1764 2166 in

1064 2186 1216 2218 Senatu:
1241 2186 1251 2204 ‘
1268 2185 1324 2216 An
1349 2185 1491 2217 consilia
1519 2184 1700 2223 siccorum,
1721 2194 1765 2216 an

1065 2236 1314 2267 vinolentorum
1323 2234 1454 2266 somnia
1462 2233 1619 2266 videntur
1625 2233 1649 2265 ?'
1664 2234 1763 2266 Pers.

1064 2285 1169 2317 Satir.
1183 2294 1220 2318 v.
1237 2287 1311 2316 163.
1330 2285 1340 2302 ‘
1355 2283 1411 2316 An
1426 2283 1526 2316 siccis
1539 2283 1689 2317 dedecus
1702 2285 1763 2317 ob·

1064 2340 1150 2366 stem
1164 2334 1327 2375 Cognatis
1339 2333 1363 2365 !'

1108 2385 1217 2425 Neque
1233 2385 1399 2416 Mor-duces
1418 2385 1512 2416 aliter
1523 2383 1701 2424 diffugiunt
1714 2393 1764 2415 so-

1064 2434 1258 2475 licitudines]
1275 2433 1348 2466 Lib.
1358 2434 1474 2467 Judic.
1489 2442 1566 2476 cap.
1579 2442 1631 2465 rx.
1646 2437 1656 2452 ⁸
1667 2433 1763 2464 Mus·

1059 2487 1135 2515 ‘tum
1151 2484 1226 2515 Deo
1245 2489 1282 2515 et
1301 2483 1492 2515 hominibus
1508 2483 1663 2515 letitiam
1678 2483 1763 2515 dare

1063 2533 1180 2565 solet.’
1217 2534 1373 2574 Sapient.
1389 2541 1494 2564 xxxr.
1517 2534 1528 2551 ‘
1545 2533 1636 2566 Date
1649 2532 1763 2564 vinnm

1062 2584 1107 2616 iis
1120 2583 1180 2626 >qui
1196 2593 1309 2615 amaro
1325 2587 1405 2615 sunt
1419 2583 1553 2615 animo:
1577 2582 1712 2624 bibant,
1725 2588 1764 2615 et

1064 2634 1308 2667 obliviscantur
1324 2633 1489 2674 egestatis
1504 2642 1596 2672 suae,
1587 2643 1595 2650 ·
1617 2638 1654 2664 et
1669 2632 1763 2665 dolo-

1065 2685 1110 2717 ris
1146 2685 1198 2716 sui
1236 2693 1304 2716 non
1335 2693 1388 2716 am
1395 2684 1481 2725 plius
1512 2682 1762 2715 recordentur.

1065 2735 1196 2768 Psalm.
1213 2743 1293 2768 cur.
1306 2735 1319 2753 ⁴
1333 2733 1624 2767 Vinumlaetiflcet
1633 2733 1763 2767 corbo·

1064 2785 1187 2818 minis?
