1916 3190
198 261 219 280 0
636 246 906 280 cananum
941 246 1036 278 mn.
1066 246 1097 278 1.
1125 236 1196 277 28.

1557 235 1640 278 1ae

702 413 849 456 ODE-
876 412 1126 456 XXVIII.

195 517 360 560 Archytas
374 518 551 551 Tarentini
567 519 682 551 eximii
707 518 931 560 Pythagorici
953 517 1125 558 exemplo,
1136 516 1194 559 qni
1210 517 1245 548 in
1260 516 1378 548 littore
1395 515 1528 557 Apuliae
1545 524 1565 546 a
1579 516 1640 546 mi-

237 579 314 603 sero
328 569 506 613 naufragio
520 570 580 603 diu
594 571 788 603 inhumatus
802 570 929 611 jacuit,
943 569 1097 601 ostendit
1111 568 1202 600 idem
1224 567 1333 600 fatum
1349 572 1386 599 et
1400 567 1504 599 bonos
1519 571 1555 598 et
1570 577 1641 598 ma-

239 625 291 656 los
305 624 340 656 in
354 624 417 656 bac
431 623 504 655 vita
516 633 666 656 manere.
708 623 841 655 Callida
855 622 1005 665 pilosia,
1024 622 1097 654 sive
1118 621 1311 663 Hyponoea,
1335 621 1435 652 Bruti
1458 620 1510 651 sui
1531 618 1639 651 fatum

237 675 358 718 deflet,
368 675 544 718 flebilique
554 681 590 709 et
602 676 749 717 simplici
763 683 919 708 serruone
933 674 1027 706 dolet
1042 683 1206 706 summam
1219 674 1381 706 virtutem
1397 673 1457 705 tali
1472 673 1544 704 viro
1559 673 1640 704 nihil

237 727 420 771 profuisse.
462 728 619 771 (Fateor,
632 737 687 760 me
701 737 813 770 neque
832 727 977 759 Brutum
994 727 1047 759 liic
1070 726 1237 765 invenire,
1252 735 1363 767 neque
1382 725 1482 756 aliam
1499 723 1636 766 Allego-

237 781 323 814 riam
337 781 394 813 vel
406 781 578 822 Dilogian,
591 786 651 813 aut
665 781 853 814 irrisionem
868 779 955 812 adeo
962 779 1096 812 'Parutii
1112 779 1214 820 illius,
1229 778 1274 811 de
1288 788 1357 820 qno
1368 778 1443 810 Cic.
1460 777 1503 809 de
1519 777 1637 809 Divin.

239 842 283 866 n.
294 835 350 865 ⁴⁶1.
372 833 532 874 Suspicor
541 833 656 875 potius
665 833 767 866 animi
775 841 887 869 causa,
896 841 1107 875 quacumque
1117 831 1284 863 invitante
1294 831 1484 871 occasione,
1499 829 1640 862 Poetam

183 918 191 927 ,
236 885 294 917 vel
316 894 337 917 e
352 884 477 918 Gneo
496 886 716 927 expressisse,
739 886 793 917 vel
814 886 923 926 ipsum
942 885 1064 917 lusisse
1080 884 1186 916 talem
1201 893 1280 916 cum
1297 883 1451 925 Archyta
1473 883 1641 924 Dialogis-

236 947 341 978 mum,
360 947 429 980 quo
444 938 629 970 vanitatem
644 938 831 970 studiorum
854 938 1077 970 humanorum
1099 942 1219 969 contra
1238 937 1424 968 Fortunam
1439 941 1476 968 et
1497 941 1640 968 mortem

236 989 398 1022 ostendit.
452 989 583 1031 Incipit
597 995 710 1022 autem
732 995 837 1022 nauta
859 989 951 1032 apud
967 989 1117 1022 cadaver
1131 988 1295 1030 Archytae
1311 988 1464 1021 miserari
1480 989 1553 1030 ejiis
1568 997 1638 1020 sor·

238 1046 320 1074 t...
343 1041 459 1083 cm.)

307 1127 382 1170 ΤΕ
401 1128 536 1168 maris
552 1117 596 1168 et
613 1130 741 1169 terrae
760 1138 1028 1180 numeroque
1049 1125 1238 1167 carentis
1256 1137 1400 1166 arenae

368 1193 621 1236 Mensorem
643 1193 859 1242 cohibent,
881 1192 1096 1249 Archyta,

243 1286 1456 1351 oAraytsstefiuin-aretmmqueetubulminnambiledi-mu
1472 1307 1643 1344 ema-fici

797 1394 918 1407 ’,ΟΜ

919 1392 1038 1408 ooooo

238 1445 351 1488 Hujus
367 1446 460 1478 Libri
478 1446 555 1478 Ode
570 1447 672 1480 tertia
687 1449 721 1480 in
737 1448 803 1481 Ed.
817 1449 1000 1481 Sanadoui.
1047 1447 1241 1490 Epigraplie
1256 1447 1292 1478 in
1305 1446 1449 1479 Mentel.
1473 1445 1642 1477 Gen-em

194 1488 340 1528 esp-lus
351 1489 391 1521 de
403 1489 572 1530 anisi-agio
581 1501 595 1528 ,-
617 1491 759 1523 Venett.
773 1491 917 1524 Ascens.
931 1497 966 1524 et
982 1491 1125 1524 Locher.
1149 1490 1299 1522 Ostendit
1311 1493 1442 1521 morte-
1454 1496 1642 1519 comanae-n

846 1578 987 1610 NOTAE

235 1638 388 1670 Metram
408 1643 462 1671 est
483 1639 574 1671 idem
594 1640 685 1682 quod
699 1650 803 1682 supra
818 1640 887 1672 od.

197 1697 265 1720 vn.

238 1739 257 1768 1
282 1738 327 1770 Te
339 1738 524 1778 migma]
546 1737 771 1779 Idolopoeiam
785 1738 888 1778 iusig-

192 1794 284 1825 nem,
296 1786 393 1818 simul
418 1792 455 1819 et
477 1787 667 1818 irrisionem
685 1787 889 1828 Pythagori-

195 1843 247 1866 σε
262 1834 451 1875 disciplina.-
466 1835 606 1866 exhibet
625 1835 801 1875 Horatius,
815 1837 890 1876 ipse

195 1884 334 1926 quidem
357 1884 568 1924 Epicureus:
601 1883 755 1924 inprimis
775 1889 889 1916 antem

196 1933 309 1973 carpit
322 1933 584 1964 Mathematicus
598 1937 689 1964 artes
700 1933 888 1965 divinandi.

195 1983 335 2015 Inducit
358 1989 496 2015 nautam
515 1983 616 2015 obvio
638 1983 798 2016 cadaveri
825 1983 888 2015 Ar-

195 2031 306 2073 cbytae
348 2041 417 2064 non
456 2032 578 2063 leviter
609 2032 887 2073 exprobrantem,

196 2081 288 2124 quod
309 2081 428 2113 misere
447 2080 580 2121 jaceat.
610 2089 675 2112 uec
700 2079 887 2122 Babyloni-

194 2134 310 2163 corun
334 2138 550 2162 numerorum
576 2139 642 2171 ope
675 2137 745 2162 tam
774 2130 886 2163 dirum

183 2173 304 2212 ‘fai-in
317 2178 467 2211 evitarit.
510 2179 603 2211 Ecce
619 2189 701 2211 vero
720 2180 790 2213 Jul.
805 2181 887 2212 Sca-

190 2229 276 2271 liger
289 2229 450 2261 humilem
467 2230 605 2271 stylum,
627 2230 886 2272 interruptaque

180 2279 357 2312 'orassonia
380 2278 533 2310 membra
554 2279 695 2321 culpat:
728 2280 885 2312 nimirum

191 2329 259 2362 boe
273 2329 358 2361 vitio
372 2328 433 2360 dat
448 2329 538 2370 quod
554 2334 629 2361 erat
645 2329 735 2361 laudi
750 2336 886 2362 verten-

193 2378 286 2412 dum.
320 2379 446 2420 Agitur
459 2378 503 2410 de
517 2379 687 2412 humando
700 2379 885 2412 cadavere:

191 2428 363 2471 Archytas
389 2432 515 2460 sortem
543 2438 638 2461 suam
659 2430 885 2463 lamentatur:

195 2485 239 2521 an
251 2488 318 2511 nou
333 2479 402 2510 ista
414 2477 518 2511 decet
532 2480 642 2511 oratio
657 2480 794 2511 tenuis?
831 2480 887 2511 Au

194 2529 481 2571 magniloquentia
495 2528 550 2560 liic
572 2530 804 2570 congrueret?
839 2529 888 2560 At

195 2577 339 2620 Insurgit
358 2579 416 2610 ille
439 2588 562 2621 porro:
592 2579 695 2621 ‘quid
715 2579 806 2621 qnod
822 2579 887 2610 sibi

196 2625 310 2658 Po'eta
321 2627 525 2660 contradicit
535 2627 561 2659 Ρ
582 2629 648 2660 &c.
685 2629 774 2660 Vide
799 2627 887 2659 iufra

193 2683 245 2708 vs.
257 2677 312 2707 Β.

241 2725 285 2757 Te
299 2725 397 2757 aar&
417 2728 448 2756 ee
466 2729 572 2767 ίαν-ιε,
591 2727 663 2768 ξω]
691 2727 886 2770 Alloquitur

197 2774 311 2807 Poeta
326 2774 528 2815 Archytam:
561 2777 687 2808 siccine
712 2777 811 2809 deest
834 2782 887 2808 sat

942 1642 1093 1682 pulveris
1111 1640 1153 1672 ad
1170 1639 1392 1681 operiendum
1415 1641 1524 1669 totum
1540 1637 1641 1669 cada·

942 1691 1025 1721 ver?
1049 1690 1151 1732 idque
1162 1689 1236 1721 fata
1249 1692 1377 1728 negant
1388 1687 1464 1723 tibi.
1476 1686 1534 1728 qni
1549 1686 1642 1718 Geo-

942 1744 1051 1771 metra
1065 1740 1236 1780 egregius,
1250 1738 1535 1778 Astrologusque,
1550 1740 1587 1767 et
1605 1737 1641 1766 in

943 1788 1173 1829 Pythagorica
1193 1787 1374 1827 disciplina
1392 1785 1569 1826 perfectus
1589 1784 1642 1816 fn-

944 1838 996 1869 isti
1009 1838 1022 1868 ?
1044 1837 1152 1868 Aiunt
1163 1837 1254 1878 apud
1269 1836 1451 1878 AEgyptios
1467 1835 1641 1867 inventam

943 1887 1089 1927 primum
1103 1887 1348 1919 Geometriam.
1370 1885 1456 1918 Cum
1471 1885 1562 1916 enim
1573 1884 1642 1916 nin·

942 1935 1030 1977 gulis
1045 1936 1142 1968 annis
1156 1935 1348 1967 exundaret
1368 1934 1481 1975 Nilus,
1502 1939 1539 1966 et
1558 1934 1640 1966 limo

941 1990 1068 2017 cuneta
1095 1989 1304 2026 coaequaret,
1337 1987 1378 2016 ut
1403 1983 1462 2015 illo
1490 1982 1639 2015 abeunte

940 2034 1025 2065 nulli
1036 2043 1196 2074 agrorum
1212 2034 1350 2073 limites,
1360 2033 1457 2064 unua
1471 2032 1639 2065 discrimi-

939 2092 985 2115 na
1005 2089 1224 2124 apparerent,
1246 2089 1350 2125 atque
1370 2083 1449 2114 lites
1469 2082 1549 2114 binc
1569 2081 1639 2114 fre-

939 2138 1098 2175 quentes,
1118 2134 1305 2174 orirentur,
1328 2138 1397 2164 tum
1414 2132 1551 2164 demum
1576 2142 1640 2174 per

939 2183 1046 2215 lineas
1060 2187 1097 2215 et
1119 2193 1295 2215 mensuras
1315 2183 1389 2224 agri
1410 2183 1521 2214 notati
1536 2188 1637 2214 suut:

940 2242 1091 2275 curaque
1102 2233 1163 2265 illa
1172 2232 1411 2264 sacerdotibus
1423 2231 1637 2263 demandata.

940 2283 1042 2314 Hauc
1071 2292 1175 2324 porro
1210 2282 1390 2314 scientiam
1421 2282 1463 2312 ad
1494 2281 1637 2313 Graecos

940 2332 1152 2363 transtulisse
1169 2331 1384 2372 Pythagoras
1398 2330 1517 2362 fertur.
1549 2330 1637 2362 Vide

940 2381 1025 2413 Coel.
1043 2381 1191 2421 Rhodig.
1207 2389 1317 2411 xvnr.
1331 2382 1385 2410 34.

983 2431 1179 2471 Num-oque
1188 2428 1433 2461 cerei-tisanae
1443 2428 1636 2469 Mensores-2]

939 2480 1173 2512 Ecclesiastici
1190 2488 1266 2518 cap.
1289 2486 1314 2508 1.
1338 2477 1510 2508 ‘Arenam
1533 2478 1635 2522 maris

940 2530 1015 2570 quis
1036 2528 1266 2560 dinumeravit
1278 2527 1302 2557 ?’
1329 2525 1469 2558 Pindar.
1494 2526 1634 2569 olymp.

941 2577 1011 2609 Od.
1033 2586 1075 2608 11.
1090 2577 1125 2607 in
1141 2575 1220 2615 fine,
1231 2574 1357 2616 ψάμμος
1370 2575 1495 2617 ἀριθμὸν
1510 2576 1636 2619 'qun'-

938 2632 1048 2667 φενγε,
1067 2636 1162 2658 arena
1177 2625 1273 2666 fugit
1296 2635 1467 2658 mnan.
1509 2626 1633 2660 Meam-

938 2676 1019 2716 ται]
1043 2675 1254 2716 Hyperbole.
1287 2675 1438 2716 Scilicet,
1452 2676 1544 2718 quod
1558 2683 1635 2709 erat

939 2724 1182 2757 innumerabile
1206 2725 1331 2756 ceteris
1357 2725 1431 2766 ipse
1454 2734 1631 2758 numerare

940 2775 1123 2817 potuisset.
1165 2773 1220 2806 An
1239 2775 1380 2816 respicit
1401 2774 1565 2808 Horatius
1588 2776 1630 2808 ad
