1916 3190
309 236 392 278 132

785 250 830 287 Q.
864 246 1077 279 HORATu
1112 248 1285 280 FLAcci

473 342 503 385 J
506 347 630 385 actes
652 345 695 384 et
713 355 847 396 genus
867 347 910 384 et
930 355 1085 383 nomen
1107 343 1262 384 inutile
1279 356 1291 394 ;

478 410 557 452 Nil
579 410 712 463 pictis
734 410 912 451 timidus
936 409 1086 449 navita
1107 409 1336 462 puppibus

537 475 679 517 Fidit:
709 480 770 525 tu,
789 476 878 517 nisi
899 475 1042 517 ventis

1708 478 1763 518 15

594 543 744 584 Debes
764 543 1012 591 ludibrium,
1035 555 1162 584 cave.

480 611 641 665 Nuper
660 611 876 652 solicitum
897 623 996 664 quae
1017 610 1124 651 mihi
1143 609 1342 658 taedium,

482 678 614 719 Nunc
634 678 903 719 desiderium
925 690 1120 731 curaque
1143 690 1233 718 non
1254 676 1383 725 levis,

540 745 765 786 Interfusa
785 746 972 785 nitentes

595 811 723 853 Vites
745 824 923 865 aequora
945 810 1176 865 Cycladas.
1707 809 1765 850 20

308 926 453 963 ostentes,
461 932 630 964 vanumque
643 921 778 960 famam.
824 921 935 953 Nauta
960 922 1156 954 meticulosus
1171 923 1253 954 Ιιιιιιά
1278 920 1408 964 confidit
1421 920 1515 962 pictoe
1537 919 1647 962 puppi.
1695 918 1766 950 Tibi

307 966 459 1006 prospice,
474 966 537 997 nisi
556 964 658 997 ventis
671 964 706 995 in
713 964 822 1003 jocum
835 973 868 994 es
882 964 1052 995 destinata.

1099 964 1146 995 Tu
1164 975 1232 1005 quoe
1246 964 1325 995 milti
1344 973 1442 1003 nuper
1461 973 1510 994 mo
1641 961 1766 992 creabas

309 1007 526 1047 taedium,jam
548 1017 621 1038 vero
636 1007 822 1038 desiderium
836 1015 873 1037 ac
884 1006 1118 1037 solicitudinem
1131 1006 1215 1038 haud
1229 1005 1482 1046 modicam,suge
1497 1005 1597 1037 maria
1613 1004 1766 1045 cycladas

310 1050 476 1081 emicantes
491 1049 723 1090 interfluentia.

923 1098 1043 1111 cccccc

1045 1097 1163 1110 000000

310 1169 344 1198 2.
360 1165 579 1206 improbante
605 1165 697 1198 Jani.
732 1166 814 1197 malo
836 1175 923 1197 voces
950 1174 1039 1196 unus
1062 1165 1264 1197 Bersmanni
1288 1169 1323 1197 et
1346 1165 1449 1197 Dess.
1462 1165 1580 1196 2.-13
1601 1162 1712 1195 δαείω
1733 1164 1768 1193 tu

308 1208 435 1248 generis
449 1217 556 1239 nomen
571 1208 683 1239 inutile
699 1207 793 1248 Lips.
807 1210 927 1240 4.-14
949 1207 1052 1240 Galei
1069 1206 1180 1239 codex
1194 1208 1291 1240 bonae
1306 1213 1398 1238 notae
1413 1217 1467 1248 ap.
1494 1205 1607 1237 Bentl.
1630 1204 1768 1236 tumidus

310 1261 343 1282 n.
357 1261 390 1291 p.
405 1250 519 1287 Fidit;
552 1250 727 1289 Scaliger-0
745 1251 886 1292 placuit,
910 1251 1048 1282 tumidus
1063 1260 1095 1281 n.

1115 1259 1150 1290 p.
1173 1250 1283 1282 Fidat.
1328 1250 1390 1281 Vir
1405 1249 1542 1290 quidam
1569 1247 1690 1279 doetus
1712 1255 1767 1287 tp.

310 1292 433 1325 Jones.
448 1292 537 1333 conj.
559 1293 671 1332 navita
686 1293 976 1333 aplustribus.—16
998 1291 1114 1332 Debes,
1139 1292 1308 1324 ludibrium
1326 1302 1398 1323 cave
1420 1291 1650 1323 Vascos.—18
1674 1289 1768 1320 Unus

310 1335 527 1373 Bersmanni,
549 1334 648 1366 Dess.
663 1338 695 1366 2.
721 1339 758 1366 et
783 1335 880 1366 Harl.
897 1337 930 1366 1.
952 1344 1008 1366 nec
1033 1335 1208 1367 levis.—19
1232 1335 1310 1366 Duo
1335 1334 1429 1375 Lips.
1454 1333 1597 1365 Ascens.
1622 1331 1766 1372 Cuning.

313 1377 384 1418 alii,
406 1376 595 1416 Inter-susa.
641 1377 741 1408 Harl.
755 1380 787 1409 1.
803 1380 834 1409 4.
853 1377 1018 1418 cyclades.

972 1460 1116 1493 NOTAE

356 1528 398 1557 14
422 1525 483 1557 Nil
494 1525 589 1566 pictis
602 1525 731 1558 timidus
745 1526 855 1558 navita
865 1525 1017 1567 puppibus

314 1577 423 1618 Fidit]
448 1577 500 1609 Ne
522 1577 696 1618 splendori
713 1578 763 1609 tui
778 1577 921 1609 nominis
935 1577 1016 1617 fide,

315 1637 336 1659 o
367 1626 577 1668 Respublica
612 1627 775 1666 Romana,
804 1627 858 1658 vel
894 1626 1016 1666 origini

313 1677 493 1719 praeelarae
507 1688 515 1709 t
531 1686 644 1719 neque
656 1681 706 1714 tu.
718 1678 841 1718 Brute,
854 1681 912 1708 aut
923 1677 1017 1716 inge-

312 1728 396 1759 nitae
411 1727 595 1767 nobilitati,
610 1731 669 1758 sut
684 1728 832 1769 propriae
843 1726 1016 1758 existima-

314 1777 411 1810 tioni.
455 1777 543 1809 Sunt
557 1777 646 1808 enim
661 1777 738 1809 haec
755 1787 842 1809 vana
855 1775 1018 1818 praesidia

315 1837 356 1860 ac
372 1827 599 1859 firmamenta.

360 1877 504 1908 Timidus
524 1875 649 1917 navita]
678 1876 733 1908 Ne
749 1886 827 1909 cum
843 1876 1018 1917 scaligero

315 1930 418 1965 putes
443 1926 629 1966 legendum
652 1926 801 1957 tumidus.
847 1926 910 1957 Est
927 1927 1017 1957 enim

314 1975 444 2005 timidus
462 1975 637 2014 epitheton
660 1975 774 2005 nautis
790 1984 925 2014 semper
940 1985 1018 2006 con-

315 2023 469 2063 veniens,
494 2028 530 2054 et
556 2024 611 2054 bic
636 2023 795 2055 maxime.
848 2024 905 2055 Sic
929 2019 1018 2055 enim

315 2071 526 2113 significatur
541 2077 644 2103 nanta
660 2072 847 2113 prudenter
861 2078 1018 2105 metuens

316 2122 431 2158 omnia
453 2122 496 2154 ab
512 2121 615 2154 infidc
626 2122 730 2161 mari,
742 2121 786 2153 ab
809 2121 1020 2153 instabilibus

310 2172 441 2216 yemis,
476 2182 495 2203 a
525 2171 714 2212 repentinis
744 2171 1019 2213 tempestatibus,

317 2231 394 2254 cum
411 2221 604 2262 praesertim
619 2220 754 2252 vehitur
772 2222 851 2252 navi
871 2221 942 2262 jam
958 2221 1017 2253 de-

317 2271 462 2303 bilitata.

362 2324 402 2353 15
427 2319 506 2352 Nisi
530 2320 632 2351 uentis
656 2319 760 2353 Debes
783 2320 964 2361 ludibrium]
987 2320 1018 2352 A

317 2371 410 2403 bello
419 2371 548 2411 desine,
562 2371 691 2412 nisi-vis
703 2370 847 2413 fortunae
853 2363 1018 2413 jocantis,

320 2426 381 2453 aut
404 2421 529 2452 Martis
553 2421 751 2457 communis,
775 2425 835 2453 aut
849 2421 953 2453 etiam
968 2420 1019 2453 fa-

319 2476 432 2504 torum
450 2471 632 2503 ludibrium
649 2480 736 2503 esse.

363 2525 402 2554 17
421 2523 532 2563 Nuper
541 2521 695 2553 solicitum
709 2531 778 2562 (μα’
793 2520 1020 2558 minimatum,

318 2572 389 2612 εγω]
408 2573 618 2604 Militaverat
632 2572 795 2604 Horatius
818 2571 880 2603 sub
903 2571 1021 2603 Cassio

319 2626 356 2652 et
369 2621 479 2653 Bruto
493 2632 502 2660 ;
527 2627 648 2663 postes
659 2627 774 2654 tamen
784 2622 939 2662 Augusto
951 2621 1019 2652 vic-

321 2669 389 2701 tori
414 2671 615 2703 conciliatus
644 2672 777 2703 veniam
801 2671 1017 2703 obtinuerat:

320 2720 395 2750 haec
411 2724 524 2750 autem
538 2722 714 2762 scripsisse
727 2720 839 2754 fertur
855 2727 931 2763 post
941 2722 1021 2754 Cas-

322 2770 406 2801 sium
423 2779 559 2810 caesum,
573 2777 608 2803 et
624 2776 805 2813 antequam
819 2773 944 2804 Brutus
961 2771 1019 2804 ad-

1069 1535 1184 1557 versus
1202 1525 1392 1566 Augustum
1409 1523 1490 1556 belli
1507 1523 1616 1554 aleam
1631 1522 1768 1563 experi-

1066 1579 1176 1606 retur.
1220 1574 1282 1606 Ait
1309 1583 1412 1615 ergo:
1446 1573 1479 1605 Ο
1507 1572 1644 1614 publica
1667 1573 1771 1612 salus,

1068 1635 1145 1668 qnae
1161 1625 1300 1657 taedium
1323 1625 1405 1657 mihi
1427 1629 1510 1656 tunc
1532 1623 1707 1665 praebuisti
1724 1623 1768 1654 ob

1069 1675 1328 1707 diuturnitatem
1354 1674 1598 1706 discordiarum
1620 1682 1661 1704 ac
1683 1673 1770 1704 milia

1070 1727 1128 1758 tiae
1138 1727 1285 1767 labores,
1294 1735 1384 1758 nuuc
1391 1729 1505 1758 autem
1520 1723 1768 1757 solicitudinem

1069 1781 1107 1809 et
1122 1785 1237 1808 curam
1253 1780 1395 1818 praestas
1409 1775 1454 1807 ob
1468 1784 1574 1807 novos
1595 1774 1774 1811 tumultus,

1070 1836 1133 1859 cur
1157 1826 1297 1858 evidens
1319 1827 1522 1868 perieulum,
1541 1826 1696 1866 talesque
1710 1834 1770 1856 nn·

1070 1876 1201 1918 gustias
1213 1882 1337 1917 sponte
1350 1876 1442 1908 adis?
1485 1875 1554 1907 Vei
1564 1874 1609 1907 sd
1625 1875 1770 1907 Brutum

1072 1927 1247 1969 loquitur:
1270 1927 1303 1958 Ο
1318 1927 1445 1966 Brute,
1456 1926 1516 1968 qui
1530 1925 1698 1958 solicitum
1715 1933 1770 1957 me

1072 1976 1219 2008 habuisti
1234 1976 1277 2007 de
1293 1980 1417 2008 eventu
1434 1976 1529 2016 belli,
1543 1975 1607 2007 snb
1622 1974 1690 2006 tuis
1703 1975 1771 2015 sig-

1073 2025 1124 2055 nis
1151 2030 1354 2063 merentem,
1385 2035 1476 2057 nunc
1510 2030 1625 2057 sutem
1653 2023 1707 2056 tui
1731 2033 1771 2055 ac

1072 2073 1254 2112 libertatis,
1279 2084 1379 2114 quam
1410 2074 1573 2111 vindicas,
1598 2073 1771 2106 desiderio

1073 2122 1218 2161 crucias,
1242 2131 1319 2153 cum
1351 2123 1529 2163 praecisam
1552 2123 1671 2155 salutis
1698 2127 1770 2155 tuae

1073 2181 1168 2212 spem
1182 2171 1296 2203 animo
1315 2172 1387 2213 jam
1411 2171 1622 2213 concipiam3
1646 2172 1672 2203 si
1688 2172 1770 2204 mihi

1072 2221 1197 2261 credis,
1221 2231 1265 2254 ne
1291 2221 1437 2263 Augusti
1467 2226 1582 2263 partes
1610 2221 1770 2255 fortiores

1072 2269 1200 2303 lacesse
1214 2283 1224 2312 ;
1241 2281 1330 2313 pone
1342 2281 1543 2313 arma‚ueve
1553 2277 1622 2304 tam
1637 2273 1772 2314 pericu-

1071 2321 1152 2353 losae
1182 2323 1300 2363 plenos
1329 2323 1413 2355 aleae
1442 2323 1576 2355 labores
1601 2323 1770 2355 incassum

1073 2372 1147 2403 subi
1162 2383 1170 2404 :
1195 2373 1297 2404 immo
1312 2372 1535 2405 conciliandae
1552 2373 1646 2414 pacis
1662 2374 1770 2405 consi·-

1072 2421 1119 2453 lia
1142 2425 1179 2452 et
1202 2421 1351 2453 rationes
1377 2421 1438 2454 ini.
1481 2421 1571 2453 Vide
1594 2431 1636 2454 ιι.
1651 2422 1720 2454 od.
1735 2425 1767 2454 7.

1073 2475 1108 2503 et
1125 2480 1166 2503 11.
1183 2472 1292 2512 Epist.
1311 2474 1343 2503 2.

1114 2523 1156 2553 20
1182 2521 1347 2562 cycladas]
1385 2520 1510 2553 Insula
1534 2523 1614 2552 sunt
1629 2520 1769 2553 circiter

1074 2571 1333 2614 quinquaginta,
1347 2570 1382 2601 iu
1398 2569 1515 2611 AEgoeo
1530 2569 1615 2602 mari
1631 2570 1666 2601 in
1680 2571 1770 2612 cycli

1074 2629 1181 2661 prope
1207 2618 1350 2652 formam
1374 2619 1570 2660 dispositae:
1594 2628 1671 2661 quae
1697 2621 1770 2662 qui·

1072 2671 1150 2703 dem
1165 2669 1209 2702 ob
1226 2669 1423 2712 frequentes
1437 2670 1604 2710 scopulos,
1618 2672 1655 2701 et
1669 2669 1769 2701 maris

1073 2720 1261 2762 angustias,
1289 2720 1375 2751 adiri
1406 2725 1465 2751 aut
1488 2719 1768 2761 circumnavigari

1074 2772 1130 2804 vix
1145 2772 1231 2804 citra
1248 2771 1434 2812 periculum
1451 2775 1605 2812 possunt.

1899 2886 1906 2892 “
1883 2795 1916 2876 yffi]
1896 2738 1916 2777 ‘4⁴‘
1904 2707 1916 2725 (2

1887 2990 1907 3021 ’λι
1887 2930 1905 2980 ψη
1895 2917 1899 2923 .
1894 2902 1901 2910 Δ.
