1916 3190
630 253 901 286 οᾼιιΜιΝιιιι
937 254 1034 286 mn.
1065 253 1138 284 111.
1165 244 1207 285 3.

426 346 531 389 Non
551 347 713 390 civium
732 348 863 390 ardor
881 360 1021 402 prava
1035 346 1305 402 jubentium,

481 415 526 456 N
529 428 588 456 on
609 415 761 457 vultus
780 411 985 457 instantis
1005 415 1175 470 tyranni

536 481 687 523 Mente
709 482 851 535 quatit
870 481 1028 530 solida,
1047 493 1190 535 neque
1210 479 1368 522 Auster

422 548 532 590 Dux
551 548 731 602 inquieti
749 547 948 589 turbidus
962 547 1131 596 Adriae,
1609 550 1636 587 5

421 613 519 656 Nec
538 614 811 656 fulminantis
834 626 994 667 magna
1014 613 1148 656 Jovis
1168 625 1353 656 manus:

195 743 309 774 nentia
321 743 436 774 civium
448 742 587 783 improba
606 743 886 786 prescribes-sium,
908 754 964 776 nec
976 744 1079 783 socies
1100 745 1226 786 tymni
1247 744 1400 783 urgentis,
1419 752 1516 783 neque
1531 742 1637 774 Notus

195 783 336 816 turbator
347 785 508 818 Adriatici
519 786 614 817 md:
624 786 800 827 procellosi,
819 797 874 818 nec
894 791 1000 827 potens
1012 789 1142 819 dextero
1155 787 1373 825 Jovn‘aefulme-
1391 785 1555 818 vibrantis.
1598 786 1639 817 Si

796 870 1034 883 OOO‘OOO‘OO‘O

196 941 310 982 vulgg.
324 942 452 974 Jmum
467 953 503 975 oc
524 946 658 975 tenacem
679 943 848 985 Porphyr.
867 943 1011 984 Cuning.
1028 943 1151 975 Sanad.
1166 943 1258 982 Jani,
1280 947 1315 974 et
1338 943 1542 982 Bipont.—3
1568 943 1635 974 Nec

195 983 300 1014 vultus
324 984 417 1024 Lips.
442 988 540 1016 t.—6
566 985 662 1016 Harl.
679 988 706 1016 l.
722 989 754 1017 4.
776 989 807 1018 ³.
829 989 861 1017 6.
890 995 1007 1018 omnes
1033 986 1188 1027 Cruquii.
1214 991 1250 1017 et
1272 985 1431 1024 Bentleii,
1456 985 1637 1017 Pulmanni

197 1024 313 1055 Graev·
325 1026 503 1058 Gemblac.
512 1030 544 1058 2.
562 1027 687 1058 Beller.
699 1032 734 1058 et
747 1028 883 1059 Diestb.
896 1028 989 1068 Lips.
1000 1030 1029 1059 l.
1038 1030 1071 1059 2.
1082 1031 1115 1058 3.
1124 1031 1157 1059 4.
1173 1028 1270 1058 Dess-
1280 1030 1311 1058 2.
1326 1027 1469 1058 Mentel.
1487 1027 1633 1059 Helmst.

197 1065 264 1098 duo
277 1067 494 1109 Bersmauni,
510 1069 635 1101 Venet.
647 1072 743 1101 1478.
754 1069 833 1100 Ald.
845 1072 941 1101 15⁰1.
956 1069 1070 1101 Bentl.
1083 1070 1226 1110 enning.
1236 1069 1327 1111 Jani,
1338 1069 1479 1111 Bipont.
1493 1069 1635 1102 Mitsch.

849 1159 989 1191 NOTAE

196 1231 292 1263 velut
312 1232 444 1273 impetu
468 1231 578 1264 fertur
602 1237 710 1273 vates,
735 1237 772 1265 at
792 1236 890 1264 certe

195 1279 333 1320 divino;
355 1281 482 1321 divino,
503 1282 654 1323 iuquam,
681 1281 738 1313 ubi
769 1291 889 1323 graves

195 1339 334 1370 prorsus
363 1340 403 1364 ac
434 1330 597 1362 sublimes
624 1335 704 1363 suut
730 1336 801 1362 tum
830 1341 887 1364 res

194 1388 272 1412 eum
284 1380 390 1412 dictio
402 1391 413 1414 ε
436 1390 532 1413 caeeo
543 1387 668 1421 tamen,
679 1386 717 1414 ut
728 1382 864 1414 videtur
875 1393 886 1422 ;

192 1429 463 1472 quandoquidem
478 1435 608 1462 temere
630 1430 784 1472 quolibet
797 1431 886 1463 abri-

191 1479 296 1520 pitur,
318 1484 421 1521 atque
447 1490 468 1512 a
496 1480 559 1512 viri
577 1481 664 1522 justi
691 1481 886 1513 laudatione

193 1529 306 1561 subito
313 1529 496 1571 digressus,
503 1531 701 1572 longiusque
711 1537 887 1572 evagatus,

192 1578 236 1610 ad
261 1580 546 1622 unenda0'1'mjae
574 1581 646 1613 fata
671 1582 885 1622 prorumpit3

187 1628 265 1671 ipse
274 1630 427 1670 propositi
442 1640 561 1670 parum
585 1635 699 1669 tenax,
714 1639 754 1661 ac
770 1631 886 1662 imme·

193 1681 329 1711 morsui
355 1680 396 1711 ad
419 1681 562 1711 Pisones
589 1690 637 1711 vs.
654 1683 730 1711 242.
753 1681 886 1718 moniti,

191 1737 259 1769 quo
284 1729 334 1759 ita
362 1729 543 1768 praecipit:
581 1730 750 1761 ‘Tantum
779 1731 885 1763 series

187 1776 419 1818 juncturaqne
448 1778 582 1818 polletl'
605 1779 695 1811 Quid
725 1789 806 1819 ergo
828 1790 885 1812 na-

195 1835 255 1856 vus
268 1826 398 1858 Po'e'ta?
435 1827 781 1868 Quidlnterpretes?
815 1829 886 1861 Ho-

193 1884 267 1906 rum
295 1875 448 1916 plerique
471 1875 571 1907 obvia
594 1877 752 1909 certatim
778 1880 887 1919 expli-

193 1929 285 1960 cant,
299 1923 401 1956 finem
419 1934 497 1956 vero
515 1931 552 1957 et
565 1935 704 1968 scopum
721 1927 816 1959 odes
834 1937 887 1960 sa-

193 1973 238 2005 tis
262 1973 398 2015 quidem
420 1974 612 2007 abstrusum
634 1977 771 2008 minime
797 1986 888 2009 sern-

194 2022 270 2062 tati,
284 2019 373 2063 quod
395 2024 603 2065 praeeipuum
626 2031 690 2062 est.
712 2027 886 2059 omittunt.

194 2073 357 2105 Nonnulli
369 2074 471 2107 Oden
484 2075 572 2107 banc
582 2085 645 2108 nee
654 2076 887 2118 inscriptione,

195 2131 260 2154 nee
285 2124 392 2155 literis
422 2135 443 2156 a
465 2126 678 2165 praecedenti
699 2126 884 2167 sejunctam

193 2172 228 2203 in
256 2173 402 2215 antiquis
423 2174 597 2212 codicibus
619 2175 688 2214 legi
717 2176 887 2209 duntaxat

191 2220 385 2253 admonent.
419 2222 566 2255 Quidam
582 2222 801 2264 Apotheosim
816 2225 886 2256 Bo·

190 2271 286 2311 muli}
308 2272 364 2303 alii
390 2272 535 2313 Augusti
562 2273 791 2306 laudationem
812 2283 886 2306 esse

190 2321 319 2352 volunt.
360 2321 488 2353 Verum
519 2331 587 2363 quo
618 2327 689 2354 tam
724 2328 884 2355 accurata

189 2369 249 2400 illa
274 2369 419 2403 Junonis
445 2372 555 2403 oratio
582 2372 720 2413 Trojam
749 2374 884 2405 restitui

191 2420 364 2452 vetantis?
407 2421 485 2454 Hoc
500 2421 533 2452 in
550 2432 681 2454 summa
694 2433 755 2455 sua
775 2423 884 2456 felici-

190 2473 264 2500 tate
278 2470 419 2502 Romani
435 2476 516 2503 tune
538 2470 685 2504 fortasse
700 2473 883 2504 molieban-

192 2520 260 2556 tur,
274 2518 386 2559 inquit
397 2520 526 2561 Georg.
540 2521 729 2553 Fabricius.
759 2521 807 2552 At
820 2522 883 2552 Fa-

193 2559 302 2597 bricio
315 2569 467 2607 sagaeior
481 2570 606 2610 Faber,
621 2570 655 2601 in
674 2571 791 2610 paucis
806 2581 882 2602 eru·

193 2613 284 2644 ditus
314 2615 365 2645 vir
394 2617 547 2659 acrisque
570 2619 708 2659 judicii,
734 2626 882 2650 mentem

196 2661 337 2692 Horatii
349 2664 584 2706 subodoratus,
598 2673 655 2699 aut
665 2667 815 2700 feliciter
832 2670 882 2700 iu-

194 2712 341 2751 dagavit,
365 2717 424 2743 aut
448 2723 542 2746 certe
567 2718 794 2757 conjecturam
813 2728 882 2750 om-

194 2762 274 2796 nino
306 2763 541 2805 verosimilem,
579 2768 752 2807 pulchram
786 2778 881 2808 saue,

943 1232 1100 1273 protulit.
1128 1232 1162 1264 1¹
1177 1233 1226 1265 ita
1241 1242 1310 1264 rem
1327 1233 1460 1265 statuit.
1489 1233 1542 1264 Ex
1553 1233 1637 1266 Sue·

942 1286 1014 1313 ton.
1038 1282 1108 1314 Jul.
1133 1291 1210 1323 cap.
1232 1285 1286 1314 79.
1309 1283 1428 1314 Caesar
1454 1282 1553 1315 tumn
1575 1284 1636 1315 mi-

941 1340 1054 1372 grare,
1068 1341 1177 1373 eoque
1191 1333 1334 1373 Imperii
1349 1341 1432 1373 opes
1448 1332 1636 1366 transferre

940 1381 1169 1422 cogitaverat.
1203 1381 1314 1423 Atqui
1329 1391 1374 1414 ue
1388 1381 1535 1423 Augusti
1547 1383 1634 1415 Julii

938 1431 1049 1462 haeres
1074 1431 1165 1462 idem
1197 1430 1390 1467 moliretur,
1417 1441 1483 1463 uon
1505 1432 1566 1464 abs
1597 1442 1633 1463 re

940 1480 1150 1520 trepidatum
1182 1485 1262 1512 est:
1288 1489 1355 1522 quo
1384 1481 1494 1513 Roma
1530 1481 1635 1514 dubio

940 1530 1059 1571 procul
1073 1531 1227 1562 extincta
1242 1530 1345 1563 foret.
1387 1531 1509 1572 Itaque
1530 1533 1636 1563 soler-

939 1585 994 1612 ter
1008 1580 1159 1622 quidem,
1173 1580 1322 1622 oblique,
1347 1586 1383 1612 et
1396 1586 1470 1612 arte
1486 1582 1634 1622 singula-

939 1629 981 1664 ri,
997 1634 1034 1660 ut
1049 1629 1119 1660 tale
1139 1630 1314 1661 consilium
1337 1629 1499 1662 discutiat
1526 1631 1635 1662 Hora-

940 1678 1020 1718 tius,
1061 1679 1202 1710 exbibet
1235 1688 1275 1709 ac
1311 1679 1459 1710 minatur
1490 1680 1635 1712 sunonis

927 1728 1036 1767 itam,
1048 1737 1145 1768 quam
1157 1728 1230 1768 jam
1244 1733 1313 1759 tum
1330 1738 1350 1759 a
1360 1729 1552 1769 primordiis
1567 1730 1635 1761 suis

940 1785 1076 1817 gravem
1092 1778 1226 1816 experti
1241 1777 1378 1808 fuerant
1395 1778 1549 1811 Romani.

981 1829 1003 1857 2
1026 1827 1330 1868 Prmjuhemium]
1346 1828 1356 1845 ‘
1371 1827 1507 1865 Velitis,
1512 1827 1632 1868 jubea-

941 1876 997 1916 tis,
1023 1876 1176 1909 Quirites
1190 1876 1213 1906 ε’
1238 1876 1343 1909 verba
1366 1877 1506 1908 Tribuni
1527 1878 1634 1909 solen-

939 1927 1014 1958 nia:
1042 1927 1053 1945 ‘
1068 1928 1233 1968 volumus,
1245 1928 1498 1971 jubemusque,'
1516 1931 1632 1971 populi

941 1981 1037 2008 erant
1053 1977 1164 2017 legem
1178 1978 1373 2009 sancientis.

981 2028 1001 2056 3
1027 2026 1103 2073 N⁰t⁸
1122 2027 1226 2058 vuum
1245 2027 1392 2059 Montis
1408 2029 1552 2071 tyranni]
1578 2029 1632 2061 lta

938 2075 949 2094 ‘
966 2075 1010 2108 Q.
1032 2076 1187 2108 Scaevola
1211 2077 1434 2109 truculentius
1449 2078 1514 2110 sibi
1536 2079 1632 2110 mini-

938 2125 1028 2156 tanti
1042 2125 1162 2166 Syllae,
1172 2126 1283 2166 Licet,
1296 2125 1418 2167 iuquit,
1429 2126 1511 2158 mibi
1527 2128 1631 2168 agmi-

938 2184 983 2206 na
1010 2175 1165 2215 militum,
1183 2175 1305 2216 quibus
1325 2175 1463 2207 Curiam
1488 2175 1632 2208 eircum-

938 2224 1072 2261 sedisti,
1087 2229 1252 2266 ostentes,
1267 2225 1348 2257 licet
1366 2231 1510 2256 mortem
1533 2226 1631 2257 mini-

938 2274 1036 2313 teris,
1070 2284 1240 2316 nunquam
1278 2280 1391 2306 tamen
1429 2273 1555 2306 efficies
1591 2280 1630 2305 ut

939 2329 1080 2364 propter
1095 2325 1255 2365 exiguum
1273 2324 1480 2364 senilemque
1495 2323 1631 2363 sangui·

936 2382 1014 2404 nem
1029 2383 1153 2413 meum,
1176 2372 1337 2411 Marium,
1351 2381 1372 2403 a
1386 2381 1452 2412 qno
1474 2370 1554 2403 urbs
1579 2376 1628 2402 at-

938 2432 1003 2462 que
1020 2423 1120 2454 ltalia
1136 2425 1337 2452 conservata
1351 2426 1416 2459 est,
1431 2422 1562 2453 bostem
1571 2422 1629 2462 ju-

936 2471 1073 2502 dicem.’
1094 2470 1171 2502 Alia
1186 2471 1263 2501 vide
1276 2471 1432 2511 exempla
1443 2470 1535 2511 apud
1550 2480 1629 2503 euu-

937 2520 1013 2550 dem
1030 2519 1107 2550 Val.
1118 2519 1214 2550 Max.
1227 2528 1284 2550 ιιι.
1299 2522 1332 2551 8.

978 2572 998 2600 4
1021 2569 1137 2600 Auster
1161 2569 1243 2599 Dux
1261 2569 1392 2609 inquieti
1418 2568 1560 2602 tun-bidus
1580 2572 1628 2603 A·

935 2617 1030 2658 driae]
1053 2618 1180 2648 Noster
1196 2626 1220 2647 1.
1237 2617 1303 2648 Od.
1322 2620 1354 2649 3.
1388 2618 1398 2635 ⁸
1413 2618 1488 2650 Nec
1515 2620 1627 2653 timuit

936 2667 1152 2708 praecipitem
1169 2666 1323 2698 Africum
1336 2690 1344 2698 .
1360 2689 1370 2699 .
1379 2689 1388 2697 .
1400 2690 1410 2699 .
1421 2677 1485 2700 nec
1497 2670 1625 2702 rabiem

937 2717 1035 2753 Noti,
1050 2717 1127 2749 Quo
1142 2725 1206 2747 non
1223 2716 1350 2749 arbiter
1369 2716 1485 2750 Adriae
1501 2720 1626 2761 Major,

936 2767 1056 2799 tollere
1072 2775 1131 2798 seu
1148 2775 1276 2808 ponere
1287 2767 1359 2799 vult
1373 2766 1487 2801 fretass
