1916 3190
242 211 270 252 6
801 222 840 253 J.
874 223 924 252 M.
956 222 1173 254 GESNERI

239 318 349 359 forte
381 317 650 359 morosulum
683 320 894 358 senectus
921 315 1102 367 fecerat,
1122 316 1232 358 forte
1261 329 1318 358 ne
1345 317 1587 360 destinarat
1605 318 1702 372 qui-

240 385 338 427 dem
360 385 481 440 typis
502 383 663 434 omnia,
685 397 785 438 quae
805 385 1001 426 illuserat
1021 385 1295 438 marginibus
1315 385 1415 427 libri
1436 385 1522 426 sui.

297 452 414 503 Quae
442 466 545 494 cum
565 453 632 494 ita
652 452 750 502 sint,
771 452 1046 493 Baxteriana
1074 451 1352 506 exemplaria
1382 451 1559 494 Horatii
1584 465 1705 494 com-

240 520 446 562 mendare
467 520 667 561 solebam
693 519 952 573 junioribus
982 520 1161 572 amicis3
1192 522 1236 560 et
1264 530 1492 573 nunquam
1513 518 1629 562 forte
1648 520 1704 562 de

240 587 412 630 edendo
446 586 637 628 Horatio
669 587 937 640 cogitaturus
972 587 1072 640 ipse
1102 587 1284 639 fueram,
1305 586 1482 628 illorum
1507 587 1548 628 si
1571 588 1706 643 copia

239 655 332 697 fieri
353 653 570 696 studiosis
592 655 638 695 in
659 654 903 696 Germania
924 655 1164 709 potuisset.
1195 654 1285 696 Sed
1302 666 1404 696 cum
1425 654 1570 696 visum
1587 659 1706 698 esset

237 724 398 765 librum
430 723 496 764 ita
525 723 692 772 utilem,
722 723 787 764 ita
817 724 1112 773 commodum,
1133 722 1381 777 parabilem
1402 722 1540 764 etiam
1559 722 1705 764 facere

239 791 421 842 nostris,
444 790 652 831 nolebam
672 790 797 831 illum
821 790 917 832 sine
938 791 1040 832 dote
1062 790 1214 844 aliqua
1238 803 1266 832 a
1291 803 1363 831 me
1385 789 1616 840 dimittere,
1635 790 1706 831 id-

239 871 327 912 que
363 872 418 900 eo
453 859 597 899 minus
632 870 735 916 cum
765 863 929 912 praeter
964 872 1031 909 ea,
1053 871 1156 913 quae
1181 857 1478 913 quadraginta
1510 856 1706 911 amplius

239 937 456 967 annorum
487 939 590 968 cum
625 925 790 968 Flacco
821 927 1109 978 familiaritas,
1140 930 1184 969 et
1213 940 1325 969 usus
1362 925 1524 980 aliquis
1553 938 1706 967 earum

238 1004 397 1043 rerum,
431 994 595 1047 quibus
624 993 696 1034 hic
728 1006 844 1047 opus
878 999 965 1045 est,
997 994 1224 1048 subjicere
1258 995 1476 1048 poterant,
1506 992 1642 1033 etiam
1677 1004 1707 1033 a

238 1058 413 1101 fortuna
444 1059 700 1102 offerrentur
731 1060 939 1113 quaedam
969 1061 1178 1102 ornandae
1216 1059 1445 1101 Editionis
1479 1058 1706 1113 praesidia.

239 1124 392 1176 Quare
422 1128 556 1170 statui
590 1128 732 1169 tribus
766 1128 857 1169 illis
887 1128 1137 1181 generibus,
1162 1140 1265 1182 quae
1295 1126 1342 1166 in
1371 1126 1474 1180 ipso
1504 1126 1705 1178 ingressu

241 1195 598 1246 commemoravi,
634 1207 808 1248 augere,
847 1208 928 1250 pro
964 1195 1175 1249 praesenti
1212 1194 1349 1248 copia
1389 1195 1434 1235 et
1464 1193 1707 1243 voluntate,

241 1258 428 1301 Baxteri
449 1260 717 1302 Editionem.

297 1325 368 1368 Ac
388 1328 533 1381 primo
556 1328 735 1382 quidem
755 1341 845 1370 non
875 1331 968 1370 tam
996 1328 1081 1369 hoc
1109 1329 1198 1382 egi,
1223 1331 1273 1370 ut
1306 1327 1584 1369 emendarem
1607 1327 1705 1370 Ho-

238 1394 414 1446 ratium,
434 1395 553 1450 quod
586 1408 746 1437 munus
778 1395 1013 1447 cumulate,
1049 1400 1095 1437 et
1124 1396 1241 1437 forte
1275 1395 1394 1450 pluS‚
1423 1408 1557 1449 quam
1588 1407 1705 1450 opus

240 1465 349 1511 erat,
389 1462 456 1503 illi
490 1464 739 1517 praestitum
777 1464 991 1516 arbitror;
1038 1476 1175 1518 quam
1205 1467 1255 1504 ut
1291 1463 1347 1503 ab
1382 1462 1706 1518 intempestivis
1764 1488 1766 1490 v

238 1529 638 1581 emendationibus,
669 1531 714 1573 h.
749 1544 789 1572 e.
824 1531 1188 1586 corruptionibus
1223 1530 1351 1573 illum
1383 1534 1542 1582 tuerer,
1577 1535 1624 1571 et
1659 1530 1706 1572 in

241 1599 403 1638 statum
423 1597 545 1639 velut
564 1610 694 1639 suum
715 1611 970 1639 assererem.

297 1661 401 1713 Quo
437 1665 584 1718 plures
618 1665 810 1707 lectores
847 1670 895 1706 et
924 1665 1150 1707 studiosos
1183 1664 1345 1707 habuit
1376 1664 1615 1714 Horatius,
1649 1676 1705 1705 eo

238 1731 385 1784 plures
405 1732 472 1772 illi
493 1733 627 1782 etiam
657 1745 814 1773 manus
843 1732 1078 1775 admovere
1105 1730 1370 1774 emendandi
1389 1743 1530 1773 causa
1560 1731 1707 1773 conati

240 1802 358 1850 sunt,
386 1812 472 1840 non
504 1812 638 1853 aequo
672 1812 902 1850 successu,
932 1800 1142 1842 dissimili
1170 1799 1374 1841 nimirum
1409 1799 1500 1853 ipsi
1530 1799 1706 1852 ingenio

240 1865 546 1918 doctrinaque.
606 1866 836 1916 Ingeniosi
867 1873 914 1907 et
943 1867 1104 1909 eruditi
1133 1867 1219 1908 viri
1255 1866 1341 1908 sibi
1370 1867 1649 1921 placuerunt,
1667 1865 1707 1907 si

241 1931 348 1984 quid
368 1931 635 1984 exsculpere
665 1937 852 1984 possent
882 1933 1101 1984 elegantia
1125 1932 1323 1981 Horatii,
1344 1938 1392 1972 ut
1413 1934 1500 1984 ipsi
1522 1933 1708 1975 arbitra-

240 1999 410 2047 bantur,
430 1998 631 2051 dignius:
669 1998 749 2038 sed
784 1991 972 2051 primum
1003 1998 1113 2039 illud
1146 1999 1297 2051 ipsum
1322 1997 1556 2051 judicium,
1580 1998 1706 2048 Quid

240 2066 299 2107 sit
317 2065 364 2106 in
385 2066 599 2119 scriptore
626 2077 765 2119 prope
786 2066 856 2106 bis
885 2066 1008 2107 mille
1040 2074 1252 2106 annorum
1285 2065 1556 2118 elegantius3
1593 2066 1705 2107 diffi-

243 2132 328 2174 cile
348 2138 418 2173 est
437 2136 480 2173 et
497 2133 565 2174 ita
585 2132 734 2172 multis
755 2144 877 2186 saepe
907 2133 1158 2174 rationibus
1188 2132 1453 2182 involutum,
1473 2137 1522 2175 ut
1546 2134 1706 2176 merito

241 2200 332 2241 hoc
349 2199 541 2241 maxime
570 2199 616 2239 in
646 2211 803 2251 genere
824 2212 913 2253 quo
933 2200 1033 2254 quis
1063 2203 1133 2241 est
1162 2199 1348 2250 doctior,
1368 2202 1490 2242 tanto
1520 2201 1705 2256 majoris

241 2267 473 2310 modestiae
495 2280 658 2309 causas
678 2266 851 2308 habeat.

301 2334 359 2376 Et
396 2334 435 2375 si
469 2333 626 2375 demus
654 2333 764 2374 viris
794 2333 959 2384 doctis,
979 2332 1123 2389 (quod
1154 2346 1254 2375 cum
1283 2333 1527 2376 universim
1555 2337 1706 2390 negari

243 2405 423 2456 propter
441 2401 644 2443 humanae
673 2404 842 2443 naturae
861 2406 905 2442 et
923 2402 986 2442 rei
1004 2402 1149 2456 ipsius
1171 2401 1468 2443 conditionem
1488 2415 1576 2444 non
1598 2416 1705 2457 pos-

244 2469 315 2518 sit,
335 2473 480 2510 tamen
498 2470 543 2510 in
563 2469 647 2510 hoc
667 2469 740 2510 vel
760 2469 837 2510 illo
861 2469 965 2510 loco
985 2473 1160 2523 propter
1180 2481 1362 2510 causam
1384 2469 1519 2511 modo
1539 2470 1706 2513 indica-

244 2540 334 2577 tam
362 2538 546 2579 concedi
577 2538 656 2579 vix
686 2549 739 2578 ac
763 2551 816 2578 ne
846 2537 920 2579 vix
949 2537 1129 2591 quidem
1159 2534 1350 2591 potest,)
1379 2537 1506 2591 ipsos
1536 2537 1704 2592 aliquid

244 2602 469 2644 invenisse
491 2610 676 2658 accepta
697 2604 902 2646 Lectione
923 2605 1096 2654 melius,
1118 2604 1372 2658 pulchrius;
1393 2617 1448 2645 an
1468 2604 1572 2646 ideo
1594 2605 1704 2646 illud

245 2670 398 2724 potius
419 2672 651 2725 scripsisse
679 2672 933 2721 Horatium,
955 2673 1206 2713 confectum
1227 2672 1328 2713 est?
1372 2671 1577 2714 Licuitne
1605 2672 1706 2714 dor-

247 2738 418 2789 mitare,
440 2739 698 2780 hallucinari
718 2740 849 2781 etiam
871 2739 1067 2781 Horatio
1082 2740 1101 2779 Ἰ
