1916 3190
274 237 329 278 84
750 246 793 284 Q.
827 246 1038 277 uonAru
1073 246 1246 277 rnAccr

329 340 506 383 Pallida
524 353 641 382 mors
663 354 793 394 aequo
817 341 968 394 pulsat
986 341 1104 394 pede
1124 353 1368 395 pauperum
1391 342 1613 393 tabernas,

387 407 647 461 Regumque
668 414 823 449 turres.
885 409 925 450 Ο
947 409 1074 449 beate
1095 408 1238 457 Sexti,

330 474 451 517 Vitae
469 488 643 516 summa
661 475 803 516 brevis
824 488 949 529 spem
966 488 1048 516 nos
1067 478 1189 516 vetat
1209 474 1420 516 inchoare
1438 475 1628 529 longam.
1670 477 1726 518 15

386 541 415 583 J
420 555 490 583 am
511 547 555 582 te
577 547 742 595 premet
762 555 868 591 nox,
887 542 1141 596 fabulaeque
1162 554 1329 593 manes,
1661 532 1669 555 ¹

330 609 391 651 Et
411 609 572 650 domus
592 609 723 650 exilis
743 609 979 661 Plutonia;
1010 623 1100 664 quo
1121 610 1249 651 simul
1269 609 1442 660 mearis,

387 676 485 718 Nec
504 690 636 731 regna
658 677 745 718 vini
766 677 948 719 sortiere
968 678 1083 727 talis,

273 794 338 826 sive
357 795 490 828 haedum.
536 798 627 828 Mors
638 798 758 838 pallens
772 797 885 838 «equali
894 799 970 838 pede
985 797 1085 829 diruit
1100 807 1264 837 egenorum
1284 807 1371 830 casas
1386 802 1481 839 utque
1501 798 1626 836 Regum
1642 796 1729 836 pala-

272 836 332 869 tia.
381 839 410 869 0
417 839 583 877 fortunate
598 839 704 877 Sexti,
719 840 808 871 breve
823 840 958 880 spatium
971 840 1046 871 vitoe
1059 841 1201 880 prohibet
1214 851 1270 872 nos
1283 841 1420 881 incipere
1434 850 1519 881 spem
1533 840 1727 871 diuturnam.

272 877 391 911 Statim
405 882 559 921 urgebunt
574 885 604 913 te
618 883 764 921 tenebra»,
779 886 810 914 et
827 881 931 920 Inferi
948 882 1196 922 celebratissimi,
1220 888 1249 915 et
1275 884 1421 915 Plutonis
1440 885 1547 914 domus
1570 883 1665 914 levis.-
1688 881 1729 911 ad

272 931 364 961 quam
376 923 429 955 ubi
443 925 615 965 deveneris,
627 934 722 965 neque
737 925 872 956 talorum
887 925 979 964 jactu
1000 925 1098 964 eliges
1118 935 1223 964 regem
1244 925 1393 966 convivii,
1415 935 1512 966 neque
1525 923 1731 956 admiraberis

882 1008 899 1019 ο
903 1008 1118 1020 nmmo-00

274 1059 367 1090 Flor.
380 1061 477 1091 1482.
499 1059 642 1092 Venett.
658 1062 755 1091 1483.
768 1063 866 1092 1486.
883 1063 980 1092 1490.
1003 1061 1245 1099 agnam...haedo
1257 1060 1592 1100 Gothum-..hedos
1613 1059 1685 1091 Alt.
1700 1063 1729 1092 1.

272 1101 341 1133 Sed
356 1110 442 1141 agna
455 1124 464 1133 .
476 1125 484 1134 .
495 1124 504 1132 .
518 1102 606 1134 hoedo
618 1102 688 1134 duo
712 1103 838 1134 Bland.
860 1112 917 1143 ap.
932 1103 1038 1143 Cruq.
1055 1111 1172 1134 omnes
1186 1103 1287 1134 Τοιτ.
1303 1103 1416 1134 Pulm.
1434 1105 1464 1134 l.
1479 1105 1512 1134 2.
1527 1105 1557 1134 3.
1573 1104 1605 1134 4.
1628 1101 1730 1135 Fran.

274 1144 749 1184 Lipss.duo‚Har1.1.2.4.⁷.
767 1144 996 1177 Venenum.
1007 1150 1043 1175 et
1059 1150 1252 1186 agnoscunt
1264 1145 1362 1176 Serv.
1372 1145 1748 1185 advirg.Eel.1n.7⁷..

273 1187 444 1218 victorin.
459 1192 496 1217 et
512 1187 605 1219 Plot.
621 1197 676 1227 ap.
692 1187 806 1218 Bend.
822 1187 964 1219 Ascens.
981 1187 1105 1219 Heins-
1121 1188 1222 1220 Fabr.
1240 1188 1356 1218 Bentl.
1373 1189 1460 1220 Cun.
1474 1186 1599 1218 Sauad.
1615 1197 1731 1226 agnam

275 1228 377 1260 Harl.
393 1232 424 1260 3.
440 1231 513 1260 5.6.
535 1229 639 1260 hoedos
654 1229 753 1261 Harl.
766 1233 885 1261 6.-13
909 1229 1028 1261 Codex
1045 1230 1247 1261 Bersmanni
1265 1234 1301 1261 et
1320 1231 1420 1261 Dess.
1434 1233 1466 1261 2.
1482 1230 1558 1270 pede
1570 1230 1731 1270 pulsat.—

276 1273 318 1302 14
341 1270 451 1302 Codd.
467 1272 573 1312 Cruq.
596 1272 730 1303 Ber-sm.
747 1276 783 1303 et
800 1272 947 1312 Cuning.
964 1271 1074 1309 Sesti;
1109 1279 1146 1303 et
1172 1273 1220 1303 ita
1244 1272 1405 1304 Glarean.
1429 1273 1586 1304 Torrent.
1613 1272 1731 1303 Bentl.

275 1313 400 1345 Sanno.
415 1313 647 1354 Fixrstenberg
663 1319 698 1346 et
715 1314 910 1346 Kidd.—16
931 1315 1007 1345 Jam
1023 1318 1054 1346 te
1065 1319 1186 1355 premet
1200 1324 1282 1346 mors
1304 1314 1373 1346 duo
1399 1314 1593 1346 Pnlmanni.
1639 1314 1730 1345 Dein

274 1355 358 1386 Aer.
374 1356 478 1387 Dess.
493 1359 524 1387 1.
541 1356 634 1396 Lips.
649 1360 681 1388 2.
705 1357 805 1388 Gott.
820 1362 856 1387 et
870 1357 966 1388 Harl.
981 1357 1200 1397 &fabulerque
1215 1361 1244 1387 et
1260 1366 1387 1394 mana,-
1410 1356 1554 1396 Cuning.
1572 1357 1660 1396 conj.
1673 1357 1730 1395 sa-

275 1398 354 1428 buloe
368 1407 558 1439 mnesque;
593 1399 727 1430 Boufin.
745 1398 930 1440 fabulasque
952 1399 1073 1435 inanes,
1100 1399 1373 1438 improbantibus
1400 1399 1530 1430 Muret-
1557 1399 1670 1429 Lami).
1695 1402 1731 1429 et

275 1439 371 1480 Lips.
389 1441 509 1481 Antiq.
526 1441 640 1472 Lectt.
658 1441 715 1472 lib.
731 1444 874 1472 lin—17
901 1439 1065 1472 Scheffer.
1083 1442 1208 1482 Syllog.
1224 1442 1336 1481 Epist.
1352 1446 1434 1472 tom.
1448 1450 1482 1472 v.
1497 1451 1530 1481 p.
1542 1443 1595 1472 23.
1610 1441 1730 1472 Barth.

276 1482 319 1513 ad
335 1482 426 1514 Stat.
452 1483 558 1514 Theb.
580 1492 603 1515 ι.
627 1486 681 1515 56.
711 1489 749 1515 et
773 1483 920 1514 Advers.
938 1492 1030 1514 xxx.
1049 1486 1101 1515 13.
1129 1484 1218 1523 conj.
1238 1485 1347 1514 domus
1368 1483 1470 1521 exilii,
1494 1492 1576 1524 quon
1604 1482 1732 1514 refellit

276 1525 437 1566 Rutgers.
462 1526 574 1557 Lectt.
591 1526 721 1558 Venus.
746 1536 781 1567 p.
797 1527 960 1557 240.-18
984 1525 1110 1557 Sanad.
1126 1527 1199 1557 Non
1223 1535 1345 1566 regrum
1376 1526 1527 1558 Bentleii
1543 1535 1639 1560 unus,
1666 1526 1733 1556 Nec

939 1610 1079 1642 NOTAE

242 1672 251 1679 ⁶
275 1675 345 1714 alii,
369 1683 463 1714 agna,
489 1675 543 1712 &c-
567 1677 603 1705 et
620 1674 728 1715 magis
750 1673 926 1706 Latinitnti
942 1678 979 1705 et

276 1725 459 1766 elegantiae
483 1733 672 1766 congruum
699 1724 828 1756 volunt.
875 1723 978 1756 Certe

275 1777 384 1809 nodus
399 1777 434 1808 in
452 1776 577 1817 scirpo.

321 1829 362 1858 13
386 1826 515 1858 Pallida
540 1835 622 1857 mors
647 1836 745 1866 aequo,
773 1825 844 1867 θα]
877 1826 979 1859 Clau-

276 1877 366 1908 dian.
397 1877 407 1894 ‘
425 1876 550 1908 Omnia
566 1886 655 1908 mors
671 1876 809 1918 aequat.'

320 1928 360 1957 14
387 1927 416 1956 Ο
439 1926 524 1956 beate
549 1926 655 1965 Sexti]
680 1927 804 1958 Lucius
827 1927 978 1967 Sextius,

275 1974 330 2006 vel
345 1974 485 2009 Sestius,
501 1974 558 2005 ille
585 1979 639 2004 est
663 1974 721 2014 qui
747 1974 978 2006 tam-fidelem

276 2024 386 2055 Bruto
404 2023 505 2054 etiam
517 2021 699 2063 profligato
710 2022 894 2053 amicitiam
910 2033 978 2054 ser*

276 2074 383 2113 vavit‚
408 2078 446 2104 ut
470 2078 507 2104 et
530 2073 736 2113 probaretur
751 2072 794 2103 ab
811 2071 979 2113 Augusto,

277 2128 312 2155 et
332 2123 457 2156 Consul
482 2126 558 2163 post
573 2123 682 2163 ipsum
699 2121 803 2154 fuerit
819 2122 978 2154 substitu-

277 2178 332 2205 tus
355 2182 431 2205 cum
459 2173 521 2204 Cn.
547 2173 733 2212 Calpurnio
761 2172 901 2212 Pisone,
927 2181 980 2204 an.

277 2219 323 2253 U:
353 2222 393 2254 C.
422 2224 499 2254 730.
537 2220 627 2252 Vide
655 2221 758 2253 Dion.
785 2220 845 2252 lib.
873 2229 977 2254 xmn.

277 2272 395 2311 Sigon.
413 2274 479 2305 &c.

323 2326 362 2354 15
393 2323 478 2354 Vitae
506 2331 624 2354 summa
650 2323 764 2363 brevis,
795 2322 865 2363 dra]
899 2323 978 2355 Non

279 2372 442 2404 debemus
458 2373 618 2405 mortales
636 2373 739 2405 vitam
753 2381 893 2414 sperare
906 2372 979 2405 diu-

280 2428 426 2455 turnam.

325 2476 366 2505 16
394 2474 482 2515 Nox]
520 2473 630 2512 Mors,
653 2473 895 2515 tenebrosique
922 2473 980 2505 In-

280 2522 357 2554 feri.
382 2522 480 2555 Infra
497 2523 565 2555 Od.
581 2526 635 2555 28.
663 2523 673 2541 ‘
690 2523 820 2555 Omnes
832 2532 900 2555 una
913 2532 981 2555 ma·

282 2578 343 2603 net
358 2573 448 2604 nox.’

327 2621 512 2662 Fabulaeque
543 2623 662 2664 manes]
697 2622 888 2655 Infernales
921 2622 978 2655 Dii

282 2680 345 2711 per
373 2670 593 2712 Antiphrasin
621 2683 740 2713 manes,
763 2673 799 2705 id
824 2677 879 2705 est
901 2673 980 2705 boni

282 2720 379 2759 dicti,
393 2721 514 2761 saepius
533 2727 739 2763 usurpantur
752 2732 814 2764 pro
829 2723 910 2764 ipsis
925 2723 980 2754 In-

283 2770 378 2807 feris,
395 2771 436 2803 de
449 2771 570 2812 quibus
583 2777 652 2804 tam
665 2773 772 2805 multa
786 2772 980 2805 fabulantur

1033 1678 1068 1705 et
1075 1675 1224 1716 jactant.
1248 1673 1339 1705 Vide
1354 1673 1465 1714 Epod.
1483 1683 1518 1705 v.
1534 1676 1591 1706 94.

1077 1726 1117 1755 17
1144 1723 1267 1755 Domus
1289 1723 1396 1764 exilis]
1418 1723 1574 1754 Plutonis
1598 1722 1732 1753 domum

1034 1773 1273 1814 angustam‘ob
1291 1772 1520 1814 frequentiam
1546 1773 1733 1804 animarum

1034 1832 1076 1854 eo
1092 1822 1373 1854 descendentium
1393 1822 1542 1854 nonnulli
1565 1823 1734 1862 interpre-

1032 1878 1163 1906 tantur.
1207 1873 1275 1905 Sed
1298 1873 1419 1904 melius
1443 1873 1501 1904 alii
1522 1871 1676 1904 referunt
1691 1873 1734 1904 ad

1035 1924 1223 1956 exilitatem
1242 1925 1438 1956 umbrarum
1457 1923 1530 1955 sive
1546 1924 1733 1955 animarum

1034 1975 1151 2005 oculos
1188 1973 1401 2014 fugientium.
1443 1973 1587 2005 Homer.
1619 1971 1735 2007 νεκύων

1033 2022 1168 2060 ἀμενηνὰ
1187 2022 1316 2062 κάρηνα,
1344 2023 1458 2062 Capita
1481 2027 1670 2055 mor-mamm
1690 2025 1733 2055 le-

1032 2072 1084 2102 via
1118 2074 1150 2101 et
1178 2071 1320 2102 evanida.
1366 2071 1487 2111 Virgil.
1520 2072 1651 2104 AEneid.
1683 2082 1733 2104 vr.

1033 2124 1107 2152 269.
1141 2121 1151 2138 ‘
1170 2120 1298 2151 Domos
1316 2120 1407 2151 Ditis
1424 2130 1545 2152 vacuas
1561 2126 1596 2153 et
1620 2123 1733 2154 inania

1033 2171 1159 2211 regua!

1079 2222 1148 2258 Quo
1170 2222 1262 2253 simul
1286 2220 1414 2262 meanis]
1437 2222 1522 2254 Cum
1551 2222 1631 2253 illuc
1658 2231 1734 2263 per-

1035 2272 1165 2303 veneris
1192 2273 1263 2312 jam
1301 2280 1369 2303 non
1405 2270 1523 2303 licebit
1556 2271 1734 2313 luxuriari,

1035 2322 1211 2363 indulgere
1233 2322 1346 2363 genio,
1368 2322 1525 2354 convivia
1546 2322 1734 2364 celebrare,

1034 2372 1097 2403 διο.

1077 2424 1119 2453 18
1143 2421 1211 2453 Nee
1231 2431 1334 2461 regnuv
1353 2420 1420 2452 vini
1433 2420 1562 2452 sortiere
1576 2419 1666 2460 talis]
1689 2420 1731 2452 In

1033 2473 1196 2507 conviviis
1208 2473 1381 2514 eligebant
1398 2476 1532 2504 veteres
1545 2481 1660 2511 regem
1673 2482 1732 2504 seu

1034 2524 1171 2557 bibendi
1185 2523 1398 2564 magistrum,
1410 2522 1466 2554 cui
1476 2522 1643 2564 parebant
1655 2531 1734 2554 cou-

1034 2575 1120 2606 vivae
1158 2583 1298 2612 omnes;
1335 2581 1445 2614 eaque
1474 2572 1599 2604 electio
1627 2571 1734 2604 fiebat

1033 2628 1125 2656 sorte
1149 2629 1186 2655 et
1214 2623 1359 2655 talorum
1377 2622 1488 2664 jactu.
1532 2623 1588 2654 De
1609 2630 1652 2652 eo
1671 2631 1732 2653 nos

1033 2673 1177 2714 amplius
1209 2681 1258 2704 ιι·
1296 2671 1365 2704 Od.
1395 2674 1428 2704 7.
1457 2671 1492 2703 in
1519 2670 1598 2711 tine,
1624 2669 1667 2701 ad
1689 2680 1732 2702 ea

1033 2722 1149 2760 verba,
1173 2722 1183 2739 ‘
1196 2730 1295 2763 quem
1313 2721 1430 2752 Venus
1447 2720 1611 2752 arbitrum
1628 2720 1734 2752 meet

1033 2770 1209 2803 bibendi?
1241 2771 1400 2802 Meminit
1426 2770 1568 2802 Plautus
1596 2770 1731 2802 Asinsr.

1892 3110 1916 3190 fimf-2
