1916 3190
613 235 884 267 canumuu
921 235 1020 266 mn.
1052 235 1084 264 1.
1115 224 1184 266 16.

1541 220 1627 262 143

348 328 528 371 Hostile
548 333 734 372 aratrum
754 329 976 370 exercitus
992 327 1208 369 insolens..
1263 322 1272 329 ”

352 396 592 450 Compesce
611 399 794 436 mentem
811 408 823 446 ;
851 408 921 436 me
940 407 1111 449 quoque
1130 393 1328 448 pectoris

403 462 613 504 Tentavit
630 462 674 503 in
693 461 817 502 dulci
829 460 1015 515 juventa

463 529 648 578 Fervor,
667 533 713 569 et
731 529 775 569 in
792 528 953 569 celeres
973 526 1155 568 lambos

177 630 408 663 Man-dtus.
451 630 602 663 Asinam
615 630 759 672 reprime.
803 630 861 662 Me
880 629 976 662 αὖα.
999 629 1125 670 napulie
1145 628 1413 680 cordiaeurdorja
1433 627 1627 666 muju-

784 714 1022 727 OONOOO‘OOQO

178 771 222 802 Β
243 769 388 802 Mentel.
406 769 552 802 Teatnnit
565 769 661 807 dulei,
682 769 807 801 omissa
829 769 1086 811 praepositione.
1132 768 1291 800 Waddel.
1315 766 1496 800 Animadv.
1522 766 1629 798 Critt.

180 821 216 853 p.
236 814 291 844 ⁴⁸.
313 811 434 844 timide
455 814 544 854 conj.
565 812 683 844 Maeci
706 812 738 843 in
753 811 985 851 ,imm—24
1008 811 1158 845 Quidam
1185 821 1243 853 ap.
1267 810 1363 850 Jaui,
1381 810 1415 842 ia
1440 809 1627 842 celebres.-

719 890 778 923 “9
832 895 975 928 NOTAE

181 957 563 999 commtiuopolitani·
577 958 677 999 irato,
693 958 800 991 refert
815 959 876 991 mi·

181 1013 298 1040 natum
312 1017 387 1040 ease
402 1008 533 1040 civitati
553 1009 762 1048 vastitatem,
775 1008 878 1040 adeo·

181 1066 248 1099 qne
260 1056 388 1099 Ερπρον
400 1059 512 1094 βαλεῖν
522 1059 591 1090 κατ’
606 1058 715 1096 αὐτήν·
737 1062 879 1090 nmirum

182 1107 218 1138 ἐι
238 1117 307 1139 σαι
326 1107 544 1139 ἐπιπείσεαι-ιιι.
586 1108 718 1140 Seneca
741 1108 785 1139 de
803 1108 880 1139 Cle-

184 1156 314 1188 mentia
325 1165 350 1187 ι.
365 1159 419 1188 26.
434 1160 444 1174 ¹
461 1155 611 1197 Injicere
626 1157 730 1188 tectis
745 1156 882 1197 ignem,'

184 1205 311 1247 iuquit,
322 1206 334 1224 ⁸
349 1209 498 1237 aratrum
510 1206 655 1238 vetustis
674 1206 815 1238 urbibus
831 1206 881 1237 iu·

185 1254 327 1293 ducere,
346 1254 536 1295 potentiam
554 1255 680 1296 putat?
720 1256 830 1288 Quem
846 1256 881 1287 in

183 1303 295 1336 loe-m
309 1303 345 1337 J.
362 1304 497 1344 Lipsius
511 1305 598 1337 citat
617 1305 755 1338 Horatii
769 1306 881 1338 locum

184 1361 285 1395 quem
311 1353 535 1394 explicamus,
555 1354 692 1396 aitque:
715 1365 788 1386 mos
806 1359 882 1387 erat

182 1402 253 1438 iate
275 1401 310 1435 iu
333 1402 529 1435 evertendis
550 1403 630 1435 olim
654 1403 816 1436 urbibus:
845 1411 882 1437 et

183 1451 276 1489 sieut
290 1457 407 1484 aratro
421 1452 669 1494 condebantur,
695 1454 745 1486 ita
767 1459 882 1487 aratro

183 1502 314 1543 pariter
327 1502 568 1542 significabant
582 1504 759 1537 exscindi:
783 1504 883 1538 affert

186 1561 319 1594 quoque
343 1552 575 1589 Modestiuum
603 1553 790 1587 Juriscons.
820 1559 829 1573 ⁸
845 1555 883 1587 Si

186 1600 398 1633 ususfructus
426 1602 559 1634 civitati
594 1603 728 1643 legatus
758 1605 818 1644 sit,
846 1611 884 1637 et

187 1655 338 1682 aratrum
373 1651 408 1682 in
439 1660 516 1682 eam
548 1652 735 1693 inducitur,
762 1654 885 1685 civitas

118 1703 127 1711 “
186 1711 264 1734 esse
278 1701 423 1734 desinit:
446 1706 485 1733 ut
503 1712 603 1743 passa
624 1709 678 1735 est
694 1704 884 1746 Carthago;

187 1750 333 1791 ideoque
356 1752 452 1792 quasi
474 1756 582 1783 morte
608 1752 733 1784 desinit
757 1754 883 1785 habere

189 1799 454 1832 usumfructum:
499 1801 588 1832 Vide
611 1802 734 1833 Isidor.
751 1812 813 1834 xv.
830 1806 884 1835 ll.

190 1847 278 1879 Coel.
292 1847 438 1888 Rhodig.
455 1857 558 1881 xxvt.
568 1853 601 1881 5.
615 1850 717 1882 Alex.
731 1852 774 1883 ab
785 1852 885 1885 Alex.

191 1905 242 1929 vt.
259 1899 312 1928 14.
328 1897 385 1928 ubi
400 1908 469 1929 non
483 1898 692 1931 aedificandis
715 1901 815 1933 modo
828 1911 887 1939 ‚ur-

191 1947 300 1986 bibus,
310 1947 371 1979 sed
386 1953 423 1978 et
440 1947 594 1981 funditus
605 1951 798 1982 evertendis
812 1961 887 1982 ara·

192 2001 283 2028 trun
296 1996 410 2028 induci
422 1998 484 2036 ait,
494 1998 592 2039 quasi
602 2004 737 2039 segetes
749 2000 796 2031 ibi
808 2010 886 2032 mox

187 2042 326 2078 ‘futuras
338 2046 567 2078 denotaretur.
612 2046 721 2078 Immo
737 2047 886 2088 quaudo-

192 2105 261 2137 que
282 2099 411 2130 tantum
432 2101 486 2127 est
506 2096 635 2137 odium,
649 2101 766 2129 tantus
789 2099 887 2130 ulcis-

191 2143 292 2176 cendi
305 2145 491 2186 appetitus,
505 2151 544 2177 ut
557 2155 655 2177 versa
667 2151 780 2178 aratro
793 2152 886 2179 terra

188 2194 261 2226 nale
281 2194 511 2236 inspergatur,
539 2195 583 2226 ad
610 2204 684 2227 eam
710 2197 886 2229 sterilitati

190 2243 426 2276 damnandam.
447 2244 549 2277 Quod
565 2245 703 2285 egregie
718 2255 778 2277 suo
793 2256 885 2278 more

189 2293 366 2334 explicans
377 2293 415 2325 S.
430 2292 570 2325 Hieron.
582 2294 616 2324 in
625 2293 751 2326 Mattb.
763 2304 840 2335 cap.
850 2304 884 2326 v.

190 2346 202 2361 ⁴
217 2342 399 2384 Iagimusss
412 2343 534 2384 iuquit,
556 2344 568 2361 ⁸
582 2344 618 2374 in
632 2345 814 2385 scripturis
829 2354 885 2375 ur-

192 2390 252 2423 bes
266 2392 427 2434 quasdam
442 2393 493 2423 ira
507 2392 672 2424 victorum
695 2394 765 2425 sale
787 2394 886 2425 semi·

193 2445 304 2480 natas,
318 2447 356 2473 ut
371 2442 498 2473 nullum
514 2442 548 2473 in
564 2442 646 2483 ipsis
665 2452 803 2483 germen
819 2443 887 2475 ori-

194 2490 311 2522 retur!
351 2490 493 2522 Scilicet
505 2491 619 2524 Judic.
636 2492 735 2532 libro,
745 2502 823 2533 cap.
836 2500 887 2523 tx.

194 2537 371 2572 Ablmelec
407 2540 661 2572 Sichimitaruu
697 2541 887 2573 maledictis

196 2589 415 2620 exacerbatus
428 2598 543 2620 eorum
561 2591 571 2606 ‘
583 2589 701 2621 urbem
717 2591 823 2631 cepit,
839 2591 887 2621 in-

197 2635 354 2668 terfectis
373 2638 620 2671 habitatoribus
644 2641 726 2681 ejus,
746 2641 887 2681 ipsaque

198 2684 387 2726 destructa,
410 2688 459 2719 ita
485 2694 523 2720 ut
552 2690 602 2720 sal
626 2691 659 2721 in
690 2700 731 2722 ea
759 2691 887 2730 disper-

200 2735 320 2775 geret?

971 962 1014 991 22
1038 960 1202 1000 Compesce
1229 959 1379 1000 nentem]
1409 956 1629 999 Quandoqui-

930 1007 1009 1040 dem
1038 1009 1143 1049 igitur
1170 1014 1239 1040 tam
1268 1007 1368 1040 ferox
1397 1014 1434 1039 et
1463 1007 1631 1047 impotens

932 1058 983 1088 ira
999 1063 1065 1098 est,
1079 1062 1118 1089 ut
1139 1059 1180 1090 ad
1205 1058 1325 1090 ultima
1340 1066 1487 1099 quaeque
1505 1062 1633 1097 preter

926 1109 986 1148 jus
1011 1114 1048 1140 et
1075 1108 1127 1140 fas
1156 1109 1283 1150 adigat,
1310 1118 1427 1151 quaeso
1461 1107 1635 1140 obtestor·

932 1167 1012 1199 que,
1025 1167 1068 1190 ne
1087 1158 1121 1190 ei
1141 1158 1328 1199 indulgeas,
1350 1158 1411 1190 sed
1437 1166 1632 1198 compescas

934 1212 1082 1240 mentem
1114 1208 1326 1240 iracundam.
1379 1207 1471 1240 Nam
1502 1212 1540 1239 et
1567 1217 1632 1249 ego

934 1258 1022 1288 male
1038 1267 1092 1288 rue
1107 1257 1174 1298 ipsi
1189 1257 1370 1288 indulsisse
1380 1256 1454 1298 jam
1469 1265 1631 1297 agnosco.

934 1306 1035 1338 Unde
1059 1310 1096 1338 et
1117 1309 1239 1338 mutan
1260 1316 1375 1347 quero.
1428 1305 1635 1339 Juveniliter

935 1357 971 1387 in
992 1357 1125 1397 culpam
1148 1357 1262 1397 lapsus
1286 1366 1381 1388 sum:
1414 1365 1504 1387 nuuc
1526 1359 1632 1386 aetate

935 1404 1047 1437 factus
1061 1405 1263 1447 sapientior,
1273 1406 1378 1437 errati
1391 1405 1524 1436 veniam
1541 1410 1632 1445 peto.

977 1447 1035 1488 Mc
1057 1465 1174 1496 qnoque
1197 1456 1342 1496 pectoris,
1363 1454 1435 1496 ξω]
1464 1455 1517 1486 Ex
1531 1454 1633 1486 dictis

932 1504 1042 1536 infert
1056 1505 1220 1537 Horatius
1233 1505 1323 1537 idem
1338 1503 1412 1536 fere
1424 1503 1514 1546 quod
1531 1503 1636 1535 babet

937 1554 1059 1587 Cicero
1084 1555 1127 1585 ad
1154 1553 1263 1586 Attic.
1282 1563 1309 1587 1.
1333 1556 1384 1586 14.
1414 1559 1423 1572 ⁸
1438 1553 1474 1584 Si
1496 1553 1634 1594 quidem

936 1604 984 1635 ita
994 1605 1168 1645 statueris,
1178 1610 1213 1636 et
1225 1604 1409 1635 irritabiles
1420 1604 1548 1635 animos
1561 1613 1636 1635 esse

937 1654 1142 1693 optimorum
1171 1663 1265 1694 saepe
1289 1654 1474 1691 hominum,
1504 1658 1539 1684 et
1561 1661 1635 1683 eos—

938 1702 1015 1732 dom
1038 1702 1238 1743 placabiles,
1268 1707 1304 1733 et
1331 1712 1406 1734 esse
1429 1704 1515 1733 hanc
1541 1701 1637 1741 agili-

938 1755 1043 1782 tatem
1071 1752 1127 1792 (ut
1157 1752 1206 1782 ita
1233 1751 1361 1791 dicam)
1390 1752 1636 1792 mollitiemque

937 1801 1083 1834 uaturael
1098 1800 1297 1841 plerumque
1329 1801 1495 1839 bonitati3
1526 1805 1574 1841 et,
1600 1800 1637 1831 id

937 1847 1027 1890 quod
1042 1855 1146 1889 eaput
1168 1854 1233 1890 est,
1249 1849 1344 1880 nobis
1366 1850 1457 1880 iuter
1478 1859 1540 1880 nos
1559 1859 1636 1880 uos·

942 1903 994 1928 tra
1016 1897 1089 1929 sive
1112 1897 1336 1939 incommoda,
1359 1899 1432 1930 sive
1452 1899 1548 1937 vitia,
1563 1899 1636 1929 sive

939 1946 1082 1987 injurias
1097 1957 1173 1979 esse
1194 1948 1408 1987 tolerandas3
1434 1947 1536 1980 facile
1549 1949 1637 1987 haec,

938 1995 1221 2036 quemadmodum
1243 2006 1359 2038 spero,
1379 1997 1637 2039 mitigabuntur.

939 2044 1040 2078 Quod
1069 2055 1134 2086 ego
1159 2051 1197 2077 ut
1221 2044 1329 2078 facias
1359 2053 1395 2080 te
1420 2057 1492 2085 oro,
1516 2048 1575 2090 qui
1601 2054 1636 2080 te

940 2094 1039 2126 unice
1054 2095 1184 2136 diligo:
1200 2098 1267 2128 &c-

982 2147 1023 2176 23
1046 2145 1088 2176 In
1109 2146 1194 2177 dulci
1209 2146 1360 2188 ,iuven-ea]
1382 2146 1458 2179 Quo
1481 2147 1636 2188 volupta-

940 2197 1010 2224 tum
1026 2193 1157 2225 avidior
1171 2200 1225 2226 est
1235 2195 1387 2236 juvenis,
1399 2206 1441 2227 eo
1459 2200 1512 2227 est
1525 2196 1637 2226 irrita-

939 2242 1050 2279 bilior,
1071 2243 1100 2274 si
1122 2249 1292 2284 negentur
1310 2254 1362 2276 eae
1378 2245 1420 2276 ad
1436 2255 1520 2286 quas
1535 2246 1635 2276 anhe-

939 2292 999 2330 lat,
1016 2293 1315 2334 vehementiusque
1338 2294 1381 2325 ad
1405 2294 1635 2325 ulciscendum

938 2341 1061 2374 fertur.
1104 2343 1147 2374 Id
1169 2343 1233 2374 sibi
1262 2343 1448 2383 contigisse
1473 2343 1635 2374 Horatius

939 2391 1080 2432 fatetur,
1100 2399 1204 2433 atque
1228 2392 1364 2423 lambos
1387 2393 1437 2424 ita
1459 2392 1638 2432 scripsisse

940 2442 1116 2473 mordaces
1132 2442 1278 2483 quidem,
1292 2441 1371 2471 dum
1388 2451 1453 2472 non
1474 2442 1540 2473 alia
1558 2452 1637 2483 sup·

942 2496 1078 2532 peteret
1091 2491 1179 2522 ratio
1194 2490 1336 2527 sedandi
1353 2491 1499 2522 animum
1522 2501 1637 2524 amore

942 2545 978 2571 et
1003 2540 1055 2571 ira
1067 2540 1241 2578 suu-entem.
1286 2539 1335 2571 At
1356 2549 1447 2571 nunc
1468 2540 1585 2572 laudes
1599 2546 1636 2572 et

941 2589 1095 2620 encomia
1111 2598 1148 2619 se
1163 2589 1368 2628 scripturum
1389 2590 1583 2630 pollicetur,
1599 2596 1637 2622 ut

942 2638 1035 2679 quasi
1051 2637 1164 2668 deleat
1173 2647 1247 2678 quae
1259 2638 1372 2670 tristia
1386 2639 1478 2680 prius
1492 2646 1527 2672 et
1541 2650 1636 2672 acer-

944 2688 985 2718 ba
1011 2687 1210 2727 scripserat.
1255 2687 1355 2725 Nam,
1383 2689 1475 2730 quod
1505 2691 1553 2722 ait
1578 2699 1634 2721 ιιι.

944 2737 1013 2768 0d.
1032 2739 1082 2768 14.
1099 2741 1107 2754 ‘
1125 2737 1224 2768 Lenit
1238 2737 1412 2771 albescens
1433 2740 1560 2772 animos
1579 2750 1635 2771 ca-
