1916 3190
547 567 1301 629 TESTIMONIA

661 754 764 804 DE
819 752 1176 803 HORATIO.

621 1069 810 1110 Ovidius
832 1078 899 1108 lv.
917 1068 1054 1110 Trist.
1077 1069 1144 1109 10.
1164 1069 1236 1110 49.

372 1146 431 1187 Et
451 1146 589 1187 tenuit
605 1150 778 1187 nostras
797 1158 1051 1186 numerosus
1067 1144 1283 1186 Horatius
1302 1156 1447 1194 aures,

430 1213 548 1254 Dum
566 1211 669 1253 ferit
687 1211 890 1253 Ausonia
909 1213 1105 1253 carmina
1124 1211 1244 1253 culta
1262 1211 1371 1266 lyra.

690 1339 929 1381 Petronius
950 1351 1051 1393 cap.
1073 1337 1172 1380 118.

257 1418 479 1460 Homerus
511 1418 654 1468 testis,
683 1423 730 1460 et
767 1417 933 1472 Lyrici‚
966 1417 1288 1471 Romanusque
1328 1415 1561 1470 Virgilius,
1602 1419 1645 1457 et

202 1485 382 1528 Horatii
403 1485 583 1526 curiosa
601 1485 805 1527 felicitas,

699 1603 881 1645 Persius
903 1615 935 1644 ι.
955 1603 1048 1645 Sat.
1070 1602 1169 1644 116.

369 1681 511 1722 Omne
530 1681 654 1722 vafer
672 1682 826 1722 vitium
847 1681 1004 1724 ridenti
1027 1681 1214 1722 Flaccus
1235 1680 1380 1720 amico

366 1748 543 1800 Tangit,
562 1752 606 1788 et
621 1748 842 1789 admissus
861 1749 1024 1788 circum
1045 1746 1293 1800 praecordia
1311 1746 1441 1795 ludit,

368 1813 571 1855 Callidus
590 1826 784 1854 excusso
804 1813 1021 1866 populum
1042 1811 1308 1866 suspendere
1328 1824 1452 1853 naso.

702 1937 1004 1988 Quintilianus
1022 1950 1070 1978 x.
1101 1937 1142 1977 l.

255 2013 400 2056 Multo
421 2018 490 2055 est
510 2014 665 2055 tersior
690 2026 743 2055 ac
772 2027 913 2068 purus
931 2014 1074 2067 magis
1097 2013 1331 2063 Horatius,
1350 2019 1393 2056 et
1411 2015 1470 2057 ad
1489 2022 1645 2058 notan-

197 2081 281 2122 dos
298 2080 519 2127 hominum
538 2094 679 2122 mores
699 2082 951 2135 praecipuus
967 2112 978 2122 .
993 2112 1005 2122 .
1021 2111 1032 2122 .
1048 2111 1058 2120 .
1071 2081 1325 2134 Lyricorum
1351 2082 1469 2123 idem
1498 2083 1645 2126 Hora-

197 2148 287 2189 tius
305 2148 396 2191 fere
415 2148 538 2189 solus
556 2148 641 2201 legi
660 2148 827 2201 dignus.
888 2148 1007 2190 Nam
1036 2152 1082 2190 et
1108 2149 1293 2201 insurgit
1317 2148 1574 2203 aliquando,
1600 2157 1646 2192 et

195 2214 353 2269 plenus
372 2220 443 2255 est
454 2207 741 2268 jucunditatis
757 2220 803 2256 et
823 2216 991 2269 gratiae,
1013 2219 1060 2257 et
1084 2216 1219 2257 variis
1247 2215 1395 2270 figuris
1424 2220 1469 2258 et
1497 2217 1645 2258 verbis

196 2280 449 2322 felicissime
469 2280 630 2322 audax.

246 2403 297 2446 C.
316 2404 449 2446 Cilnii
474 2404 732 2447 Maecenatis
752 2405 1241 2460 Hendecasyllaborum
1263 2405 1595 2459 Fragmentum,

231 2490 237 2495 ·
605 2485 678 2526 ap.
697 2473 854 2514 Isidor.
885 2473 1007 2526 Orig.
1030 2483 1143 2513 xlx.
1161 2473 1235 2514 32.

369 2550 602 2599 Lucentes,
622 2563 724 2591 mea
743 2550 852 2600 vita,
872 2562 954 2589 nec
973 2548 1246 2600 smaragdos,

369 2615 571 2668 Beryllos
592 2615 712 2665 mihi,
733 2615 909 2664 Flacce,
927 2627 1006 2655 nec
1023 2615 1221 2663 nitentes,

370 2680 466 2720 Nec
486 2682 770 2733 praecandida
789 2682 1022 2736 margarita
1042 2693 1194 2734 quaero
1211 2694 1223 2733 ;
