1916 3190
267 212 325 252 46
723 223 786 253 m:
821 223 1003 255 marnis
1037 225 1264 258 HORA‘rn.

272 316 377 353 Noni
399 315 550 367 generis
569 315 671 355 Odae
695 317 761 355 37.

325 379 408 417 Lib.
430 392 460 418 1.
482 378 568 418 Ode
624 380 663 417 9.
691 379 828 425 Vides,
851 387 893 417 ut
913 380 993 418 alta
1013 387 1089 418 stet
1109 380 1196 419 nive
1212 381 1437 421 candidum.

606 444 665 481 16.
697 443 731 480 Ο
755 452 874 482 matre
894 444 1057 495 pulchra
1076 444 1155 482 filia
1175 444 1384 496 pulchrior.

604 508 665 545 17.
695 507 824 545 Velox
844 521 1037 546 amoenum
1058 521 1164 559 saepe
1185 508 1430 547 Lucretilem.

601 570 668 609 26.
698 570 825 608 Musis
845 571 1009 617 amicus,
1039 571 1233 609 tristitiam
1253 579 1294 610 et
1312 579 1452 610 metus.

602 635 669 672 27.
699 633 813 672 Natis
834 634 872 672 in
893 648 1006 673 usum
1027 635 1174 673 laetitiae
1196 635 1367 686 scyphis.

604 699 669 736 29.
700 698 791 745 Icci,
808 699 934 737 beatis
955 712 1059 737 nunc
1079 699 1252 738 Arabum
1272 699 1436 738 invides.

602 763 666 800 31.
695 761 798 805 Quid
821 761 1046 800 dedicatum
1066 762 1194 812 poscit
1218 762 1454 813 Apollinem.

604 827 668 863 34.
697 823 845 863 Parcus
866 826 1037 864 Deorum
1057 825 1183 864 cultor
1201 832 1241 864 et
1259 826 1502 877 infrequens.

608 889 672 927 35.
703 888 737 926 Ο
759 888 862 927 Diva
881 897 1035 940 gratum
1055 902 1144 941 quae
1163 889 1264 940 regis
1280 889 1454 928 Antium.

606 955 670 992 37.
700 954 817 991 Nunc
837 960 898 991 est
915 953 1140 998 bibendum,
1156 966 1260 991 nunc
1281 952 1380 1003 pede
1401 953 1536 992 libero.

409 1030 459 1055 11.
641 1017 675 1054 1.
704 1016 857 1054 Motum
872 1029 921 1054 ex
940 1015 1103 1054 Metello
1121 1015 1283 1053 consule
1302 1015 1480 1055 civicum.

638 1081 676 1118 3.
706 1079 875 1130 AEquam
894 1084 1091 1117 memento
1110 1079 1226 1116 rebus
1240 1079 1279 1116 in
1300 1078 1448 1117 arduis.

637 1146 676 1183 5.
704 1142 892 1181 Nondum
912 1143 1075 1181 subacta
1093 1141 1192 1179 ferre
1204 1140 1345 1192 jugum
1366 1141 1485 1180 valet.

636 1209 674 1245 7.
707 1206 742 1243 Ο
764 1219 870 1257 saepe
891 1218 1043 1244 mecum
1063 1213 1216 1256 tempus
1235 1205 1274 1242 in
1294 1205 1485 1243 ultimum.

637 1273 675 1310 9.
706 1270 797 1308 Non
818 1282 968 1321 semper
987 1269 1129 1307 imbres
1149 1268 1316 1306 nubibus
1336 1268 1531 1319 hispidos.

615 1335 676 1371 11.
706 1331 810 1377 Quid
829 1332 1039 1370 bellicosus
1060 1332 1270 1376 Cantaber,
1290 1338 1330 1370 et
1348 1331 1528 1383 Scythes.

606 1397 631 1433 „l
641 1397 677 1433 3.
707 1395 778 1434 Ille
797 1401 838 1433 et
856 1395 1010 1433 nefasto
1030 1401 1068 1432 te
1087 1394 1220 1446 posuit
1238 1393 1317 1432 die.

614 1460 679 1497 14.
709 1458 844 1497 Eheu!
873 1458 1050 1510 fugaces,
1069 1458 1299 1504 posthume,
1319 1457 1549 1496 Posthume.

617 1524 679 1561 15.
707 1523 730 1561 J
735 1535 797 1561 am
815 1535 944 1574 pauca
963 1529 1090 1561 aratro
1104 1522 1245 1574 jugera
1263 1521 1393 1572 regiae.

614 1587 678 1625 17.
708 1586 788 1624 Cur
807 1599 868 1625 me
887 1585 1054 1638 querelis
1074 1585 1274 1624 exanimas
1294 1584 1386 1622 tuis.

616 1650 677 1688 19.
705 1648 906 1688 Bacchum
924 1649 964 1686 in
984 1648 1142 1687 remotis
1161 1647 1334 1686 carmina
1353 1647 1526 1698 rupibus.

611 1715 675 1752 20.
706 1713 743 1750 N
746 1726 797 1751 on
814 1714 974 1760 usitata,
994 1725 1067 1751 nec
1085 1713 1193 1751 tenui
1213 1712 1325 1750 ferar.

400 1790 471 1815 111.
642 1779 676 1816 l.
706 1776 783 1814 Odi.
802 1778 1009 1828 profanum
1026 1777 1184 1827 vulgus,
1203 1783 1243 1814 et
1262 1787 1391 1814 arceo.

643 1842 682 1879 2.
712 1841 948 1891 Angustam,
968 1840 1096 1885 amici,
1113 1839 1338 1890 pauperiem
1356 1838 1450 1889 pati.

643 1906 680 1941 3.
709 1904 867 1940 Justum
887 1909 928 1941 et
945 1909 1123 1940 tenacem
1144 1901 1332 1953 propositi
1353 1900 1490 1939 virum.

639 1967 679 2001 4.
711 1964 919 2002 Descende
938 1964 1052 2009 coelo,
1071 1972 1111 2001 et
1129 1964 1192 2001 dic
1212 1976 1283 2014 age
1303 1965 1410 2003 tibia.

640 2029 678 2064 5.
710 2026 820 2064 Coelo
840 2032 1042 2063 tonantem
1060 2026 1295 2063 credidimus
1315 2027 1468 2065 Jovem.

638 2090 678 2128 6.
708 2089 864 2127 Delicta
883 2089 1071 2140 majorum
1090 2089 1300 2127 immeritus
1321 2089 1420 2128 lues.

618 2155 682 2191 17.
713 2152 804 2198 AEli,
823 2159 976 2190 vetusto
996 2152 1137 2190 nobilis
1159 2153 1208 2190 ab
1228 2153 1363 2192 Lamo.

614 2217 680 2253 21.
710 2216 745 2253 Ο
764 2221 857 2253 nata
875 2228 1027 2254 mecum
1046 2215 1209 2254 consule
1230 2216 1396 2256 Manlio.

614 2281 682 2318 23.
711 2279 823 2317 Coelo
844 2280 1003 2330 supinas
1024 2279 1056 2317 si
1075 2279 1209 2318 tuleris
1230 2293 1383 2319 manus.

616 2343 682 2380 26.
704 2342 799 2380 'Vixi
824 2342 964 2393 puellis
984 2355 1105 2394 nuper
1125 2342 1303 2381 idoneus.

618 2406 684 2445 29.
712 2405 916 2457 Tyrrhena
935 2418 1070 2457 regum
1090 2405 1311 2456 progenies,
1327 2406 1411 2445 tibi.

415 2484 478 2509 1v.
641 2472 681 2508 4.
711 2469 877 2513 Qualem
896 2470 1114 2507 ministrum
1133 2469 1306 2507 fulminis
1326 2470 1469 2509 alitem.

643 2535 682 2572 9.
713 2534 774 2571 Ne
792 2534 890 2572 forte
910 2533 1048 2572 credas
1072 2533 1289 2580 interitura,
1307 2546 1408 2584 quae.

621 2598 684 2636 14.
713 2596 813 2641 Quae
832 2609 925 2635 cura
943 2603 1109 2648 patrum,
1135 2609 1271 2648 quaeve
1292 2596 1514 2640 Quiritium.

622 2662 684 2698 15.
714 2660 885 2699 Phoebus
904 2659 1096 2698 volentem
1116 2658 1251 2709 praelia
1270 2672 1330 2697 me
1350 2659 1469 2710 loqui.

342 2742 519 2781 Ducum)
529 2756 556 2780 M
576 2755 743 2782 onmis:
765 2751 808 2782 ut
822 2758 855 2784 1.
871 2743 949 2782 Od.
966 2745 1029 2782 ll.
1044 2756 1132 2794 quae
1148 2751 1207 2781 est
1224 2743 1471 2782 Monocolos.
1510 2743 1610 2782 Sunt
1625 2743 1726 2782 enim
