1916 3190
643 207 815 239 uss'mu
847 207 1163 239 aomrrmna.
1564 201 1622 241 53

178 302 290 340 nicea
306 302 450 341 celicam
467 301 662 346 cli-neten
676 315 693 345 ,-
709 307 902 353 corrupte,
917 305 1106 353 quantum
1121 312 1303 352 auguror,
1320 312 1368 338 ex
1382 303 1510 348 ἑνικὴν
1521 307 1621 341 rem-
1655 353 1658 354 ⁷

179 367 246 411 κῆν
260 365 469 414 Διμοιρίαν,
482 369 624 405 remoto
642 365 869 403 He-zameerae‘
883 366 1015 410 Rem,
1028 365 1216 415 reliquum
1230 364 1434 403 'n-ientem.
1489 365 1593 403 Nota
1610 378 1620 402 z

179 426 326 466 Versus
345 428 458 466 certis
484 427 648 479 pedibus
678 428 842 479 alligati,
871 428 938 479 qui
964 426 1330 469 Monoschematisti
1354 427 1532 473 audiunt,
1555 441 1622 478 per

179 491 351 543 syllabas
371 491 562 529 numerari
580 492 802 542 patiuntur;
830 491 935 530 unde
961 489 1200 542 Sapphicum
1214 489 1534 542 Pentasyllabum
1555 503 1623 527 vo-

177 562 302 593 catur.
358 554 520 592 Musicis
539 554 851 593 Choriambicum
875 555 1164 593 Monometrum
1186 553 1568 605 Hypercatalectum.

231 619 269 654 2.
298 616 586 670 Archilochium
622 617 946 669 Heptasyllabum
979 622 1135 656 constat
1163 629 1211 654 ex
1245 617 1338 655 Basi
1363 617 1423 656 vel
1454 616 1623 668 Dipodia

179 677 383 730 Dactylica
413 691 501 716 cum
531 678 739 730 semipede.
797 678 1012 718 Dimetrum
1041 679 1287 731 Dactylicum
1321 679 1624 732 Hypercatalec·

177 747 274 779 tum.
320 741 483 780 Coesura
499 753 547 780 ex
565 741 754 792 superiori
772 749 881 793 parte
897 743 1120 781 Hexametri
1138 742 1481 782 Penthemimeres.
1524 743 1623 780 Sub·

177 803 344 842 nectitur
364 803 613 849 Hexametro,
631 816 692 841 lv.
714 803 794 843 Od.
815 807 855 844 7.

187 887 190 889 -
231 868 268 905 3.
298 865 584 905 Pherecratium
605 868 654 905 ab
671 868 886 907 inventore.
942 868 1195 909 Pherecrates
1214 869 1252 907 in
1270 869 1462 908 Coriano:

608 929 772 981 Ἀνδρεε
789 933 972 983 πρόσχετε
989 932 1054 970 τὸν
1072 937 1160 970 νοῦν

612 994 847 1043 Ἐξευρήματι
871 999 983 1046 κοινᾷ

366 1095 371 1098 ,
619 1055 863 1104 Συμπτύκτοιε
879 1059 1136 1095 ἀναπαίστοις.

176 1119 334 1158 Plocius
355 1117 769 1157 Monoschematistum
791 1127 931 1157 vocat:
951 1119 1070 1158 habet
1085 1120 1186 1158 enim
1203 1119 1326 1171 pedes
1336 1121 1375 1158 in
1389 1120 1528 1159 eodem
1545 1121 1622 1159 situ

175 1181 443 1226 invariabilem
477 1188 522 1218 ut
547 1181 613 1231 qui
637 1181 753 1231 juxta
783 1180 1069 1220 Grammaticos
1094 1181 1248 1220 duobus
1277 1182 1477 1222 hincinde
1497 1183 1623 1234 Spon-

175 1244 273 1283 daeis
293 1243 501 1296 Dactylum
519 1255 672 1294 semper
686 1243 890 1294 interjieiat
903 1243 1073 1282 medium
1089 1257 1101 1287 ς
1120 1243 1226 1283 unde
1241 1251 1280 1283 et
1297 1244 1621 1297 Heptasyllabum

174 1307 258 1346 fieri
276 1319 439 1346 necesse
457 1317 532 1345 esv..
587 1305 704 1350 Quod
724 1305 834 1344 addit
851 1306 954 1345 idem
973 1307 1071 1345 alios
1090 1307 1365 1360 Symptycton,
1394 1308 1491 1347 alios
1513 1310 1620 1347 Ana-

174 1370 379 1422 poesticum
397 1369 540 1414 dicere,
559 1381 692 1407 vereor
711 1377 755 1407 ut
773 1368 946 1408 alterutri
965 1370 1059 1421 quid
1080 1370 1154 1409 sibi
1172 1371 1307 1418 velint,
1326 1372 1422 1410 satis
1441 1372 1621 1411 intellex-

175 1434 298 1472 erint:
335 1445 408 1471 nec
435 1432 537 1470 enim
570 1431 813 1471 Pherecratis
841 1433 958 1471 verba
985 1432 1035 1472 de
1062 1434 1164 1485 pede
1190 1435 1404 1487 Anapoesto
1423 1436 1618 1488 ceperim:

174 1509 263 1536 cum
294 1495 545 1548 Hephoestion
568 1495 756 1535 Metricus
777 1495 1069 1536 Pherecratium
1098 1497 1457 1549 Hephthemimeres
1486 1500 1621 1538 Antis-

159 1560 324 1615 ,pastico
343 1559 476 1611 generi
495 1558 676 1605 vindicet,
703 1558 758 1596 ita
785 1559 935 1597 scilicet
962 1561 1125 1611 partitur
1151 1552 1196 1599 ut
1215 1561 1421 1613 Epitritum
1440 1570 1621 1614 quartum

176 1622 394 1674 complicet,
425 1634 514 1660 cum
542 1621 706 1673 Epitrito
726 1624 847 1673 primo
866 1622 978 1673 cujus
997 1623 1134 1662 ultima
1151 1625 1294 1663 deficit.
1348 1625 1622 1672 Δικατάληκτον

175 1691 292 1724 vocat
308 1691 350 1724 et
366 1686 615 1733 ᾰσννόρτητον
633 1689 723 1724 κατὰ
747 1687 1004 1731 ἁνηπάθειιιν,
1034 1687 1125 1736 quia
1146 1686 1400 1725 Trochaicam
1418 1695 1621 1738 protomen

176 1747 326 1786 claudit
357 1746 529 1784 Iambica
558 1746 771 1784 catalexis:
803 1760 892 1784 cum
912 1747 974 1785 hae
992 1748 1287 1798 conjugationes
1308 1749 1379 1786 sibi
1400 1756 1534 1787 mutuo
1553 1749 1623 1788 ad-

177 1816 392 1848 versentur.
447 1808 810 1858 Sesquiseptenaria
829 1808 1007 1846 clausula
1033 1809 1187 1856 dicitur,
1210 1810 1316 1861 quod
1336 1811 1460 1849 tribus
1479 1811 1622 1864 dissyl-

105 1863 113 1868 “
176 1872 276 1910 labis
294 1871 459 1922 pedibus
476 1870 634 1908 bisectis
654 1870 818 1908 accedat
843 1871 1024 1922 semipes.
1077 1874 1301 1911 Ἀνάπιιισιε
1332 1874 1395 1912 hic
1424 1874 1465 1912 id
1492 1874 1620 1914 valere

175 1934 328 1972 videtur
346 1933 452 1984 quod
470 1933 510 1971 in
530 1932 670 1970 Ionicis
689 1931 933 1970 Ἀνάκλασιε.
988 1933 1064 1971 Pes
1092 1934 1195 1972 enim
1224 1942 1374 1986 septem
1403 1942 1621 1987 temporum

176 2010 265 2036 cnm
282 1996 571 2048 pede-quinque
588 2001 804 2045 temporum
823 1995 937 2033 simul
957 1996 1075 2034 sumti
1090 2004 1235 2047 puncta
1246 1998 1460 2036 conficiunt
1471 1999 1620 2038 duode-

175 2059 250 2098 cim
266 2071 278 2103 3
300 2067 343 2097 ut
359 2058 590 2103 Dimetrum,
607 2057 784 2108 quamvis
804 2057 956 2109 syllaba
974 2057 1143 2105 deficiat,
1172 2068 1300 2098 tamen
1320 2074 1388 2112 per
1404 2061 1508 2101 hanc
1526 2063 1619 2114 Epi-

174 2122 314 2174 plocen
344 2121 452 2159 velut
487 2133 536 2159 ex
572 2121 865 2171 repercussione
894 2121 1025 2172 justos
1062 2123 1241 2161 absolvat
1274 2137 1467 2163 numeros.
1523 2126 1622 2164 Post

175 2184 435 2235 Asclepiadea
451 2183 544 2222 bina
561 2185 718 2234 ponitur
735 2192 924 2235 sequente
943 2185 1150 2237 Glyconio.
1175 2200 1204 2225 1.
1225 2187 1304 2226 Od.
1324 2189 1364 2226 5.
1388 2190 1449 2226 14.
1465 2189 1532 2226 21.
1552 2190 1619 2227 23.

176 2254 216 2286 et
234 2261 307 2286 111.
322 2246 401 2285 Od.
422 2247 538 2285 7.13.

228 2313 268 2349 4.
297 2308 531 2361 Glyconium
550 2309 846 2361 Octasyllabum
862 2323 872 2353 3
890 2310 1044 2348 duobus
1065 2311 1243 2363 Dactylis
1259 2312 1498 2363 Spondoeum
1518 2327 1619 2363 prae-

169 2372 281 2423 jacit.
337 2372 481 2410 Locum
511 2373 669 2409 sortitur
698 2372 802 2424 apud
822 2373 961 2412 Horat.
981 2374 1042 2411 vel
1062 2380 1152 2412 ante
1172 2374 1328 2424 singula
1348 2375 1619 2425 Asclepiaden,

174 2435 236 2473 vel
254 2442 345 2486 post
358 2435 452 2472 bina
469 2447 558 2472 cum
578 2434 839 2482 Pherecratio,
854 2435 916 2473 vel
936 2435 1105 2486 denique
1130 2443 1220 2486 post
1238 2442 1360 2474 terna.
1409 2437 1617 2488 Hemiepos

177 2497 329 2537 dicitur.
385 2497 680 2536 Animadvertas
711 2498 804 2537 licet
838 2498 1074 2549 Glyconium
1100 2498 1346 2537 Pherecratio
1376 2500 1616 2550 praemissum

176 2561 367 2599 'conficere
385 2561 618 2612 Priapeium‚
637 2561 834 2612 quomodo
854 2560 1059 2599 Catullus:

275 2623 390 2661 Hunc
408 2623 538 2662 lucum
556 2622 625 2661 tibi
641 2623 781 2661 dedico
801 2635 1079 2673 consecroque‚
1099 2621 1254 2672 Priape.

178 2683 385 2734 Virgilius:

276 2746 350 2784 Cui
370 2758 445 2784 non
467 2747 597 2785 dictus
617 2747 741 2799 Hylas
759 2761 856 2799 puer
874 2755 914 2787 et
933 2747 1096 2786 Latonia
1114 2745 1264 2785 Delos?
