1916 3190
752 240 796 279 Q.
829 240 1038 271 HORATH
1074 240 1249 272 FLAcm

451 332 566 384 Quis
587 346 672 375 non
693 334 853 376 Latino
874 335 1085 387 sangnine
1104 335 1310 388 pinguior

450 400 645 454 Campus
666 401 879 454 sepulcris
899 401 1038 456 impia
1058 402 1217 456 praelia

505 466 735 518 Testatur,
756 468 1044 523 auditumque
1065 468 1216 510 Medis

567 534 803 588 Hesperiae
825 536 1016 577 sonitum
1038 537 1173 577 ruinae
1187 537 1206 576 ‘l

450 600 540 652 Qui
559 614 730 655 gurgeS‚
753 606 832 643 aut
851 616 952 656 quae
969 603 1148 644 fiumina
1166 602 1362 654 lugubris

450 667 611 721 Ignara
630 668 770 709 belli?
802 669 919 723 quod
940 682 1059 711 mare
1082 669 1275 710 Dauniae

279 795 357 826 rias.
404 795 486 832 Quis
504 805 582 835 ager
603 796 750 836 pinguior
765 794 950 826 Latinorum
970 802 1076 824 cruore
1098 802 1160 824 mm
1179 792 1305 824 exhibet
1329 794 1458 824 tumulis
1477 793 1607 831 infanda
1632 796 1732 825 certa-

279 837 376 877 mina,
389 841 422 869 et
435 839 576 870 cadentis
589 839 693 869 Italia.»
697 838 862 877 fragorem
874 836 980 867 Medis
994 835 1134 866 auditum
1146 839 1159 866 ?
1203 836 1282 870 Quce
1302 844 1429 875 vorago,
1448 836 1539 875 quive
1552 836 1651 876 fluvii
1669 845 1732 866 nou

279 878 430 912 noverunt
449 891 571 922 pugnas
587 881 755 920 funestas?
798 879 928 918 Eccujus
940 878 1036 909 maris
1049 877 1177 917 Apuliae
1189 879 1320 909 colorem
1338 887 1399 909 uon
1412 881 1572 910 mutarunt
1586 880 1732 917 strages?

885 981 1123 994 OOO‘OOOOO‘OO

277 1050 342 1080 ἃς.
360 1048 476 1079 Lamb.
490 1049 647 1079 Torrent.
662 1047 766 1087 Cruq.
791 1047 918 1087 Delph.
934 1046 1047 1077 Bond.
1063 1045 1236 1076 Schrevel.
1254 1045 1374 1078 Heius.
1390 1046 1508 1087 Steph.
1529 1051 1566 1078 et
1591 1045 1730 1078 Wakef.

279 1090 350 1122 Sed
366 1090 444 1122 vide
461 1090 576 1131 Heyn.
592 1089 635 1120 ad
652 1089 748 1129 Virg.
764 1088 840 1119 AEn.
857 1098 893 1119 v.
909 1090 1072 1119 698.-33
1098 1088 1179 1123 Quis
1191 1088 1306 1127 ginges
1324 1088 1419 1120 Harl.
1434 1092 1467 1120 6.
1482 1093 1519 1120 et
1535 1087 1607 1120 Ait.
1622 1090 1652 1119 1.
1667 1088 1732 1119 Lo-

281 1134 375 1164 cher.
391 1137 428 1164 et
442 1132 583 1164 Venett.
605 1133 702 1162 1478.
727 1132 822 1163 1492.
838 1133 934 1162 1590.
968 1129 1217 1170 ecqua-flumina
1233 1130 1369 1162 emend.
1385 1130 1533 1172 Cnning.
1548 1134 1585 1162 et
1605 1129 1730 1162 Sanad.

931 1225 1075 1259 NOTAE

282 1301 383 1342 guine
398 1301 530 1333 illorum
553 1310 688 1333 manes:
712 1305 835 1342 postea
850 1300 978 1341 gladia-

281 1354 374 1381 tores
389 1350 576 1382 introducti
595 1351 637 1382 ad
664 1352 812 1382 tumulos
837 1350 978 1382 defunc-

278 1403 390 1430 torum
414 1404 618 1440 pugnantes.
657 1399 742 1431 Cum
760 1409 840 1430 vero
857 1398 927 1429 dux
944 1399 978 1429 in

281 1447 357 1479 acie
381 1457 489 1480 caesua
515 1453 619 1489 esset,
638 1449 731 1489 capti
755 1458 798 1479 ex
823 1447 977 1479 hostibus

282 1497 325 1529 ad
342 1498 416 1539 ejus
440 1498 637 1539 sepulcrum
661 1497 923 1529 immolabantur
938 1506 978 1528 ac

281 1548 374 1579 velut
389 1547 520 1580 inferiae
542 1549 574 1580 ei
595 1548 833 1580 mittebantur.
877 1547 977 1578 Iliad.

280 1600 321 1629 v.
349 1600 424 1629 175.
466 1597 618 1630 Achilles
643 1597 798 1629 Patrocli
822 1596 979 1628 manibus

280 1646 456 1687 placandis
470 1646 649 1679 duodecim
659 1647 824 1688 Trojauos
837 1650 980 1686 mactat,

282 1700 387 1736 atque
401 1695 436 1726 in
451 1696 525 1737 ejus
548 1706 667 1737 pyram
693 1696 814 1738 injicit.
856 1695 979 1736 Virgil.

281 1744 413 1776 AEneid.
442 1754 479 1777 x.
502 1748 584 1777 -517,
621 1746 631 1763 ‘
656 1746 819 1777 Sulmone
846 1752 980 1776 creatos

281 1792 437 1825 Quatuor
466 1793 519 1825 hic
537 1794 695 1835 juvenes,
724 1794 867 1833 totidem
897 1804 981 1835 quos

281 1841 408 1874 educat
432 1842 555 1884 Ufens,
580 1844 745 1876 Viventes
767 1844 870 1885 rapit,
894 1843 980 1875 infe-

282 1891 349 1923 rias
374 1902 457 1933 quos
482 1893 633 1925 immolet
658 1894 797 1934 umbris,
817 1894 979 1934 Captivo-

283 1950 349 1981 que
379 1943 453 1982 rogi
482 1942 669 1983 perfundat
698 1944 863 1984 sanguine
884 1942 979 1975 flam-

281 1989 377 2020 mas!

323 2039 511 2080 Jugurthae]
527 2040 562 2071 Is
576 2040 653 2072 Rex
667 2041 894 2073 Numidarum
909 2042 980 2074 acri

283 2088 334 2119 vir
349 2087 563 2130 impigroque
587 2090 737 2130 ingenio,
752 2099 851 2121 manu
868 2099 981 2130 prom-

281 2140 350 2176 tus,
385 2142 421 2168 et
457 2138 576 2178 gloriae
614 2138 768 2170 militaris
802 2144 982 2179 appetens,

282 2195 442 2227 magnum
473 2191 509 2218 et
533 2192 630 2218 atrox
651 2187 811 2228 virhque
838 2188 983 2220 victoria

283 2245 360 2267 cum
383 2236 518 2277 Populo
545 2237 696 2268 Romano
722 2236 849 2267 bellum
866 2237 983 2278 gessit,

283 2284 394 2317 donec
422 2286 542 2317 missus
570 2287 606 2318 in
628 2286 826 2318 Numidiam
850 2287 980 2318 Marius

283 2334 466 2374 Jugurthae
492 2333 600 2376 fregit
623 2344 718 2376 opes,
741 2335 921 2376 ipsumque
937 2335 981 2367 ad

285 2387 440 2415 extrema
455 2384 632 2425 compulit.
676 2384 712 2416 Is
730 2383 820 2416 enim
837 2385 879 2416 ad
894 2385 981 2417 Boc-

285 2433 385 2465 chum
395 2434 612 2465 Mauritaniae
627 2443 742 2475 regem
753 2433 873 2475 fugere
883 2444 981 2466 coac-

286 2487 356 2523 tus,
370 2482 413 2515 ab
429 2484 505 2524 ipso
520 2483 687 2525 proditus,
701 2493 743 2515 ac
758 2484 863 2524 Syllae
879 2484 983 2516 tradi-

287 2537 341 2563 tus
356 2537 422 2572 est,
438 2543 458 2564 a
473 2542 540 2574 quo
557 2532 743 2574 perductus
763 2532 807 2564 ad
822 2533 982 2570 Marium,

285 2582 383 2623 hujus
395 2582 604 2623 triumphum
621 2582 799 2614 decoravit
812 2594 821 2613 z
837 2583 981 2625 denique

286 2636 400 2663 trusus
415 2632 450 2663 in
466 2641 653 2672 carcerem,
666 2631 735 2664 illic
746 2641 890 2664 moerore
902 2642 982 2665 con·

287 2680 412 2712 tabuit.
449 2682 501 2713 Ex
514 2682 691 2714 Sallustio.

330 2735 373 2764 29
398 2733 476 2769 Quis
504 2743 564 2764 non
592 2733 708 2765 Latino
735 2733 887 2773 sanguine
914 2733 981 2774 pin-

1029 1300 1124 1339 guior
1138 1298 1291 1340 Campus]
1312 1300 1421 1331 Istum
1443 1299 1564 1331 Poetae
1588 1299 1697 1331 nostri
1713 1309 1734 1332 ι

1034 1349 1197 1380 Pollionis
1224 1349 1416 1381 laudatione
1438 1349 1480 1380 ad
1496 1349 1644 1380 civilium
1661 1349 1733 1380 bel-

1032 1398 1140 1428 lorum
1154 1397 1381 1438 deplorandas
1397 1397 1512 1429 clades
1521 1402 1558 1429 et
1568 1408 1732 1430 oerumnas

1034 1446 1216 1477 transitum
1239 1443 1306 1478 non
1331 1446 1456 1487 probat
1472 1446 1638 1488 Scaliger,
1653 1456 1732 1478 cnm

1032 1498 1146 1526 tamen
1160 1495 1330 1527 Pindarus
1342 1495 1468 1536 aliique
1483 1495 1630 1536 insignes
1643 1495 1733 1528 Poe-

1033 1549 1078 1576 tae
1109 1543 1322 1586 frequentius
1344 1544 1426 1576 nibil
1448 1545 1609 1585 habeant,
1635 1545 1732 1577 nihil-

1032 1603 1098 1634 que
1113 1595 1268 1626 ornatius
1289 1603 1390 1634 quam
1410 1593 1579 1635 ejusmodi
1601 1593 1733 1635 digres-

1033 1643 1157 1682 siones,
1186 1642 1294 1684 iisque
1319 1652 1482 1675 summam
1507 1647 1615 1675 artem
1638 1643 1734 1675 exhi-

1034 1692 1116 1725 bere
1132 1694 1275 1726 soleant.

1076 1748 1116 1777 31
1140 1745 1353 1786 Auditumqne
1370 1745 1473 1777 Medis
1497 1744 1662 1786 Hesper-‘a
1683 1756 1733 1777 so-

1034 1794 1135 1826 nitum
1167 1794 1281 1835 vvinoe]
1324 1795 1468 1827 Tantam
1506 1795 1734 1839 Romanorum

1035 1845 1168 1877 cladem
1185 1851 1220 1877 et
1235 1852 1303 1877 tam
1327 1845 1504 1886 famosam,
1521 1850 1561 1878 ut
1577 1846 1734 1879 remotis·

1035 1895 1128 1927 simis
1144 1905 1251 1938 usque
1266 1895 1310 1927 ad
1326 1896 1508 1928 Orientem
1524 1895 1660 1937 populis
1675 1906 1734 1928 au-

1034 1945 1107 1977 dita
1119 1946 1176 1977 sit.
1223 1947 1278 1978 De
1293 1945 1408 1978 Medis
1423 1951 1460 1979 et
1475 1947 1648 1988 Hesperia
1663 1946 1734 1979 dixi

1034 1996 1096 2027 lib.
1112 2005 1137 2027 1.

1078 2046 1119 2074 34
1144 2043 1299 2084 Daunia]
1323 2044 1365 2075 Id
1380 2048 1446 2084 est,
1460 2043 1610 2086 Apuliae,
1623 2049 1660 2077 nt
1676 2055 1734 2078 no-

1035 2092 1106 2122 tavi
1119 2091 1180 2122 lib.
1197 2101 1223 2123 1.
1268 2093 1368 2124 Hanc
1385 2102 1466 2124 vero
1481 2099 1646 2125 memorat
1660 2094 1733 2126 Ho-

1035 2141 1140 2172 ratius
1160 2150 1201 2172 eo
1225 2141 1315 2182 quod
1331 2150 1393 2181 per
1406 2140 1622 2174 Adriaticum
1639 2152 1733 2174 mare

1036 2190 1152 2221 Caesar
1187 2189 1380 2221 Brundusio
1418 2188 1594 2231 profectus
1629 2190 1734 2223 Pom-

1035 2240 1147 2280 peium
1165 2240 1338 2272 insecutus
1354 2240 1412 2271 sit.
1437 2239 1528 2271 Vide
1541 2240 1733 2274 Comment.

1034 2288 1161 2320 Caesar.
1174 2288 1218 2319 de
1234 2289 1322 2320 Bell.
1337 2288 1440 2320 Civil.
1453 2297 1480 2320 1.
1492 2290 1546 2320 2⁷.
1562 2293 1599 2320 et
1610 2298 1682 2330 seq.
1696 2294 1734 2322 et

1034 2346 1091 2368 111.
1107 2340 1140 2368 2.
1157 2342 1193 2368 et
1208 2347 1280 2379 seq.
1297 2337 1353 2369 ubi
1369 2337 1598 2374 sichabetur:
1623 2341 1632 2356 ⁸
1649 2339 1733 2371 Dic-

1033 2390 1152 2418 tatura
1179 2395 1216 2417 se
1246 2386 1384 2418 abdicat
1413 2387 1540 2427 Caesar,
1573 2386 1618 2418 ab
1647 2387 1732 2419 urbe

1035 2435 1271 2476 proficiscitur,
1294 2435 1588 2478 Brundusiumqne
1614 2446 1731 2478 perve-

1035 2485 1097 2516 nit.
1141 2485 1191 2516 Eo
1209 2485 1358 2526 legiones
1383 2485 1577 2526 duodecim,
1599 2487 1732 2528 equita·

1035 2538 1107 2565 tum
1123 2543 1254 2566 omnem
1269 2534 1382 2567 venire
1390 2536 1551 2576 jusserat.
1573 2536 1643 2568 Sed
1655 2541 1732 2568 tan·

1034 2588 1106 2615 tum
1120 2585 1252 2616 navium
1267 2586 1407 2627 reperit,
1418 2586 1655 2628 &cuugravin
1671 2596 1731 2620 au·

1034 2638 1169 2666 tumnns
1188 2634 1222 2666 in
1237 2634 1378 2678 Apulia,
1401 2635 1598 2678 circumque
1620 2636 1732 2669 Brun-

1034 2683 1192 2725 dusium,'
1206 2686 1270 2716 &c.
