<?xml version="1.0" encoding="UTF-8"?>
<!DOCTYPE html PUBLIC "-//W3C//DTD XHTML 1.0 Transitional//EN"
    "http://www.w3.org/TR/xhtml1/DTD/xhtml1-transitional.dtd">
<html xmlns="http://www.w3.org/1999/xhtml" xml:lang="en" lang="en">
 <head>
  <title>
</title>
<meta http-equiv="Content-Type" content="text/html;charset=utf-8" />
  <meta name='ocr-system' content='tesseract 3.04.00' />
  <meta name='ocr-capabilities' content='ocr_page ocr_carea ocr_par ocr_line ocrx_word'/>
</head>
<body>
  <div class='ocr_page' id='page_1' title='image "./operazeune01horauoft_0180.png"; bbox 0 0 1916 3190; ppageno 0'>
   <div class='ocr_carea' id='block_1_1' title="bbox 228 209 1204 261">
    <p class='ocr_par' dir='ltr' id='par_1_1' title="bbox 228 209 1204 261">
     <span class='ocr_line' id='line_1_1' title="bbox 228 209 1204 261; baseline 0.003 -10"><span class='ocrx_word' id='word_1_1' title='bbox 228 209 312 251; x_wconf 80' lang='lat'><strong><em>172</em></strong></span> <span class='ocrx_word' id='word_1_2' title='bbox 703 223 747 261; x_wconf 82' lang='lat' dir='ltr'><strong><em>Q.</em></strong></span> <span class='ocrx_word' id='word_1_3' title='bbox 780 223 992 253; x_wconf 75' lang='lat' dir='ltr'><strong><em>HORA&#39;rn</em></strong></span> <span class='ocrx_word' id='word_1_4' title='bbox 1029 224 1204 254; x_wconf 65' lang='lat' dir='ltr'><strong><em>amicat</em></strong></span> 
     </span>
    </p>
   </div>
   <div class='ocr_carea' id='block_1_2' title="bbox 402 315 1250 436">
    <p class='ocr_par' dir='ltr' id='par_1_2' title="bbox 402 315 1250 436">
     <span class='ocr_line' id='line_1_2' title="bbox 402 315 1250 368; baseline 0.004 -11"><span class='ocrx_word' id='word_1_5' title='bbox 402 315 635 358; x_wconf 77' lang='lat' dir='ltr'><strong>Adventus</strong></span> <span class='ocrx_word' id='word_1_6' title='bbox 656 316 791 368; x_wconf 86' lang='lat' dir='ltr'><strong><em>foliis,</em></strong></span> <span class='ocrx_word' id='word_1_7' title='bbox 813 330 891 359; x_wconf 89' lang='lat' dir='ltr'><strong><em>seu</em></strong></span> <span class='ocrx_word' id='word_1_8' title='bbox 913 319 1074 360; x_wconf 87' lang='lat' dir='ltr'><strong><em>virides</em></strong></span> <span class='ocrx_word' id='word_1_9' title='bbox 1096 320 1250 360; x_wconf 87' lang='lat' dir='ltr'><strong><em>rubum</em></strong></span> 
     </span>
     <span class='ocr_line' id='line_1_3' title="bbox 458 384 909 436; baseline 0.007 -12"><span class='ocrx_word' id='word_1_10' title='bbox 458 384 696 425; x_wconf 85' lang='lat' dir='ltr'><strong><em>Dimovere</em></strong></span> <span class='ocrx_word' id='word_1_11' title='bbox 716 385 909 436; x_wconf 85' lang='lat' dir='ltr'><strong><em>lacertae,</em></strong></span> 
     </span>
    </p>
   </div>
   <div class='ocr_carea' id='block_1_3' title="bbox 400 451 1227 573">
    <p class='ocr_par' dir='ltr' id='par_1_3' title="bbox 400 451 1227 573">
     <span class='ocr_line' id='line_1_4' title="bbox 514 451 1169 505; baseline 0.003 -14"><span class='ocrx_word' id='word_1_12' title='bbox 514 451 571 493; x_wconf 87' lang='lat' dir='ltr'><strong><em>Et</em></strong></span> <span class='ocrx_word' id='word_1_13' title='bbox 592 451 721 492; x_wconf 86' lang='lat' dir='ltr'><strong><em>corde</em></strong></span> <span class='ocrx_word' id='word_1_14' title='bbox 743 456 788 492; x_wconf 86' lang='lat' dir='ltr'><strong><em>et</em></strong></span> <span class='ocrx_word' id='word_1_15' title='bbox 809 452 995 505; x_wconf 86' lang='lat' dir='ltr'><strong>genibus</strong></span> <span class='ocrx_word' id='word_1_16' title='bbox 1011 453 1169 494; x_wconf 86' lang='lat' dir='ltr'><strong><em>tremit.</em></strong></span> 
     </span>
     <span class='ocr_line' id='line_1_5' title="bbox 400 516 1227 573; baseline 0.005 -16"><span class='ocrx_word' id='word_1_17' title='bbox 400 516 541 571; x_wconf 83' lang='lat' dir='ltr'><strong><em>Atqui</em></strong></span> <span class='ocrx_word' id='word_1_18' title='bbox 562 530 645 558; x_wconf 90' lang='lat' dir='ltr'><strong><em>non</em></strong></span> <span class='ocrx_word' id='word_1_19' title='bbox 666 531 749 571; x_wconf 85' lang='lat' dir='ltr'><strong><em>ego</em></strong></span> <span class='ocrx_word' id='word_1_20' title='bbox 771 524 835 569; x_wconf 86' lang='lat' dir='ltr'><strong><em>te,</em></strong></span> <span class='ocrx_word' id='word_1_21' title='bbox 854 516 977 573; x_wconf 85' lang='lat' dir='ltr'><strong><em>tigris</em></strong></span> <span class='ocrx_word' id='word_1_22' title='bbox 1001 525 1046 561; x_wconf 82' lang='lat' dir='ltr'><strong><em>ut</em></strong></span> <span class='ocrx_word' id='word_1_23' title='bbox 1067 533 1227 573; x_wconf 82' lang='lat' dir='ltr'><strong><em>aspera</em></strong></span> 
     </span>
    </p>
   </div>
   <div class='ocr_carea' id='block_1_4' title="bbox 401 582 1686 641">
    <p class='ocr_par' dir='ltr' id='par_1_4' title="bbox 401 582 1686 641">
     <span class='ocr_line' id='line_1_6' title="bbox 401 582 1686 641; baseline 0.002 -16"><span class='ocrx_word' id='word_1_24' title='bbox 401 582 662 626; x_wconf 82' lang='lat' dir='ltr'><strong><em>Gaetulusve</em></strong></span> <span class='ocrx_word' id='word_1_25' title='bbox 683 585 770 637; x_wconf 85' lang='lat' dir='ltr'><strong><em>leo,</em></strong></span> <span class='ocrx_word' id='word_1_26' title='bbox 792 585 987 640; x_wconf 84' lang='lat' dir='ltr'>frangere</span> <span class='ocrx_word' id='word_1_27' title='bbox 1010 599 1272 641; x_wconf 87' lang='lat' dir='ltr'><strong><em>persequor:</em></strong></span> <span class='ocrx_word' id='word_1_28' title='bbox 1629 587 1686 628; x_wconf 89' lang='lat'><strong><em>10</em></strong></span> 
     </span>
    </p>
   </div>
   <div class='ocr_carea' id='block_1_5' title="bbox 230 707 1689 795">
    <p class='ocr_par' dir='ltr' id='par_1_5' title="bbox 230 707 1689 795">
     <span class='ocr_line' id='line_1_7' title="bbox 230 707 1689 752; baseline 0.002 -15"><span class='ocrx_word' id='word_1_29' title='bbox 230 707 452 750; x_wconf 71' lang='lat' dir='ltr'><strong><em>contremiscit,</em></strong></span> <span class='ocrx_word' id='word_1_30' title='bbox 467 709 534 740; x_wconf 76' lang='lat' dir='ltr'><strong><em>sive</em></strong></span> <span class='ocrx_word' id='word_1_31' title='bbox 545 709 676 747; x_wconf 74' lang='lat' dir='ltr'><strong><em>frondes</em></strong></span> <span class='ocrx_word' id='word_1_32' title='bbox 691 709 769 740; x_wconf 78' lang='lat' dir='ltr'><strong><em>citis</em></strong></span> <span class='ocrx_word' id='word_1_33' title='bbox 784 710 864 740; x_wconf 81' lang='lat' dir='ltr'><strong><em>leves</em></strong></span> <span class='ocrx_word' id='word_1_34' title='bbox 879 719 955 740; x_wconf 79' lang='lat' dir='ltr'><strong><em>aura</em></strong></span> <span class='ocrx_word' id='word_1_35' title='bbox 971 711 1202 752; x_wconf 76' lang='lat' dir='ltr'><strong><em>concutiuntur,</em></strong></span> <span class='ocrx_word' id='word_1_36' title='bbox 1223 712 1288 743; x_wconf 78' lang='lat' dir='ltr'><strong><em>sive</em></strong></span> <span class='ocrx_word' id='word_1_37' title='bbox 1302 711 1413 743; x_wconf 77' lang='lat' dir='ltr'><strong><em>lacerti</em></strong></span> <span class='ocrx_word' id='word_1_38' title='bbox 1434 710 1550 742; x_wconf 74' lang='lat' dir='ltr'><strong><em>virides</em></strong></span> <span class='ocrx_word' id='word_1_39' title='bbox 1562 710 1689 741; x_wconf 69' lang='lat' dir='ltr'><strong><em>dumam</em></strong></span> 
     </span>
     <span class='ocr_line' id='line_1_8' title="bbox 230 751 1687 795; baseline 0.003 -16"><span class='ocrx_word' id='word_1_40' title='bbox 230 754 430 781; x_wconf 76' lang='lat' dir='ltr'><strong><em>commovent.</em></strong></span> <span class='ocrx_word' id='word_1_41' title='bbox 474 751 586 783; x_wconf 81' lang='lat' dir='ltr'><strong><em>Verum</em></strong></span> <span class='ocrx_word' id='word_1_42' title='bbox 602 762 658 792; x_wconf 86' lang='lat' dir='ltr'><strong><em>ego</em></strong></span> <span class='ocrx_word' id='word_1_43' title='bbox 673 755 704 783; x_wconf 82' lang='lat' dir='ltr'><strong><em>te</em></strong></span> <span class='ocrx_word' id='word_1_44' title='bbox 718 761 909 793; x_wconf 74' lang='lat' dir='ltr'><strong><em>nequaquam</em></strong></span> <span class='ocrx_word' id='word_1_45' title='bbox 923 753 1078 794; x_wconf 79' lang='lat' dir='ltr'><strong><em>insequor,</em></strong></span> <span class='ocrx_word' id='word_1_46' title='bbox 1095 758 1129 785; x_wconf 83' lang='lat' dir='ltr'><strong><em>ut</em></strong></span> <span class='ocrx_word' id='word_1_47' title='bbox 1145 754 1309 786; x_wconf 79' lang='lat' dir='ltr'><strong><em>dilacerem</em></strong></span> <span class='ocrx_word' id='word_1_48' title='bbox 1324 754 1413 795; x_wconf 74' lang='lat' dir='ltr'><strong><em>quasi</em></strong></span> <span class='ocrx_word' id='word_1_49' title='bbox 1429 753 1525 793; x_wconf 72' lang='lat' dir='ltr'><strong><em>tigris</em></strong></span> <span class='ocrx_word' id='word_1_50' title='bbox 1538 753 1687 791; x_wconf 75' lang='lat' dir='ltr'><strong><em>violenta,</em></strong></span> 
     </span>
    </p>
   </div>
   <div class='ocr_carea' id='block_1_6' title="bbox 838 846 1080 860">
    <p class='ocr_par' dir='ltr' id='par_1_6' title="bbox 838 846 1080 860">
     <span class='ocr_line' id='line_1_9' title="bbox 838 846 1080 860; baseline 0 0"><span class='ocrx_word' id='word_1_51' title='bbox 838 846 917 860; x_wconf 69' lang='lat'><strong><em>0000</em></strong></span> <span class='ocrx_word' id='word_1_52' title='bbox 921 847 1080 860; x_wconf 68' lang='lat' dir='ltr'><strong><em>OOOOOOOO</em></strong></span> 
     </span>
    </p>
   </div>
   <div class='ocr_carea' id='block_1_7' title="bbox 231 909 1696 1294">
    <p class='ocr_par' dir='ltr' id='par_1_7' title="bbox 231 909 1696 1294">
     <span class='ocr_line' id='line_1_10' title="bbox 232 909 1689 959; baseline 0.001 -21"><span class='ocrx_word' id='word_1_53' title='bbox 232 911 322 957; x_wconf 73' lang='lat' dir='ltr'><strong><em>teste</em></strong></span> <span class='ocrx_word' id='word_1_54' title='bbox 335 909 510 959; x_wconf 53' lang='lat' dir='ltr'><strong><em>lYienagio,</em></strong></span> <span class='ocrx_word' id='word_1_55' title='bbox 535 912 627 953; x_wconf 89' lang='lat' dir='ltr'><strong><em>quod</em></strong></span> <span class='ocrx_word' id='word_1_56' title='bbox 643 913 706 944; x_wconf 81' lang='lat' dir='ltr'><strong><em>iste</em></strong></span> <span class='ocrx_word' id='word_1_57' title='bbox 730 923 773 952; x_wconf 58' lang='lat' dir='ltr'><strong><em>eg</em></strong></span> <span class='ocrx_word' id='word_1_58' title='bbox 797 914 833 946; x_wconf 84' lang='lat' dir='ltr'><strong><em>J.</em></strong></span> <span class='ocrx_word' id='word_1_59' title='bbox 852 914 897 946; x_wconf 85' lang='lat' dir='ltr'><strong><em>G.</em></strong></span> <span class='ocrx_word' id='word_1_60' title='bbox 914 914 1046 946; x_wconf 83' lang='lat' dir='ltr'><strong><em>Graevii</em></strong></span> <span class='ocrx_word' id='word_1_61' title='bbox 1072 914 1116 946; x_wconf 89' lang='lat' dir='ltr'><strong><em>ad</em></strong></span> <span class='ocrx_word' id='word_1_62' title='bbox 1143 924 1180 946; x_wconf 82' lang='lat' dir='ltr'><strong><em>se</em></strong></span> <span class='ocrx_word' id='word_1_63' title='bbox 1205 914 1296 946; x_wconf 75' lang='lat' dir='ltr'><strong><em>datis</em></strong></span> <span class='ocrx_word' id='word_1_64' title='bbox 1318 913 1440 952; x_wconf 75' lang='lat' dir='ltr'><strong><em>literis,</em></strong></span> <span class='ocrx_word' id='word_1_65' title='bbox 1467 916 1503 943; x_wconf 87' lang='lat' dir='ltr'><strong><em>et</em></strong></span> <span class='ocrx_word' id='word_1_66' title='bbox 1529 914 1611 942; x_wconf 85' lang='lat' dir='ltr'><strong><em>nota</em></strong></span> <span class='ocrx_word' id='word_1_67' title='bbox 1644 909 1689 940; x_wconf 75' lang='lat' dir='ltr'><strong><em>N.</em></strong></span> 
     </span>
     <span class='ocr_line' id='line_1_11' title="bbox 234 949 1691 1000; baseline 0.001 -19"><span class='ocrx_word' id='word_1_68' title='bbox 234 949 368 1000; x_wconf 64' lang='lat' dir='ltr'><strong><em>Heinsn</em></strong></span> <span class='ocrx_word' id='word_1_69' title='bbox 386 953 428 983; x_wconf 85' lang='lat' dir='ltr'><strong><em>ad</em></strong></span> <span class='ocrx_word' id='word_1_70' title='bbox 455 954 636 985; x_wconf 81' lang='lat' dir='ltr'><strong>Horatium</strong></span> <span class='ocrx_word' id='word_1_71' title='bbox 661 965 771 995; x_wconf 79' lang='lat' dir='ltr'><strong><em>suum,</em></strong></span> <span class='ocrx_word' id='word_1_72' title='bbox 794 957 868 996; x_wconf 81' lang='lat' dir='ltr'><strong><em>ipse</em></strong></span> <span class='ocrx_word' id='word_1_73' title='bbox 895 956 1011 988; x_wconf 81' lang='lat' dir='ltr'><strong>refert.</strong></span> <span class='ocrx_word' id='word_1_74' title='bbox 1055 958 1149 990; x_wconf 82' lang='lat' dir='ltr'><strong><em>Quin</em></strong></span> <span class='ocrx_word' id='word_1_75' title='bbox 1172 957 1279 988; x_wconf 88' lang='lat' dir='ltr'><strong><em>multo</em></strong></span> <span class='ocrx_word' id='word_1_76' title='bbox 1306 961 1388 988; x_wconf 81' lang='lat' dir='ltr'><strong><em>ante</em></strong></span> <span class='ocrx_word' id='word_1_77' title='bbox 1412 956 1447 986; x_wconf 89' lang='lat' dir='ltr'><strong><em>in</em></strong></span> <span class='ocrx_word' id='word_1_78' title='bbox 1471 952 1605 993; x_wconf 84' lang='lat' dir='ltr'><strong><em>Gogavi</em></strong></span> <span class='ocrx_word' id='word_1_79' title='bbox 1629 951 1691 983; x_wconf 86' lang='lat' dir='ltr'><strong><em>lib.</em></strong></span> 
     </span>
     <span class='ocr_line' id='line_1_12' title="bbox 232 994 1692 1038; baseline 0.001 -15"><span class='ocrx_word' id='word_1_80' title='bbox 232 1002 345 1024; x_wconf 80' lang='lat' dir='ltr'><strong><em>omiss.</em></strong></span> <span class='ocrx_word' id='word_1_81' title='bbox 361 997 415 1025; x_wconf 84' lang='lat'><strong><em>26.</em></strong></span> <span class='ocrx_word' id='word_1_82' title='bbox 431 994 504 1035; x_wconf 88' lang='lat' dir='ltr'><strong><em>(ed.</em></strong></span> <span class='ocrx_word' id='word_1_83' title='bbox 522 996 635 1037; x_wconf 79' lang='lat'>1567.)</span> <span class='ocrx_word' id='word_1_84' title='bbox 650 1007 724 1028; x_wconf 83' lang='lat' dir='ltr'><strong><em>esse</em></strong></span> <span class='ocrx_word' id='word_1_85' title='bbox 737 1007 812 1029; x_wconf 87' lang='lat' dir='ltr'><strong><em>eam</em></strong></span> <span class='ocrx_word' id='word_1_86' title='bbox 826 998 1061 1038; x_wconf 78' lang='lat' dir='ltr'><strong><em>conjecturam</em></strong></span> <span class='ocrx_word' id='word_1_87' title='bbox 1077 1004 1227 1031; x_wconf 77' lang='lat' dir='ltr'><strong><em>testatur</em></strong></span> <span class='ocrx_word' id='word_1_88' title='bbox 1242 999 1388 1038; x_wconf 80' lang='lat' dir='ltr'><strong><em>Cuning.</em></strong></span> <span class='ocrx_word' id='word_1_89' title='bbox 1399 996 1580 1029; x_wconf 78' lang='lat' dir='ltr'><strong><em>Animadv.</em></strong></span> <span class='ocrx_word' id='word_1_90' title='bbox 1590 1005 1624 1034; x_wconf 92' lang='lat' dir='ltr'><strong><em>p.</em></strong></span> <span class='ocrx_word' id='word_1_91' title='bbox 1635 996 1692 1025; x_wconf 78' lang='lat'><strong><em>4⁷.</em></strong></span> 
     </span>
     <span class='ocr_line' id='line_1_13' title="bbox 233 1034 1694 1082; baseline -0.001 -16"><span class='ocrx_word' id='word_1_92' title='bbox 233 1034 297 1066; x_wconf 84' lang='lat' dir='ltr'><strong><em>Est</em></strong></span> <span class='ocrx_word' id='word_1_93' title='bbox 313 1045 355 1067; x_wconf 86' lang='lat' dir='ltr'><strong><em>ea</em></strong></span> <span class='ocrx_word' id='word_1_94' title='bbox 370 1037 563 1069; x_wconf 84' lang='lat' dir='ltr'>emendatio</span> <span class='ocrx_word' id='word_1_95' title='bbox 581 1048 642 1078; x_wconf 90' lang='lat' dir='ltr'><strong><em>per</em></strong></span> <span class='ocrx_word' id='word_1_96' title='bbox 665 1049 701 1070; x_wconf 89' lang='lat' dir='ltr'><strong><em>se</em></strong></span> <span class='ocrx_word' id='word_1_97' title='bbox 723 1039 924 1071; x_wconf 81' lang='lat' dir='ltr'><strong><em>doctissima</em></strong></span> <span class='ocrx_word' id='word_1_98' title='bbox 950 1046 1115 1082; x_wconf 84' lang='lat' dir='ltr'><strong><em>tantoque</em></strong></span> <span class='ocrx_word' id='word_1_99' title='bbox 1141 1041 1264 1072; x_wconf 83' lang='lat' dir='ltr'><strong><em>critico</em></strong></span> <span class='ocrx_word' id='word_1_100' title='bbox 1290 1039 1454 1072; x_wconf 88' lang='lat' dir='ltr'><strong><em>Bentleio</em></strong></span> <span class='ocrx_word' id='word_1_101' title='bbox 1479 1036 1694 1078; x_wconf 78' lang='lat' dir='ltr'><strong><em>dignissima.</em></strong></span> 
     </span>
     <span class='ocr_line' id='line_1_14' title="bbox 232 1075 1694 1128; baseline 0 -20"><span class='ocrx_word' id='word_1_102' title='bbox 232 1077 380 1118; x_wconf 81' lang='lat' dir='ltr'>Egregie</span> <span class='ocrx_word' id='word_1_103' title='bbox 395 1081 604 1128; x_wconf 75' lang='lat' dir='ltr'><strong><em>conveniunt</em></strong></span> <span class='ocrx_word' id='word_1_104' title='bbox 617 1081 733 1122; x_wconf 72' lang='lat' dir='ltr'><strong><em>vepria,</em></strong></span> <span class='ocrx_word' id='word_1_105' title='bbox 753 1092 778 1114; x_wconf 80' lang='lat' dir='ltr'><strong><em>s.</em></strong></span> <span class='ocrx_word' id='word_1_106' title='bbox 805 1082 995 1124; x_wconf 85' lang='lat' dir='ltr'>dumetum,</span> <span class='ocrx_word' id='word_1_107' title='bbox 1019 1088 1055 1115; x_wconf 90' lang='lat' dir='ltr'><strong><em>et</em></strong></span> <span class='ocrx_word' id='word_1_108' title='bbox 1081 1084 1290 1115; x_wconf 71' lang='lat' dir='ltr'><strong><em>inhorrescere</em></strong></span> <span class='ocrx_word' id='word_1_109' title='bbox 1311 1082 1428 1125; x_wconf 82' lang='lat' dir='ltr'><strong><em>(Virg.</em></strong></span> <span class='ocrx_word' id='word_1_110' title='bbox 1443 1081 1510 1114; x_wconf 81' lang='lat' dir='ltr'><strong><em>Ge.</em></strong></span> <span class='ocrx_word' id='word_1_111' title='bbox 1525 1088 1584 1111; x_wconf 80' lang='grc' dir='ltr'>ιιι.</span> <span class='ocrx_word' id='word_1_112' title='bbox 1598 1075 1694 1117; x_wconf 74' lang='grc'>315.)</span> 
     </span>
     <span class='ocr_line' id='line_1_15' title="bbox 232 1120 1694 1167; baseline 0 -16"><span class='ocrx_word' id='word_1_113' title='bbox 232 1120 316 1151; x_wconf 81' lang='lat' dir='ltr'><strong><em>item</em></strong></span> <span class='ocrx_word' id='word_1_114' title='bbox 330 1130 433 1161; x_wconf 71' lang='lat' dir='ltr'><strong><em>vepris</em></strong></span> <span class='ocrx_word' id='word_1_115' title='bbox 449 1126 483 1153; x_wconf 84' lang='lat' dir='ltr'><strong><em>et</em></strong></span> <span class='ocrx_word' id='word_1_116' title='bbox 499 1123 615 1160; x_wconf 73' lang='lat' dir='ltr'><strong><em>rubus3</em></strong></span> <span class='ocrx_word' id='word_1_117' title='bbox 641 1129 712 1155; x_wconf 89' lang='lat' dir='ltr'><strong><em>tum</em></strong></span> <span class='ocrx_word' id='word_1_118' title='bbox 729 1134 772 1156; x_wconf 88' lang='lat' dir='ltr'><strong><em>ex</em></strong></span> <span class='ocrx_word' id='word_1_119' title='bbox 785 1126 889 1166; x_wconf 62' lang='lat' dir='ltr'><strong><em>vqm&#39;s</em></strong></span> <span class='ocrx_word' id='word_1_120' title='bbox 905 1124 1069 1157; x_wconf 82' lang='lat' dir='ltr'>facillime</span> <span class='ocrx_word' id='word_1_121' title='bbox 1086 1126 1199 1157; x_wconf 76' lang='lat' dir='ltr'><strong><em>enasci</em></strong></span> <span class='ocrx_word' id='word_1_122' title='bbox 1216 1125 1330 1167; x_wconf 88' lang='lat' dir='ltr'><strong><em>potuit</em></strong></span> <span class='ocrx_word' id='word_1_123' title='bbox 1344 1122 1453 1157; x_wconf 54' lang='lat' dir='ltr'><strong><em>oeric?</em></strong></span> <span class='ocrx_word' id='word_1_124' title='bbox 1466 1123 1560 1156; x_wconf 75' lang='lat' dir='ltr'><strong><em>Juni.</em></strong></span> <span class='ocrx_word' id='word_1_125' title='bbox 1605 1120 1694 1152; x_wconf 83' lang='lat' dir='ltr'><strong><em>Nos-</em></strong></span> 
     </span>
     <span class='ocr_line' id='line_1_16' title="bbox 233 1164 1694 1213; baseline 0 -20"><span class='ocrx_word' id='word_1_126' title='bbox 233 1165 321 1194; x_wconf 83' lang='lat' dir='ltr'><strong><em>tram</em></strong></span> <span class='ocrx_word' id='word_1_127' title='bbox 351 1164 532 1213; x_wconf 77' lang='lat' dir='ltr'><strong><em>lectionem</em></strong></span> <span class='ocrx_word' id='word_1_128' title='bbox 561 1170 704 1197; x_wconf 84' lang='lat' dir='ltr'><strong><em>tuentur</em></strong></span> <span class='ocrx_word' id='word_1_129' title='bbox 724 1167 823 1199; x_wconf 87' lang='lat' dir='ltr'>codd.</span> <span class='ocrx_word' id='word_1_130' title='bbox 847 1173 884 1199; x_wconf 86' lang='lat' dir='ltr'><strong><em>et</em></strong></span> <span class='ocrx_word' id='word_1_131' title='bbox 909 1173 997 1201; x_wconf 85' lang='lat' dir='ltr'><strong><em>vett.</em></strong></span> <span class='ocrx_word' id='word_1_132' title='bbox 1023 1168 1102 1200; x_wconf 88' lang='lat' dir='ltr'><strong><em>edd.</em></strong></span> <span class='ocrx_word' id='word_1_133' title='bbox 1129 1177 1259 1204; x_wconf 80' lang='lat' dir='ltr'><strong><em>omnes.</em></strong></span> <span class='ocrx_word' id='word_1_134' title='bbox 1276 1168 1395 1200; x_wconf 80' lang='lat' dir='ltr'><strong><em>Lamb.</em></strong></span> <span class='ocrx_word' id='word_1_135' title='bbox 1412 1165 1694 1207; x_wconf 69' lang='lat' dir='ltr'><strong><em>Orno-Torreat.</em></strong></span> 
     </span>
     <span class='ocr_line' id='line_1_17' title="bbox 231 1205 1695 1248; baseline -0.001 -12"><span class='ocrx_word' id='word_1_136' title='bbox 231 1205 354 1246; x_wconf 88' lang='lat' dir='ltr'><strong><em>Steph.</em></strong></span> <span class='ocrx_word' id='word_1_137' title='bbox 365 1205 460 1247; x_wconf 87' lang='lat' dir='ltr'><strong><em>Jam,</em></strong></span> <span class='ocrx_word' id='word_1_138' title='bbox 478 1207 620 1248; x_wconf 86' lang='lat' dir='ltr'><strong><em>Bipont.</em></strong></span> <span class='ocrx_word' id='word_1_139' title='bbox 638 1209 782 1241; x_wconf 77' lang='lat' dir='ltr'><strong><em>Mitsch.</em></strong></span> <span class='ocrx_word' id='word_1_140' title='bbox 798 1216 834 1242; x_wconf 83' lang='lat' dir='ltr'><strong><em>et</em></strong></span> <span class='ocrx_word' id='word_1_141' title='bbox 846 1211 1060 1243; x_wconf 76' lang='lat' dir='ltr'><strong><em>wetzel.—⁷</em></strong></span> <span class='ocrx_word' id='word_1_142' title='bbox 1076 1211 1246 1243; x_wconf 81' lang='lat' dir='ltr'><strong><em>Dimovere</em></strong></span> <span class='ocrx_word' id='word_1_143' title='bbox 1260 1211 1372 1242; x_wconf 75' lang='lat' dir='ltr'><strong><em>lacerti</em></strong></span> <span class='ocrx_word' id='word_1_144' title='bbox 1389 1211 1491 1242; x_wconf 78' lang='lat' dir='ltr'><strong><em>Dess-</em></strong></span> <span class='ocrx_word' id='word_1_145' title='bbox 1507 1211 1584 1239; x_wconf 73' lang='lat' dir='ltr'><strong><em>Let</em></strong></span> <span class='ocrx_word' id='word_1_146' title='bbox 1597 1207 1695 1237; x_wconf 76' lang='lat' dir='ltr'><strong><em>Dess-</em></strong></span> 
     </span>
     <span class='ocr_line' id='line_1_18' title="bbox 233 1246 1696 1294; baseline 0 -16"><span class='ocrx_word' id='word_1_147' title='bbox 233 1249 265 1278; x_wconf 83' lang='lat'><strong><em>2.</em></strong></span> <span class='ocrx_word' id='word_1_148' title='bbox 281 1257 302 1278; x_wconf 86' lang='lat' dir='ltr'><strong><em>a</em></strong></span> <span class='ocrx_word' id='word_1_149' title='bbox 324 1257 370 1280; x_wconf 85' lang='lat' dir='ltr'><strong><em>m.</em></strong></span> <span class='ocrx_word' id='word_1_150' title='bbox 385 1253 521 1281; x_wconf 62' lang='lat' dir='ltr'><strong><em>sem—9</em></strong></span> <span class='ocrx_word' id='word_1_151' title='bbox 543 1249 644 1291; x_wconf 75' lang='lat' dir='ltr'><strong><em>Atqui</em></strong></span> <span class='ocrx_word' id='word_1_152' title='bbox 666 1262 727 1283; x_wconf 83' lang='lat' dir='ltr'><strong><em>non</em></strong></span> <span class='ocrx_word' id='word_1_153' title='bbox 752 1262 809 1292; x_wconf 81' lang='lat' dir='ltr'><strong><em>ego</em></strong></span> <span class='ocrx_word' id='word_1_154' title='bbox 831 1253 938 1294; x_wconf 67' lang='lat' dir='ltr'><strong><em>tygris</em></strong></span> <span class='ocrx_word' id='word_1_155' title='bbox 964 1254 1054 1285; x_wconf 73' lang='lat' dir='ltr'><strong><em>velud</em></strong></span> <span class='ocrx_word' id='word_1_156' title='bbox 1078 1263 1190 1294; x_wconf 76' lang='lat' dir='ltr'><strong><em>aspera</em></strong></span> <span class='ocrx_word' id='word_1_157' title='bbox 1213 1253 1313 1286; x_wconf 82' lang='lat' dir='ltr'><strong>Harl.</strong></span> <span class='ocrx_word' id='word_1_158' title='bbox 1327 1254 1451 1284; x_wconf 82' lang='grc'><strong>4.-10</strong></span> <span class='ocrx_word' id='word_1_159' title='bbox 1472 1250 1579 1283; x_wconf 81' lang='lat' dir='ltr'><strong><em>Multi</em></strong></span> <span class='ocrx_word' id='word_1_160' title='bbox 1595 1246 1696 1281; x_wconf 83' lang='lat' dir='ltr'>codd.</span> 
     </span>
    </p>
   </div>
   <div class='ocr_carea' id='block_1_8' title="bbox 233 1348 1697 1453">
    <p class='ocr_par' dir='ltr' id='par_1_8' title="bbox 233 1348 1697 1453">
     <span class='ocr_line' id='line_1_19' title="bbox 890 1348 1034 1381; baseline -0.007 0"><span class='ocrx_word' id='word_1_161' title='bbox 890 1348 1034 1381; x_wconf 76' lang='lat' dir='ltr'>NO&#39;I&#39;AE</span> 
     </span>
     <span class='ocr_line' id='line_1_20' title="bbox 233 1402 1697 1453; baseline -0.009 -3"><span class='ocrx_word' id='word_1_162' title='bbox 233 1411 321 1439; x_wconf 64' lang='lat'>“⁰¹¹¹</span> <span class='ocrx_word' id='word_1_163' title='bbox 346 1409 529 1449; x_wconf 63' lang='lat' dir='ltr'><strong><em>qum-emi,</em></strong></span> <span class='ocrx_word' id='word_1_164' title='bbox 554 1419 630 1442; x_wconf 90' lang='lat' dir='ltr'><strong><em>cum</em></strong></span> <span class='ocrx_word' id='word_1_165' title='bbox 661 1411 756 1442; x_wconf 88' lang='lat' dir='ltr'><strong><em>vite?</em></strong></span> <span class='ocrx_word' id='word_1_166' title='bbox 801 1412 938 1452; x_wconf 87' lang='lat' dir='ltr'><strong><em>Legunt</em></strong></span> <span class='ocrx_word' id='word_1_167' title='bbox 994 1412 1119 1453; x_wconf 81' lang='lat' dir='ltr'><strong>Apollo</strong></span> <span class='ocrx_word' id='word_1_168' title='bbox 1137 1402 1310 1452; x_wconf 74' lang='lat' dir='ltr'><strong><em>Daphnen</em></strong></span> <span class='ocrx_word' id='word_1_169' title='bbox 1336 1411 1540 1452; x_wconf 79' lang='lat' dir='ltr'><strong><em>insequens:</em></strong></span> <span class='ocrx_word' id='word_1_170' title='bbox 1565 1406 1697 1448; x_wconf 79' lang='lat' dir='ltr'><strong><em>‘Nym-</em></strong></span> 
     </span>
    </p>
   </div>
   <div class='ocr_carea' id='block_1_9' title="bbox 232 1457 940 1703">
    <p class='ocr_par' dir='ltr' id='par_1_9' title="bbox 232 1457 940 1703">
     <span class='ocr_line' id='line_1_21' title="bbox 233 1457 939 1498; baseline 0.008 -10"><span class='ocrx_word' id='word_1_171' title='bbox 233 1457 336 1498; x_wconf 88' lang='lat' dir='ltr'><strong><em>vulgo</em></strong></span> <span class='ocrx_word' id='word_1_172' title='bbox 354 1469 365 1489; x_wconf 73' lang='grc' dir='ltr'>ε</span> <span class='ocrx_word' id='word_1_173' title='bbox 399 1459 486 1490; x_wconf 82' lang='lat' dir='ltr'><strong><em>Nom</em></strong></span> <span class='ocrx_word' id='word_1_174' title='bbox 506 1470 560 1491; x_wconf 72' lang='lat' dir='ltr'><strong><em>seu</em></strong></span> <span class='ocrx_word' id='word_1_175' title='bbox 589 1460 753 1493; x_wconf 77' lang='lat' dir='ltr'><strong><em>mobilibus</em></strong></span> <span class='ocrx_word' id='word_1_176' title='bbox 779 1462 862 1493; x_wconf 69' lang='lat' dir='ltr'><strong><em>veris</em></strong></span> <span class='ocrx_word' id='word_1_177' title='bbox 888 1462 939 1493; x_wconf 84' lang='lat' dir='ltr'><strong><em>in-</em></strong></span> 
     </span>
     <span class='ocr_line' id='line_1_22' title="bbox 232 1508 937 1552; baseline 0.007 -14"><span class='ocrx_word' id='word_1_178' title='bbox 232 1508 357 1539; x_wconf 76' lang='lat' dir='ltr'><strong><em>horruit</em></strong></span> <span class='ocrx_word' id='word_1_179' title='bbox 383 1508 548 1540; x_wconf 68' lang='lat' dir='ltr'><strong><em>Adventus</em></strong></span> <span class='ocrx_word' id='word_1_180' title='bbox 563 1510 676 1549; x_wconf 70' lang='lat' dir='ltr'><strong><em>soliis.-</em></strong></span> <span class='ocrx_word' id='word_1_181' title='bbox 700 1515 738 1542; x_wconf 91' lang='lat' dir='ltr'><strong><em>ut</em></strong></span> <span class='ocrx_word' id='word_1_182' title='bbox 758 1511 803 1542; x_wconf 83' lang='lat' dir='ltr'><strong><em>sit</em></strong></span> <span class='ocrx_word' id='word_1_183' title='bbox 817 1511 937 1552; x_wconf 82' lang='lat' dir='ltr'><strong><em>hypal-</em></strong></span> 
     </span>
     <span class='ocr_line' id='line_1_23' title="bbox 235 1557 937 1599; baseline 0.006 -10"><span class='ocrx_word' id='word_1_184' title='bbox 235 1557 324 1599; x_wconf 83' lang='lat' dir='ltr'><strong><em>lage,</em></strong></span> <span class='ocrx_word' id='word_1_185' title='bbox 336 1567 398 1599; x_wconf 91' lang='lat' dir='ltr'><strong><em>pro</em></strong></span> <span class='ocrx_word' id='word_1_186' title='bbox 412 1569 423 1591; x_wconf 70' lang='grc' dir='ltr'>ε</span> <span class='ocrx_word' id='word_1_187' title='bbox 441 1559 506 1590; x_wconf 90' lang='lat' dir='ltr'><strong><em>Seu</em></strong></span> <span class='ocrx_word' id='word_1_188' title='bbox 519 1559 602 1592; x_wconf 86' lang='lat' dir='ltr'><strong><em>folia</em></strong></span> <span class='ocrx_word' id='word_1_189' title='bbox 619 1561 707 1592; x_wconf 83' lang='lat' dir='ltr'><strong><em>veris</em></strong></span> <span class='ocrx_word' id='word_1_190' title='bbox 723 1562 873 1593; x_wconf 86' lang='lat' dir='ltr'><strong><em>adventu</em></strong></span> <span class='ocrx_word' id='word_1_191' title='bbox 888 1561 937 1592; x_wconf 86' lang='lat' dir='ltr'><strong><em>in-</em></strong></span> 
     </span>
     <span class='ocr_line' id='line_1_24' title="bbox 233 1609 938 1653; baseline 0.003 -13"><span class='ocrx_word' id='word_1_192' title='bbox 233 1609 399 1642; x_wconf 83' lang='lat' dir='ltr'><strong><em>horruere</em></strong></span> <span class='ocrx_word' id='word_1_193' title='bbox 422 1615 527 1650; x_wconf 86' lang='lat' dir='ltr'><strong><em>mota,</em></strong></span> <span class='ocrx_word' id='word_1_194' title='bbox 543 1611 678 1644; x_wconf 87' lang='lat' dir='ltr'><strong><em>scilicet</em></strong></span> <span class='ocrx_word' id='word_1_195' title='bbox 702 1616 805 1643; x_wconf 90' lang='lat' dir='ltr'><strong><em>vento</em></strong></span> <span class='ocrx_word' id='word_1_196' title='bbox 829 1611 938 1653; x_wconf 88' lang='lat' dir='ltr'><strong><em>quoli-</em></strong></span> 
     </span>
     <span class='ocr_line' id='line_1_25' title="bbox 234 1659 940 1703; baseline 0.004 -12"><span class='ocrx_word' id='word_1_197' title='bbox 234 1659 296 1691; x_wconf 88' lang='lat' dir='ltr'><strong><em>bet</em></strong></span> <span class='ocrx_word' id='word_1_198' title='bbox 310 1660 416 1700; x_wconf 82' lang='lat' dir='ltr'><strong><em>tenui,</em></strong></span> <span class='ocrx_word' id='word_1_199' title='bbox 431 1666 512 1700; x_wconf 85' lang='lat' dir='ltr'><strong><em>puta</em></strong></span> <span class='ocrx_word' id='word_1_200' title='bbox 534 1661 706 1703; x_wconf 78' lang='lat' dir='ltr'><strong><em>Zephyro.</em></strong></span> <span class='ocrx_word' id='word_1_201' title='bbox 750 1662 851 1696; x_wconf 85' lang='lat' dir='ltr'><strong><em>Quod</em></strong></span> <span class='ocrx_word' id='word_1_202' title='bbox 875 1672 940 1694; x_wconf 86' lang='lat' dir='ltr'><strong><em>nec</em></strong></span> 
     </span>
    </p>
   </div>
   <div class='ocr_carea' id='block_1_10' title="bbox 235 1709 981 1751">
    <p class='ocr_par' dir='ltr' id='par_1_10' title="bbox 235 1709 981 1751">
     <span class='ocr_line' id='line_1_26' title="bbox 235 1709 981 1751; baseline 0.003 -11"><span class='ocrx_word' id='word_1_203' title='bbox 235 1709 374 1741; x_wconf 90' lang='lat' dir='ltr'><strong><em>omnino</em></strong></span> <span class='ocrx_word' id='word_1_204' title='bbox 390 1711 515 1751; x_wconf 86' lang='lat' dir='ltr'><strong><em>placet.</em></strong></span> <span class='ocrx_word' id='word_1_205' title='bbox 561 1712 654 1745; x_wconf 83' lang='lat' dir='ltr'><strong>Quid</strong></span> <span class='ocrx_word' id='word_1_206' title='bbox 666 1712 694 1743; x_wconf 80' lang='lat' dir='ltr'><strong><em>si</em></strong></span> <span class='ocrx_word' id='word_1_207' title='bbox 710 1712 881 1744; x_wconf 83' lang='lat' dir='ltr'><strong><em>referatur</em></strong></span> <span class='ocrx_word' id='word_1_208' title='bbox 897 1711 940 1743; x_wconf 88' lang='lat' dir='ltr'><strong><em>ad</em></strong></span> <span class='ocrx_word' id='word_1_209' title='bbox 977 1729 981 1731; x_wconf 90' lang='lat'>-</span> 
     </span>
    </p>
   </div>
   <div class='ocr_carea' id='block_1_11' title="bbox 235 1760 943 1894">
    <p class='ocr_par' dir='ltr' id='par_1_11' title="bbox 235 1760 943 1894">
     <span class='ocr_line' id='line_1_27' title="bbox 236 1760 941 1804; baseline 0.004 -13"><span class='ocrx_word' id='word_1_210' title='bbox 236 1769 355 1791; x_wconf 83' lang='lat' dir='ltr'><strong><em>vocem</em></strong></span> <span class='ocrx_word' id='word_1_211' title='bbox 386 1760 665 1801; x_wconf 78' lang='lat' dir='ltr'><strong><em>antecedentem,</em></strong></span> <span class='ocrx_word' id='word_1_212' title='bbox 690 1763 789 1803; x_wconf 75' lang='lat' dir='ltr'><strong><em>oyluoe</em></strong></span> <span class='ocrx_word' id='word_1_213' title='bbox 801 1773 815 1800; x_wconf 91' lang='lat'><strong><em>‚·</em></strong></span> <span class='ocrx_word' id='word_1_214' title='bbox 847 1763 941 1804; x_wconf 82' lang='lat' dir='ltr'><strong><em>lega-</em></strong></span> 
     </span>
     <span class='ocr_line' id='line_1_28' title="bbox 235 1810 941 1852; baseline 0.004 -12"><span class='ocrx_word' id='word_1_215' title='bbox 235 1819 392 1852; x_wconf 81' lang='lat' dir='ltr'><strong><em>musque,</em></strong></span> <span class='ocrx_word' id='word_1_216' title='bbox 414 1810 562 1851; x_wconf 82' lang='lat' dir='ltr'><strong><em>planiori</em></strong></span> <span class='ocrx_word' id='word_1_217' title='bbox 577 1815 674 1843; x_wconf 86' lang='lat' dir='ltr'><strong><em>certe</em></strong></span> <span class='ocrx_word' id='word_1_218' title='bbox 689 1821 790 1843; x_wconf 87' lang='lat' dir='ltr'><strong><em>sensu</em></strong></span> <span class='ocrx_word' id='word_1_219' title='bbox 806 1822 846 1843; x_wconf 87' lang='lat' dir='ltr'><strong><em>ac</em></strong></span> <span class='ocrx_word' id='word_1_220' title='bbox 865 1822 941 1843; x_wconf 84' lang='lat' dir='ltr'><strong><em>sen·</em></strong></span> 
     </span>
     <span class='ocr_line' id='line_1_29' title="bbox 238 1861 943 1894; baseline 0.004 -3"><span class='ocrx_word' id='word_1_221' title='bbox 238 1861 348 1892; x_wconf 85' lang='lat' dir='ltr'><strong><em>tentia</em></strong></span> <span class='ocrx_word' id='word_1_222' title='bbox 363 1872 370 1891; x_wconf 88' lang='lat'>:</span> <span class='ocrx_word' id='word_1_223' title='bbox 391 1871 446 1892; x_wconf 81' lang='lat' dir='ltr'><strong><em>seu</em></strong></span> <span class='ocrx_word' id='word_1_224' title='bbox 456 1861 618 1892; x_wconf 73' lang='lat' dir='ltr'><strong><em>mobilibus</em></strong></span> <span class='ocrx_word' id='word_1_225' title='bbox 632 1862 715 1893; x_wconf 79' lang='lat' dir='ltr'><strong><em>veris</em></strong></span> <span class='ocrx_word' id='word_1_226' title='bbox 724 1862 880 1894; x_wconf 74' lang='lat' dir='ltr'><strong><em>inhorruit</em></strong></span> <span class='ocrx_word' id='word_1_227' title='bbox 891 1864 943 1894; x_wconf 72' lang='lat' dir='ltr'><strong><em>Ad</em></strong></span> 
     </span>
    </p>
   </div>
   <div class='ocr_carea' id='block_1_12' title="bbox 237 1910 944 2001">
    <p class='ocr_par' dir='ltr' id='par_1_12' title="bbox 237 1910 944 2001">
     <span class='ocr_line' id='line_1_30' title="bbox 238 1910 944 1948; baseline 0.004 -8"><span class='ocrx_word' id='word_1_228' title='bbox 238 1910 483 1948; x_wconf 72' lang='lat' dir='ltr'><strong><em>ventumsoliis;</em></strong></span> <span class='ocrx_word' id='word_1_229' title='bbox 508 1911 541 1941; x_wconf 86' lang='lat' dir='ltr'><strong><em>id</em></strong></span> <span class='ocrx_word' id='word_1_230' title='bbox 558 1917 610 1942; x_wconf 74' lang='lat' dir='ltr'><strong><em>est</em></strong></span> <span class='ocrx_word' id='word_1_231' title='bbox 625 1921 635 1942; x_wconf 68' lang='grc' dir='ltr'><strong><em>ε</em></strong></span> <span class='ocrx_word' id='word_1_232' title='bbox 655 1912 725 1943; x_wconf 88' lang='lat' dir='ltr'><strong><em>Seu</em></strong></span> <span class='ocrx_word' id='word_1_233' title='bbox 740 1913 842 1943; x_wconf 78' lang='lat' dir='ltr'><strong><em>motis</em></strong></span> <span class='ocrx_word' id='word_1_234' title='bbox 853 1911 944 1944; x_wconf 85' lang='lat' dir='ltr'><strong><em>foliis</em></strong></span> 
     </span>
     <span class='ocr_line' id='line_1_31' title="bbox 237 1960 944 2001; baseline 0.003 -10"><span class='ocrx_word' id='word_1_235' title='bbox 237 1960 334 2001; x_wconf 72' lang='lat' dir='ltr'><strong><em>sylva</em></strong></span> <span class='ocrx_word' id='word_1_236' title='bbox 349 1960 514 1990; x_wconf 76' lang='lat' dir='ltr'><strong><em>inhorruit</em></strong></span> <span class='ocrx_word' id='word_1_237' title='bbox 528 1961 570 1990; x_wconf 82' lang='lat' dir='ltr'><strong><em>ad</em></strong></span> <span class='ocrx_word' id='word_1_238' title='bbox 586 1966 722 1992; x_wconf 84' lang='lat' dir='ltr'><strong><em>ventum</em></strong></span> <span class='ocrx_word' id='word_1_239' title='bbox 738 1962 861 2000; x_wconf 86' lang='lat' dir='ltr'><strong><em>levem,</em></strong></span> <span class='ocrx_word' id='word_1_240' title='bbox 882 1962 944 1993; x_wconf 90' lang='lat' dir='ltr'><strong><em>Ze·</em></strong></span> 
     </span>
    </p>
   </div>
   <div class='ocr_carea' id='block_1_13' title="bbox 238 2011 956 2052">
    <p class='ocr_par' dir='ltr' id='par_1_13' title="bbox 238 2011 956 2052">
     <span class='ocr_line' id='line_1_32' title="bbox 238 2011 956 2052; baseline 0.001 -11"><span class='ocrx_word' id='word_1_241' title='bbox 238 2011 384 2052; x_wconf 86' lang='lat' dir='ltr'><strong><em>phyrum</em></strong></span> <span class='ocrx_word' id='word_1_242' title='bbox 400 2019 524 2050; x_wconf 85' lang='lat' dir='ltr'><strong><em>nempe</em></strong></span> <span class='ocrx_word' id='word_1_243' title='bbox 541 2011 629 2040; x_wconf 79' lang='lat' dir='ltr'><strong><em>veris</em></strong></span> <span class='ocrx_word' id='word_1_244' title='bbox 647 2011 819 2042; x_wconf 85' lang='lat' dir='ltr'><strong><em>comitem.</em></strong></span> <span class='ocrx_word' id='word_1_245' title='bbox 859 2012 920 2042; x_wconf 87' lang='lat' dir='ltr'><strong><em>Vel</em></strong></span> <span class='ocrx_word' id='word_1_246' title='bbox 934 2015 956 2042; x_wconf 71' lang='grc' dir='ltr'><strong><em>ε’</em></strong></span> 
     </span>
    </p>
   </div>
   <div class='ocr_carea' id='block_1_14' title="bbox 238 2059 952 2803">
    <p class='ocr_par' dir='ltr' id='par_1_14' title="bbox 238 2059 943 2251">
     <span class='ocr_line' id='line_1_33' title="bbox 238 2059 943 2092; baseline -0.001 0"><span class='ocrx_word' id='word_1_247' title='bbox 238 2070 292 2092; x_wconf 69' lang='lat' dir='ltr'><strong><em>seu</em></strong></span> <span class='ocrx_word' id='word_1_248' title='bbox 319 2060 484 2092; x_wconf 74' lang='lat' dir='ltr'><strong><em>mobilibus</em></strong></span> <span class='ocrx_word' id='word_1_249' title='bbox 506 2060 589 2090; x_wconf 69' lang='lat' dir='ltr'><strong><em>veris</em></strong></span> <span class='ocrx_word' id='word_1_250' title='bbox 616 2059 774 2091; x_wconf 77' lang='lat' dir='ltr'><strong><em>inhorruit</em></strong></span> <span class='ocrx_word' id='word_1_251' title='bbox 794 2060 943 2091; x_wconf 77' lang='lat' dir='ltr'><strong><em>Adventu</em></strong></span> 
     </span>
     <span class='ocr_line' id='line_1_34' title="bbox 240 2108 943 2150; baseline -0.003 -8"><span class='ocrx_word' id='word_1_252' title='bbox 240 2109 351 2147; x_wconf 48' lang='lat' dir='ltr'><strong><em>folii„</em></strong></span> <span class='ocrx_word' id='word_1_253' title='bbox 375 2108 497 2140; x_wconf 77' lang='lat' dir='ltr'><strong><em>idest:</em></strong></span> <span class='ocrx_word' id='word_1_254' title='bbox 522 2109 589 2139; x_wconf 91' lang='lat' dir='ltr'><strong><em>Seu</em></strong></span> <span class='ocrx_word' id='word_1_255' title='bbox 607 2110 747 2139; x_wconf 89' lang='lat' dir='ltr'><strong><em>tremuit</em></strong></span> <span class='ocrx_word' id='word_1_256' title='bbox 772 2110 867 2150; x_wconf 83' lang='lat' dir='ltr'><strong><em>sylva</em></strong></span> <span class='ocrx_word' id='word_1_257' title='bbox 892 2108 943 2140; x_wconf 85' lang='lat' dir='ltr'><strong><em>fo-</em></strong></span> 
     </span>
     <span class='ocr_line' id='line_1_35' title="bbox 239 2157 943 2195; baseline -0.003 -4"><span class='ocrx_word' id='word_1_258' title='bbox 239 2160 295 2191; x_wconf 77' lang='lat' dir='ltr'><strong><em>liis</em></strong></span> <span class='ocrx_word' id='word_1_259' title='bbox 319 2159 422 2191; x_wconf 74' lang='lat' dir='ltr'><strong><em>motis</em></strong></span> <span class='ocrx_word' id='word_1_260' title='bbox 448 2158 538 2191; x_wconf 79' lang='lat' dir='ltr'><strong><em>veris</em></strong></span> <span class='ocrx_word' id='word_1_261' title='bbox 567 2158 730 2195; x_wconf 77' lang='lat' dir='ltr'><strong><em>adventu,</em></strong></span> <span class='ocrx_word' id='word_1_262' title='bbox 754 2157 862 2189; x_wconf 85' lang='lat' dir='ltr'><strong><em>flante</em></strong></span> <span class='ocrx_word' id='word_1_263' title='bbox 879 2158 943 2190; x_wconf 87' lang='lat' dir='ltr'><strong><em>Ze-</em></strong></span> 
     </span>
     <span class='ocr_line' id='line_1_36' title="bbox 240 2207 537 2251; baseline -0.003 -11"><span class='ocrx_word' id='word_1_264' title='bbox 240 2209 351 2251; x_wconf 84' lang='lat' dir='ltr'><strong><em>phyre</em></strong></span> <span class='ocrx_word' id='word_1_265' title='bbox 367 2207 537 2240; x_wconf 84' lang='lat' dir='ltr'><strong><em>nimirum.</em></strong></span> 
     </span>
    </p>

    <p class='ocr_par' dir='ltr' id='par_1_15' title="bbox 241 2257 948 2595">
     <span class='ocr_line' id='line_1_37' title="bbox 284 2257 945 2292; baseline 0.003 -2"><span class='ocrx_word' id='word_1_266' title='bbox 284 2261 306 2290; x_wconf 78' lang='lat'><strong>6</strong></span> <span class='ocrx_word' id='word_1_267' title='bbox 328 2258 392 2290; x_wconf 86' lang='lat' dir='ltr'><strong><em>Seu</em></strong></span> <span class='ocrx_word' id='word_1_268' title='bbox 412 2257 532 2289; x_wconf 73' lang='lat' dir='ltr'><strong><em>virides</em></strong></span> <span class='ocrx_word' id='word_1_269' title='bbox 544 2257 653 2289; x_wconf 78' lang='lat' dir='ltr'><strong><em>rubum</em></strong></span> <span class='ocrx_word' id='word_1_270' title='bbox 671 2258 837 2290; x_wconf 72' lang='lat' dir='ltr'><strong><em>Dimovere</em></strong></span> <span class='ocrx_word' id='word_1_271' title='bbox 849 2260 945 2292; x_wconf 77' lang='lat' dir='ltr'><strong><em>locer-</em></strong></span> 
     </span>
     <span class='ocr_line' id='line_1_38' title="bbox 241 2308 945 2352; baseline -0.001 -10"><span class='ocrx_word' id='word_1_272' title='bbox 241 2311 300 2352; x_wconf 74' lang='lat' dir='ltr'><strong><em>tae]</em></strong></span> <span class='ocrx_word' id='word_1_273' title='bbox 332 2309 413 2342; x_wconf 90' lang='lat' dir='ltr'><strong><em>Sive</em></strong></span> <span class='ocrx_word' id='word_1_274' title='bbox 440 2308 591 2340; x_wconf 79' lang='lat' dir='ltr'><strong><em>latentes</em></strong></span> <span class='ocrx_word' id='word_1_275' title='bbox 624 2309 657 2340; x_wconf 90' lang='lat' dir='ltr'><strong><em>in</em></strong></span> <span class='ocrx_word' id='word_1_276' title='bbox 690 2309 775 2340; x_wconf 89' lang='lat' dir='ltr'><strong><em>rubo</em></strong></span> <span class='ocrx_word' id='word_1_277' title='bbox 804 2310 945 2342; x_wconf 70' lang='lat' dir='ltr'><strong><em>lacertae</em></strong></span> 
     </span>
     <span class='ocr_line' id='line_1_39' title="bbox 243 2351 948 2400; baseline -0.001 -8"><span class='ocrx_word' id='word_1_278' title='bbox 243 2358 472 2393; x_wconf 85' lang='lat' dir='ltr'><strong><em>discurrendo</em></strong></span> <span class='ocrx_word' id='word_1_279' title='bbox 491 2359 675 2400; x_wconf 83' lang='lat' dir='ltr'><strong><em>strepitum</em></strong></span> <span class='ocrx_word' id='word_1_280' title='bbox 698 2351 852 2400; x_wconf 78' lang='lat' dir='ltr'><strong><em>edidere,</em></strong></span> <span class='ocrx_word' id='word_1_281' title='bbox 874 2365 948 2391; x_wconf 80' lang='lat' dir='ltr'><strong><em>tan·</em></strong></span> 
     </span>
     <span class='ocr_line' id='line_1_40' title="bbox 243 2408 948 2451; baseline -0.003 -8"><span class='ocrx_word' id='word_1_282' title='bbox 243 2411 354 2443; x_wconf 90' lang='lat' dir='ltr'><strong><em>tulum</em></strong></span> <span class='ocrx_word' id='word_1_283' title='bbox 370 2414 625 2442; x_wconf 82' lang='lat' dir='ltr'><strong><em>commoventes</em></strong></span> <span class='ocrx_word' id='word_1_284' title='bbox 643 2408 802 2442; x_wconf 84' lang='lat' dir='ltr'><strong><em>fruticem</em></strong></span> <span class='ocrx_word' id='word_1_285' title='bbox 824 2414 859 2441; x_wconf 81' lang='lat' dir='ltr'><strong><em>et</em></strong></span> <span class='ocrx_word' id='word_1_286' title='bbox 881 2410 948 2451; x_wconf 81' lang='lat' dir='ltr'><strong><em>spi-</em></strong></span> 
     </span>
     <span class='ocr_line' id='line_1_41' title="bbox 244 2459 948 2502; baseline -0.001 -9"><span class='ocrx_word' id='word_1_287' title='bbox 244 2471 330 2493; x_wconf 86' lang='lat' dir='ltr'><strong><em>nas:</em></strong></span> <span class='ocrx_word' id='word_1_288' title='bbox 362 2466 434 2492; x_wconf 89' lang='lat' dir='ltr'><strong><em>tum</em></strong></span> <span class='ocrx_word' id='word_1_289' title='bbox 466 2469 546 2491; x_wconf 90' lang='lat' dir='ltr'><strong><em>vero</em></strong></span> <span class='ocrx_word' id='word_1_290' title='bbox 573 2459 753 2492; x_wconf 73' lang='lat' dir='ltr'><strong><em>hinnuleuu</em></strong></span> <span class='ocrx_word' id='word_1_291' title='bbox 784 2460 948 2502; x_wconf 77' lang='lat' dir='ltr'><strong><em>trepidat,</em></strong></span> 
     </span>
     <span class='ocr_line' id='line_1_42' title="bbox 245 2510 948 2553; baseline 0 -9"><span class='ocrx_word' id='word_1_292' title='bbox 245 2522 306 2544; x_wconf 87' lang='lat' dir='ltr'><strong><em>cor</em></strong></span> <span class='ocrx_word' id='word_1_293' title='bbox 333 2512 495 2553; x_wconf 82' lang='lat' dir='ltr'><strong><em>palpitat,</em></strong></span> <span class='ocrx_word' id='word_1_294' title='bbox 519 2515 556 2542; x_wconf 88' lang='lat' dir='ltr'><strong><em>et</em></strong></span> <span class='ocrx_word' id='word_1_295' title='bbox 584 2520 694 2552; x_wconf 85' lang='lat' dir='ltr'><strong><em>genna</em></strong></span> <span class='ocrx_word' id='word_1_296' title='bbox 720 2510 848 2544; x_wconf 80' lang='lat' dir='ltr'><strong><em>labant.</em></strong></span> <span class='ocrx_word' id='word_1_297' title='bbox 891 2512 948 2544; x_wconf 91' lang='lat' dir='ltr'><strong><em>De</em></strong></span> 
     </span>
     <span class='ocr_line' id='line_1_43' title="bbox 245 2561 906 2595; baseline 0.002 -1"><span class='ocrx_word' id='word_1_298' title='bbox 245 2563 383 2594; x_wconf 84' lang='lat' dir='ltr'><strong><em>lacertis</em></strong></span> <span class='ocrx_word' id='word_1_299' title='bbox 398 2561 476 2594; x_wconf 83' lang='lat' dir='ltr'><strong><em>vide</em></strong></span> <span class='ocrx_word' id='word_1_300' title='bbox 489 2561 579 2594; x_wconf 85' lang='lat' dir='ltr'><strong><em>Plin.</em></strong></span> <span class='ocrx_word' id='word_1_301' title='bbox 594 2570 676 2593; x_wconf 84' lang='lat' dir='ltr'><strong><em>vm.</em></strong></span> <span class='ocrx_word' id='word_1_302' title='bbox 691 2564 746 2595; x_wconf 75' lang='grc'><strong><em>39.</em></strong></span> <span class='ocrx_word' id='word_1_303' title='bbox 759 2566 796 2594; x_wconf 80' lang='lat' dir='ltr'><strong><em>et</em></strong></span> <span class='ocrx_word' id='word_1_304' title='bbox 812 2562 906 2595; x_wconf 82' lang='lat' dir='ltr'><strong><em>alibi.</em></strong></span> 
     </span>
    </p>

    <p class='ocr_par' dir='ltr' id='par_1_16' title="bbox 246 2611 952 2803">
     <span class='ocr_line' id='line_1_44' title="bbox 290 2611 949 2654; baseline 0.003 -11"><span class='ocrx_word' id='word_1_305' title='bbox 290 2614 312 2643; x_wconf 85' lang='grc'><strong>9</strong></span> <span class='ocrx_word' id='word_1_306' title='bbox 333 2611 436 2652; x_wconf 74' lang='lat' dir='ltr'><strong><em>Atqui</em></strong></span> <span class='ocrx_word' id='word_1_307' title='bbox 455 2621 517 2643; x_wconf 76' lang='lat' dir='ltr'><strong><em>non</em></strong></span> <span class='ocrx_word' id='word_1_308' title='bbox 532 2621 589 2651; x_wconf 82' lang='lat' dir='ltr'><strong><em>ego</em></strong></span> <span class='ocrx_word' id='word_1_309' title='bbox 604 2614 648 2652; x_wconf 83' lang='lat' dir='ltr'><strong><em>te,</em></strong></span> <span class='ocrx_word' id='word_1_310' title='bbox 664 2611 760 2652; x_wconf 71' lang='lat' dir='ltr'><strong><em>tigris</em></strong></span> <span class='ocrx_word' id='word_1_311' title='bbox 774 2616 812 2644; x_wconf 81' lang='lat' dir='ltr'><strong><em>ut</em></strong></span> <span class='ocrx_word' id='word_1_312' title='bbox 825 2621 949 2654; x_wconf 75' lang='lat' dir='ltr'><strong><em>aspera,</em></strong></span> 
     </span>
     <span class='ocr_line' id='line_1_45' title="bbox 246 2661 950 2703; baseline -0.003 -9"><span class='ocrx_word' id='word_1_313' title='bbox 246 2662 316 2703; x_wconf 60' lang='lat' dir='ltr'><strong><em>Esou]</em></strong></span> <span class='ocrx_word' id='word_1_314' title='bbox 341 2662 415 2701; x_wconf 84' lang='lat' dir='ltr'><strong><em>Ego</em></strong></span> <span class='ocrx_word' id='word_1_315' title='bbox 440 2671 509 2693; x_wconf 90' lang='lat' dir='ltr'><strong><em>non</em></strong></span> <span class='ocrx_word' id='word_1_316' title='bbox 540 2661 699 2702; x_wconf 89' lang='lat' dir='ltr'><strong><em>nocendi,</em></strong></span> <span class='ocrx_word' id='word_1_317' title='bbox 725 2662 786 2694; x_wconf 80' lang='lat' dir='ltr'><strong><em>sed</em></strong></span> <span class='ocrx_word' id='word_1_318' title='bbox 815 2661 950 2694; x_wconf 85' lang='lat' dir='ltr'><strong><em>amandi</em></strong></span> 
     </span>
     <span class='ocr_line' id='line_1_46' title="bbox 248 2711 952 2753; baseline 0 -9"><span class='ocrx_word' id='word_1_319' title='bbox 248 2711 441 2753; x_wconf 83' lang='lat' dir='ltr'><strong><em>cupiditate</em></strong></span> <span class='ocrx_word' id='word_1_320' title='bbox 463 2721 650 2753; x_wconf 83' lang='lat' dir='ltr'><strong><em>persequor</em></strong></span> <span class='ocrx_word' id='word_1_321' title='bbox 667 2716 715 2753; x_wconf 88' lang='lat' dir='ltr'><strong><em>te,</em></strong></span> <span class='ocrx_word' id='word_1_322' title='bbox 741 2712 869 2746; x_wconf 66' lang='lat' dir='ltr'><strong><em>chloe:</em></strong></span> <span class='ocrx_word' id='word_1_323' title='bbox 891 2721 952 2744; x_wconf 86' lang='lat' dir='ltr'><strong><em>cur</em></strong></span> 
     </span>
     <span class='ocr_line' id='line_1_47' title="bbox 248 2761 949 2803; baseline 0.003 -9"><span class='ocrx_word' id='word_1_324' title='bbox 248 2772 304 2794; x_wconf 91' lang='lat' dir='ltr'><strong><em>me</em></strong></span> <span class='ocrx_word' id='word_1_325' title='bbox 317 2761 433 2803; x_wconf 77' lang='lat' dir='ltr'><strong><em>fugis?</em></strong></span> <span class='ocrx_word' id='word_1_326' title='bbox 479 2761 582 2803; x_wconf 86' lang='lat' dir='ltr'><strong><em>Apud</em></strong></span> <span class='ocrx_word' id='word_1_327' title='bbox 599 2762 703 2795; x_wconf 89' lang='lat' dir='ltr'><strong><em>Ovid.</em></strong></span> <span class='ocrx_word' id='word_1_328' title='bbox 721 2762 808 2796; x_wconf 85' lang='lat' dir='ltr'><strong><em>Met.</em></strong></span> <span class='ocrx_word' id='word_1_329' title='bbox 826 2773 853 2796; x_wconf 87' lang='lat'><strong><em>1.</em></strong></span> <span class='ocrx_word' id='word_1_330' title='bbox 874 2766 949 2796; x_wconf 80' lang='lat'><strong>504.</strong></span> 
     </span>
    </p>
   </div>
   <div class='ocr_carea' id='block_1_15' title="bbox 990 1457 1709 2803">
    <p class='ocr_par' dir='ltr' id='par_1_17' title="bbox 990 1457 1699 1694">
     <span class='ocr_line' id='line_1_48' title="bbox 992 1457 1698 1503; baseline -0.008 -10"><span class='ocrx_word' id='word_1_331' title='bbox 992 1463 1071 1503; x_wconf 87' lang='lat' dir='ltr'><strong><em>pha,</em></strong></span> <span class='ocrx_word' id='word_1_332' title='bbox 1099 1470 1235 1502; x_wconf 80' lang='lat' dir='ltr'><strong><em>precor,</em></strong></span> <span class='ocrx_word' id='word_1_333' title='bbox 1264 1461 1388 1501; x_wconf 84' lang='lat' dir='ltr'><strong><em>Penei,</em></strong></span> <span class='ocrx_word' id='word_1_334' title='bbox 1411 1467 1534 1491; x_wconf 78' lang='lat' dir='ltr'><strong><em>mane:</em></strong></span> <span class='ocrx_word' id='word_1_335' title='bbox 1556 1467 1624 1488; x_wconf 87' lang='lat' dir='ltr'><strong><em>non</em></strong></span> <span class='ocrx_word' id='word_1_336' title='bbox 1647 1457 1698 1488; x_wconf 87' lang='lat' dir='ltr'><strong><em>in·</em></strong></span> 
     </span>
     <span class='ocr_line' id='line_1_49' title="bbox 990 1507 1697 1554; baseline -0.007 -11"><span class='ocrx_word' id='word_1_337' title='bbox 990 1521 1118 1554; x_wconf 76' lang='lat' dir='ltr'><strong><em>sequor</em></strong></span> <span class='ocrx_word' id='word_1_338' title='bbox 1141 1511 1271 1543; x_wconf 72' lang='lat' dir='ltr'><strong><em>hostie:</em></strong></span> <span class='ocrx_word' id='word_1_339' title='bbox 1294 1510 1469 1552; x_wconf 79' lang='lat' dir='ltr'><strong><em>Nympha,</em></strong></span> <span class='ocrx_word' id='word_1_340' title='bbox 1486 1518 1597 1540; x_wconf 77' lang='lat' dir='ltr'><strong><em>mane.</em></strong></span> <span class='ocrx_word' id='word_1_341' title='bbox 1638 1507 1697 1539; x_wconf 87' lang='lat' dir='ltr'><strong><em>Sic</em></strong></span> 
     </span>
     <span class='ocr_line' id='line_1_50' title="bbox 992 1557 1698 1603; baseline -0.008 -9"><span class='ocrx_word' id='word_1_342' title='bbox 992 1572 1081 1602; x_wconf 81' lang='lat' dir='ltr'><strong><em>agna</em></strong></span> <span class='ocrx_word' id='word_1_343' title='bbox 1104 1562 1236 1603; x_wconf 87' lang='lat' dir='ltr'><strong><em>lupum,</em></strong></span> <span class='ocrx_word' id='word_1_344' title='bbox 1257 1560 1307 1593; x_wconf 80' lang='lat' dir='ltr'><strong><em>sic</em></strong></span> <span class='ocrx_word' id='word_1_345' title='bbox 1330 1569 1437 1592; x_wconf 82' lang='lat' dir='ltr'><strong><em>cerva</em></strong></span> <span class='ocrx_word' id='word_1_346' title='bbox 1461 1560 1608 1598; x_wconf 86' lang='lat' dir='ltr'><strong><em>leonem,</em></strong></span> <span class='ocrx_word' id='word_1_347' title='bbox 1638 1557 1698 1589; x_wconf 89' lang='lat' dir='ltr'><strong><em>Sic</em></strong></span> 
     </span>
     <span class='ocr_line' id='line_1_51' title="bbox 992 1607 1699 1654; baseline -0.008 -10"><span class='ocrx_word' id='word_1_348' title='bbox 992 1612 1141 1654; x_wconf 84' lang='lat' dir='ltr'><strong><em>aquilam</em></strong></span> <span class='ocrx_word' id='word_1_349' title='bbox 1181 1621 1296 1652; x_wconf 86' lang='lat' dir='ltr'><strong><em>penna</em></strong></span> <span class='ocrx_word' id='word_1_350' title='bbox 1328 1609 1468 1652; x_wconf 78' lang='lat' dir='ltr'><strong><em>fugiunt</em></strong></span> <span class='ocrx_word' id='word_1_351' title='bbox 1502 1607 1699 1650; x_wconf 79' lang='lat' dir='ltr'><strong><em>trepidante</em></strong></span> 
     </span>
     <span class='ocr_line' id='line_1_52' title="bbox 993 1661 1184 1694; baseline -0.01 0"><span class='ocrx_word' id='word_1_352' title='bbox 993 1661 1184 1694; x_wconf 69' lang='lat' dir='ltr'><strong><em>columbae:</em></strong></span> 
     </span>
    </p>

    <p class='ocr_par' dir='ltr' id='par_1_18' title="bbox 994 1708 1703 1998">
     <span class='ocr_line' id='line_1_53' title="bbox 1040 1708 1700 1754; baseline -0.008 -9"><span class='ocrx_word' id='word_1_353' title='bbox 1040 1713 1149 1753; x_wconf 67' lang='lat' dir='ltr'><strong><em>Tigris</em></strong></span> <span class='ocrx_word' id='word_1_354' title='bbox 1162 1715 1199 1744; x_wconf 76' lang='lat' dir='ltr'><strong><em>ut</em></strong></span> <span class='ocrx_word' id='word_1_355' title='bbox 1211 1711 1338 1754; x_wconf 75' lang='lat' dir='ltr'><strong><em>aspera]</em></strong></span> <span class='ocrx_word' id='word_1_356' title='bbox 1354 1712 1469 1754; x_wconf 75' lang='lat' dir='ltr'><strong><em>Hujus</em></strong></span> <span class='ocrx_word' id='word_1_357' title='bbox 1478 1714 1575 1742; x_wconf 79' lang='lat' dir='ltr'><strong><em>tanta</em></strong></span> <span class='ocrx_word' id='word_1_358' title='bbox 1589 1708 1700 1741; x_wconf 80' lang='lat' dir='ltr'><strong><em>fertur</em></strong></span> 
     </span>
     <span class='ocr_line' id='line_1_54' title="bbox 994 1761 1699 1804; baseline -0.009 -9"><span class='ocrx_word' id='word_1_359' title='bbox 994 1763 1194 1803; x_wconf 77' lang='lat' dir='ltr'><strong><em>crudelitas,</em></strong></span> <span class='ocrx_word' id='word_1_360' title='bbox 1209 1767 1248 1795; x_wconf 87' lang='lat' dir='ltr'><strong><em>ut</em></strong></span> <span class='ocrx_word' id='word_1_361' title='bbox 1260 1766 1384 1804; x_wconf 72' lang='lat' dir='ltr'><strong><em>sponte</em></strong></span> <span class='ocrx_word' id='word_1_362' title='bbox 1401 1761 1569 1793; x_wconf 81' lang='lat' dir='ltr'><strong><em>hominem</em></strong></span> <span class='ocrx_word' id='word_1_363' title='bbox 1586 1762 1699 1800; x_wconf 79' lang='lat' dir='ltr'><strong><em>petat,</em></strong></span> 
     </span>
     <span class='ocr_line' id='line_1_55' title="bbox 996 1809 1702 1854; baseline -0.01 -8"><span class='ocrx_word' id='word_1_364' title='bbox 996 1824 1074 1847; x_wconf 91' lang='lat' dir='ltr'><strong><em>cnm</em></strong></span> <span class='ocrx_word' id='word_1_365' title='bbox 1091 1813 1231 1854; x_wconf 79' lang='lat' dir='ltr'><strong><em>reliquae</em></strong></span> <span class='ocrx_word' id='word_1_366' title='bbox 1247 1811 1345 1852; x_wconf 77' lang='lat' dir='ltr'><strong><em>ferae,</em></strong></span> <span class='ocrx_word' id='word_1_367' title='bbox 1371 1811 1438 1843; x_wconf 86' lang='lat' dir='ltr'><strong><em>nisi</em></strong></span> <span class='ocrx_word' id='word_1_368' title='bbox 1452 1810 1560 1842; x_wconf 81' lang='lat' dir='ltr'><strong><em>fames</em></strong></span> <span class='ocrx_word' id='word_1_369' title='bbox 1576 1813 1636 1840; x_wconf 87' lang='lat' dir='ltr'><strong><em>ant</em></strong></span> <span class='ocrx_word' id='word_1_370' title='bbox 1648 1809 1702 1840; x_wconf 81' lang='lat' dir='ltr'><strong><em>ira</em></strong></span> 
     </span>
     <span class='ocr_line' id='line_1_56' title="bbox 998 1861 1702 1904; baseline -0.01 -7"><span class='ocrx_word' id='word_1_371' title='bbox 998 1865 1163 1902; x_wconf 88' lang='lat' dir='ltr'><strong><em>stimulet,</em></strong></span> <span class='ocrx_word' id='word_1_372' title='bbox 1177 1865 1268 1895; x_wconf 89' lang='lat' dir='ltr'><strong><em>ultro</em></strong></span> <span class='ocrx_word' id='word_1_373' title='bbox 1278 1862 1425 1904; x_wconf 81' lang='lat' dir='ltr'><strong><em>fugiant.</em></strong></span> <span class='ocrx_word' id='word_1_374' title='bbox 1453 1861 1547 1893; x_wconf 90' lang='lat' dir='ltr'><strong><em>Plin.</em></strong></span> <span class='ocrx_word' id='word_1_375' title='bbox 1557 1868 1638 1892; x_wconf 84' lang='lat' dir='ltr'><strong><em>vm.</em></strong></span> <span class='ocrx_word' id='word_1_376' title='bbox 1649 1861 1702 1890; x_wconf 88' lang='grc'><strong><em>18.</em></strong></span> 
     </span>
     <span class='ocr_line' id='line_1_57' title="bbox 997 1909 1703 1956; baseline -0.01 -9"><span class='ocrx_word' id='word_1_377' title='bbox 997 1917 1007 1935; x_wconf 85' lang='lat'>‘</span> <span class='ocrx_word' id='word_1_378' title='bbox 1021 1915 1142 1956; x_wconf 78' lang='lat' dir='ltr'><strong><em>Tigrin</em></strong></span> <span class='ocrx_word' id='word_1_379' title='bbox 1157 1913 1312 1955; x_wconf 81' lang='lat' dir='ltr'><strong><em>Hyrcani</em></strong></span> <span class='ocrx_word' id='word_1_380' title='bbox 1334 1917 1371 1944; x_wconf 84' lang='lat' dir='ltr'><strong><em>et</em></strong></span> <span class='ocrx_word' id='word_1_381' title='bbox 1389 1911 1469 1944; x_wconf 84' lang='lat' dir='ltr'><strong><em>Indi</em></strong></span> <span class='ocrx_word' id='word_1_382' title='bbox 1484 1910 1614 1950; x_wconf 80' lang='lat' dir='ltr'><strong><em>ferum,</em></strong></span> <span class='ocrx_word' id='word_1_383' title='bbox 1630 1909 1703 1941; x_wconf 76' lang='lat' dir='ltr'><strong><em>ani-</em></strong></span> 
     </span>
     <span class='ocr_line' id='line_1_58' title="bbox 999 1960 1587 1998; baseline -0.007 -2"><span class='ocrx_word' id='word_1_384' title='bbox 999 1965 1067 1996; x_wconf 87' lang='lat' dir='ltr'><strong><em>mal</em></strong></span> <span class='ocrx_word' id='word_1_385' title='bbox 1082 1963 1276 1995; x_wconf 83' lang='lat' dir='ltr'><strong><em>velocitatis</em></strong></span> <span class='ocrx_word' id='word_1_386' title='bbox 1291 1960 1506 1998; x_wconf 82' lang='lat' dir='ltr'><strong><em>tremendoe,&#39;</em></strong></span> <span class='ocrx_word' id='word_1_387' title='bbox 1522 1962 1587 1992; x_wconf 80' lang='lat' dir='ltr'><strong><em>&amp;c-</em></strong></span> 
     </span>
    </p>

    <p class='ocr_par' dir='ltr' id='par_1_19' title="bbox 997 2011 1709 2803">
     <span class='ocr_line' id='line_1_59' title="bbox 1043 2011 1704 2053; baseline -0.008 -8"><span class='ocrx_word' id='word_1_388' title='bbox 1043 2017 1085 2045; x_wconf 84' lang='lat' dir='ltr'><strong><em>lo</em></strong></span> <span class='ocrx_word' id='word_1_389' title='bbox 1121 2014 1301 2045; x_wconf 72' lang='lat' dir='ltr'><strong><em>Goetulueoe</em></strong></span> <span class='ocrx_word' id='word_1_390' title='bbox 1325 2013 1388 2053; x_wconf 84' lang='lat' dir='ltr'><strong><em>leo]</em></strong></span> <span class='ocrx_word' id='word_1_391' title='bbox 1419 2015 1429 2031; x_wconf 86' lang='lat'><strong>⁴</strong></span> <span class='ocrx_word' id='word_1_392' title='bbox 1446 2011 1599 2044; x_wconf 79' lang='lat' dir='ltr'><strong><em>Gaetulia</em></strong></span> <span class='ocrx_word' id='word_1_393' title='bbox 1628 2014 1704 2042; x_wconf 75' lang='lat' dir='ltr'><strong><em>tota</em></strong></span> 
     </span>
     <span class='ocr_line' id='line_1_60' title="bbox 997 2059 1703 2102; baseline -0.003 -9"><span class='ocrx_word' id='word_1_394' title='bbox 997 2063 1039 2093; x_wconf 81' lang='lat' dir='ltr'><strong><em>ad</em></strong></span> <span class='ocrx_word' id='word_1_395' title='bbox 1069 2061 1195 2093; x_wconf 83' lang='lat' dir='ltr'><strong><em>flumen</em></strong></span> <span class='ocrx_word' id='word_1_396' title='bbox 1226 2062 1362 2101; x_wconf 82' lang='lat' dir='ltr'><strong><em>Nigrin,</em></strong></span> <span class='ocrx_word' id='word_1_397' title='bbox 1390 2062 1448 2102; x_wconf 88' lang='lat' dir='ltr'><strong><em>qni</em></strong></span> <span class='ocrx_word' id='word_1_398' title='bbox 1477 2059 1632 2092; x_wconf 74' lang='lat' dir='ltr'><strong><em>Africam</em></strong></span> <span class='ocrx_word' id='word_1_399' title='bbox 1658 2061 1703 2091; x_wconf 84' lang='lat' dir='ltr'><strong><em>ab</em></strong></span> 
     </span>
     <span class='ocr_line' id='line_1_61' title="bbox 997 2109 1705 2151; baseline -0.004 -8"><span class='ocrx_word' id='word_1_400' title='bbox 997 2111 1171 2151; x_wconf 85' lang='lat' dir='ltr'><strong><em>AEthiopia</em></strong></span> <span class='ocrx_word' id='word_1_401' title='bbox 1195 2109 1349 2149; x_wconf 87' lang='lat' dir='ltr'><strong><em>dirimit,&#39;</em></strong></span> <span class='ocrx_word' id='word_1_402' title='bbox 1373 2110 1486 2150; x_wconf 88' lang='lat' dir='ltr'><strong><em>inquit</em></strong></span> <span class='ocrx_word' id='word_1_403' title='bbox 1513 2109 1601 2140; x_wconf 84' lang='lat' dir='ltr'><strong><em>Plio.</em></strong></span> <span class='ocrx_word' id='word_1_404' title='bbox 1620 2118 1656 2140; x_wconf 85' lang='lat' dir='ltr'><strong><em>v.</em></strong></span> <span class='ocrx_word' id='word_1_405' title='bbox 1671 2112 1705 2140; x_wconf 68' lang='lat'><strong><em>4.</em></strong></span> 
     </span>
     <span class='ocr_line' id='line_1_62' title="bbox 997 2157 1704 2199; baseline -0.003 -7"><span class='ocrx_word' id='word_1_406' title='bbox 997 2161 1056 2192; x_wconf 87' lang='lat' dir='ltr'><strong><em>lib.</em></strong></span> <span class='ocrx_word' id='word_1_407' title='bbox 1076 2169 1156 2191; x_wconf 78' lang='lat' dir='ltr'><strong><em>vero</em></strong></span> <span class='ocrx_word' id='word_1_408' title='bbox 1168 2167 1246 2190; x_wconf 85' lang='lat' dir='ltr'><strong><em>vm.</em></strong></span> <span class='ocrx_word' id='word_1_409' title='bbox 1260 2168 1336 2199; x_wconf 84' lang='lat' dir='ltr'><strong><em>cap.</em></strong></span> <span class='ocrx_word' id='word_1_410' title='bbox 1350 2161 1403 2190; x_wconf 78' lang='lat'><strong><em>16.</em></strong></span> <span class='ocrx_word' id='word_1_411' title='bbox 1425 2159 1434 2175; x_wconf 84' lang='lat'><strong>⁴</strong></span> <span class='ocrx_word' id='word_1_412' title='bbox 1445 2157 1552 2190; x_wconf 81' lang='lat' dir='ltr'><strong><em>Leoni</em></strong></span> <span class='ocrx_word' id='word_1_413' title='bbox 1569 2163 1704 2190; x_wconf 77' lang='lat' dir='ltr'><strong><em>tantum</em></strong></span> 
     </span>
     <span class='ocr_line' id='line_1_63' title="bbox 998 2209 1706 2251; baseline -0.006 -7"><span class='ocrx_word' id='word_1_414' title='bbox 998 2221 1042 2244; x_wconf 85' lang='lat' dir='ltr'><strong><em>ex</em></strong></span> <span class='ocrx_word' id='word_1_415' title='bbox 1058 2211 1141 2244; x_wconf 84' lang='lat' dir='ltr'><strong><em>feris</em></strong></span> <span class='ocrx_word' id='word_1_416' title='bbox 1157 2209 1338 2243; x_wconf 85' lang='lat' dir='ltr'><strong><em>clementia</em></strong></span> <span class='ocrx_word' id='word_1_417' title='bbox 1353 2209 1387 2241; x_wconf 83' lang='lat' dir='ltr'><strong><em>in</em></strong></span> <span class='ocrx_word' id='word_1_418' title='bbox 1410 2209 1582 2251; x_wconf 76' lang='lat' dir='ltr'><strong><em>supplices</em></strong></span> <span class='ocrx_word' id='word_1_419' title='bbox 1595 2219 1606 2241; x_wconf 76' lang='lat' dir='ltr'><strong><em>z</em></strong></span> <span class='ocrx_word' id='word_1_420' title='bbox 1629 2218 1706 2250; x_wconf 82' lang='lat' dir='ltr'><strong><em>pro·</em></strong></span> 
     </span>
     <span class='ocr_line' id='line_1_64' title="bbox 999 2258 1704 2301; baseline -0.006 -8"><span class='ocrx_word' id='word_1_421' title='bbox 999 2261 1116 2293; x_wconf 81' lang='lat' dir='ltr'><strong><em>stratis</em></strong></span> <span class='ocrx_word' id='word_1_422' title='bbox 1138 2260 1272 2301; x_wconf 83' lang='lat' dir='ltr'><strong><em>parcit:</em></strong></span> <span class='ocrx_word' id='word_1_423' title='bbox 1297 2263 1332 2291; x_wconf 87' lang='lat' dir='ltr'><strong><em>et</em></strong></span> <span class='ocrx_word' id='word_1_424' title='bbox 1353 2258 1413 2290; x_wconf 87' lang='lat' dir='ltr'><strong><em>ubi</em></strong></span> <span class='ocrx_word' id='word_1_425' title='bbox 1437 2258 1598 2298; x_wconf 71' lang='lat' dir='ltr'><strong><em>saevit,in</em></strong></span> <span class='ocrx_word' id='word_1_426' title='bbox 1615 2258 1704 2290; x_wconf 70' lang='lat' dir='ltr'><strong><em>viros</em></strong></span> 
     </span>
     <span class='ocr_line' id='line_1_65' title="bbox 1000 2307 1706 2352; baseline -0.003 -10"><span class='ocrx_word' id='word_1_427' title='bbox 1000 2312 1093 2352; x_wconf 80' lang='lat' dir='ltr'><strong><em>prius</em></strong></span> <span class='ocrx_word' id='word_1_428' title='bbox 1115 2319 1214 2352; x_wconf 84' lang='lat' dir='ltr'><strong><em>quam</em></strong></span> <span class='ocrx_word' id='word_1_429' title='bbox 1244 2308 1279 2340; x_wconf 87' lang='lat' dir='ltr'><strong><em>in</em></strong></span> <span class='ocrx_word' id='word_1_430' title='bbox 1305 2308 1462 2340; x_wconf 79' lang='lat' dir='ltr'><strong><em>foeminas</em></strong></span> <span class='ocrx_word' id='word_1_431' title='bbox 1489 2307 1627 2340; x_wconf 87' lang='lat' dir='ltr'><strong><em>fremit:</em></strong></span> <span class='ocrx_word' id='word_1_432' title='bbox 1653 2309 1706 2340; x_wconf 81' lang='lat' dir='ltr'><strong><em>in·</em></strong></span> 
     </span>
     <span class='ocr_line' id='line_1_66' title="bbox 1001 2356 1708 2400; baseline -0.004 -8"><span class='ocrx_word' id='word_1_433' title='bbox 1001 2359 1114 2393; x_wconf 82' lang='lat' dir='ltr'><strong><em>fantes</em></strong></span> <span class='ocrx_word' id='word_1_434' title='bbox 1128 2369 1195 2391; x_wconf 91' lang='lat' dir='ltr'><strong><em>non</em></strong></span> <span class='ocrx_word' id='word_1_435' title='bbox 1212 2359 1277 2391; x_wconf 83' lang='lat' dir='ltr'><strong><em>nisi</em></strong></span> <span class='ocrx_word' id='word_1_436' title='bbox 1290 2368 1414 2400; x_wconf 84' lang='lat' dir='ltr'><strong><em>magna</em></strong></span> <span class='ocrx_word' id='word_1_437' title='bbox 1439 2356 1541 2390; x_wconf 81' lang='lat' dir='ltr'><strong><em>fame.</em></strong></span> <span class='ocrx_word' id='word_1_438' title='bbox 1584 2357 1708 2390; x_wconf 87' lang='lat' dir='ltr'><strong><em>Credit</em></strong></span> 
     </span>
     <span class='ocr_line' id='line_1_67' title="bbox 1002 2405 1704 2451; baseline -0.007 -9"><span class='ocrx_word' id='word_1_439' title='bbox 1002 2410 1109 2451; x_wconf 83' lang='lat' dir='ltr'><strong><em>Libya</em></strong></span> <span class='ocrx_word' id='word_1_440' title='bbox 1128 2409 1340 2440; x_wconf 85' lang='lat' dir='ltr'><strong><em>intellectum</em></strong></span> <span class='ocrx_word' id='word_1_441' title='bbox 1367 2407 1549 2449; x_wconf 80' lang='lat' dir='ltr'><strong><em>pervenire</em></strong></span> <span class='ocrx_word' id='word_1_442' title='bbox 1576 2405 1619 2438; x_wconf 83' lang='lat' dir='ltr'><strong><em>ad</em></strong></span> <span class='ocrx_word' id='word_1_443' title='bbox 1645 2414 1704 2438; x_wconf 79' lang='lat' dir='ltr'><strong><em>eos</em></strong></span> 
     </span>
     <span class='ocr_line' id='line_1_68' title="bbox 1002 2455 1705 2502; baseline -0.009 -10"><span class='ocrx_word' id='word_1_444' title='bbox 1002 2469 1152 2502; x_wconf 89' lang='lat' dir='ltr'><strong><em>precum.</em></strong></span> <span class='ocrx_word' id='word_1_445' title='bbox 1208 2458 1394 2499; x_wconf 81' lang='lat' dir='ltr'><strong><em>Captivam</em></strong></span> <span class='ocrx_word' id='word_1_446' title='bbox 1422 2461 1519 2490; x_wconf 81' lang='lat' dir='ltr'><strong><em>certo</em></strong></span> <span class='ocrx_word' id='word_1_447' title='bbox 1541 2455 1705 2489; x_wconf 65' lang='lat' dir='ltr'><strong><em>Getuliae</em></strong></span> 
     </span>
     <span class='ocr_line' id='line_1_69' title="bbox 1001 2505 1706 2548; baseline -0.01 -6"><span class='ocrx_word' id='word_1_448' title='bbox 1001 2509 1164 2542; x_wconf 81' lang='lat' dir='ltr'><strong><em>reducem</em></strong></span> <span class='ocrx_word' id='word_1_449' title='bbox 1188 2507 1316 2548; x_wconf 80' lang='lat' dir='ltr'><strong><em>audivi,</em></strong></span> <span class='ocrx_word' id='word_1_450' title='bbox 1340 2508 1522 2540; x_wconf 78' lang='lat' dir='ltr'><strong><em>multorum</em></strong></span> <span class='ocrx_word' id='word_1_451' title='bbox 1538 2506 1572 2537; x_wconf 82' lang='lat' dir='ltr'><strong><em>in</em></strong></span> <span class='ocrx_word' id='word_1_452' title='bbox 1600 2505 1706 2547; x_wconf 71' lang='lat' dir='ltr'><strong><em>sylvio</em></strong></span> 
     </span>
     <span class='ocr_line' id='line_1_70' title="bbox 1002 2556 1709 2602; baseline -0.007 -10"><span class='ocrx_word' id='word_1_453' title='bbox 1002 2561 1168 2602; x_wconf 87' lang='lat' dir='ltr'><strong><em>impetum</em></strong></span> <span class='ocrx_word' id='word_1_454' title='bbox 1180 2569 1200 2591; x_wconf 86' lang='lat' dir='ltr'><strong><em>a</em></strong></span> <span class='ocrx_word' id='word_1_455' title='bbox 1214 2568 1250 2591; x_wconf 80' lang='lat' dir='ltr'><strong><em>se</em></strong></span> <span class='ocrx_word' id='word_1_456' title='bbox 1266 2557 1460 2599; x_wconf 81' lang='lat' dir='ltr'><strong><em>mitigatum</em></strong></span> <span class='ocrx_word' id='word_1_457' title='bbox 1475 2556 1635 2598; x_wconf 86' lang='lat' dir='ltr'><strong><em>alloquio,</em></strong></span> <span class='ocrx_word' id='word_1_458' title='bbox 1648 2565 1709 2587; x_wconf 86' lang='lat' dir='ltr'><strong><em>au-</em></strong></span> 
     </span>
     <span class='ocr_line' id='line_1_71' title="bbox 1002 2605 1707 2649; baseline -0.009 -6"><span class='ocrx_word' id='word_1_459' title='bbox 1002 2620 1073 2643; x_wconf 70' lang='lat' dir='ltr'><strong><em>nam</em></strong></span> <span class='ocrx_word' id='word_1_460' title='bbox 1098 2610 1213 2642; x_wconf 89' lang='lat' dir='ltr'><strong><em>dicere</em></strong></span> <span class='ocrx_word' id='word_1_461' title='bbox 1239 2618 1277 2641; x_wconf 78' lang='lat' dir='ltr'><strong><em>se</em></strong></span> <span class='ocrx_word' id='word_1_462' title='bbox 1301 2607 1488 2647; x_wconf 84' lang='lat' dir='ltr'><strong><em>foeminam,</em></strong></span> <span class='ocrx_word' id='word_1_463' title='bbox 1511 2605 1707 2649; x_wconf 81' lang='lat' dir='ltr'><strong><em>profugam,</em></strong></span> 
     </span>
     <span class='ocr_line' id='line_1_72' title="bbox 1004 2656 1706 2700; baseline -0.009 -7"><span class='ocrx_word' id='word_1_464' title='bbox 1004 2660 1181 2700; x_wconf 81' lang='lat' dir='ltr'><strong><em>infirmam,</em></strong></span> <span class='ocrx_word' id='word_1_465' title='bbox 1194 2658 1381 2700; x_wconf 74' lang='lat' dir='ltr'><strong><em>supplicem</em></strong></span> <span class='ocrx_word' id='word_1_466' title='bbox 1392 2657 1546 2689; x_wconf 77' lang='lat' dir='ltr'><strong><em>animalis</em></strong></span> <span class='ocrx_word' id='word_1_467' title='bbox 1554 2656 1706 2688; x_wconf 78' lang='lat' dir='ltr'><strong><em>omnium</em></strong></span> 
     </span>
     <span class='ocr_line' id='line_1_73' title="bbox 1005 2706 1708 2752; baseline -0.009 -9"><span class='ocrx_word' id='word_1_468' title='bbox 1005 2710 1258 2752; x_wconf 78' lang='lat' dir='ltr'><strong><em>generosissimi</em></strong></span> <span class='ocrx_word' id='word_1_469' title='bbox 1275 2709 1466 2749; x_wconf 75' lang='lat' dir='ltr'><strong><em>ceterisque</em></strong></span> <span class='ocrx_word' id='word_1_470' title='bbox 1491 2706 1708 2748; x_wconf 75' lang='lat' dir='ltr'><strong><em>imperantis,</em></strong></span> 
     </span>
     <span class='ocr_line' id='line_1_74' title="bbox 1003 2755 1708 2803; baseline -0.011 -8"><span class='ocrx_word' id='word_1_471' title='bbox 1003 2761 1176 2803; x_wconf 87' lang='lat' dir='ltr'><strong><em>indignam</em></strong></span> <span class='ocrx_word' id='word_1_472' title='bbox 1193 2759 1268 2800; x_wconf 81' lang='lat' dir='ltr'><strong><em>ejus</em></strong></span> <span class='ocrx_word' id='word_1_473' title='bbox 1283 2758 1389 2800; x_wconf 85' lang='lat' dir='ltr'><strong><em>gloria</em></strong></span> <span class='ocrx_word' id='word_1_474' title='bbox 1400 2756 1566 2799; x_wconf 82' lang='lat' dir='ltr'><strong><em>praedam.</em></strong></span> <span class='ocrx_word' id='word_1_475' title='bbox 1601 2755 1708 2788; x_wconf 78' lang='lat' dir='ltr'><strong><em>Varia</em></strong></span> 
     </span>
    </p>
   </div>
  </div>
 </body>
</html>
