1916 3190
230 237 316 280 284

401 343 546 394 Sensi,
566 344 722 386 relicta
740 357 827 385 non
848 344 962 385 bene
983 344 1213 398 parmula3

713 251 756 289 Q.
788 250 996 281 HORA'rll
1032 251 1207 282 ffi'LAccl

1629 347 1686 389 10

456 411 570 454 Cum
589 412 734 454 fracta
752 412 908 462 virtus,
929 416 976 453 et
998 411 1198 453 minaces

515 480 665 534 Turpe
685 479 823 523 solum
843 480 1026 534 tetigere
1046 482 1210 521 mente.

225 606 302 636 gam
323 598 527 639 proecipitem,
549 598 667 638 abjecto
690 598 832 631 indecore
856 599 982 639 clypeo,·
1005 599 1126 639 quando
1149 598 1251 630 virtus
1270 596 1435 630 debilitata
1458 601 1517 638 est,
1538 600 1569 629 et
1591 600 1685 630 terre

229 641 457 680 mentumsoede
466 642 682 684 applicuerunt
698 642 753 682 qui
767 642 868 673 minas
874 641 1051 680 jactabant.
1097 642 1142 673 At
1157 643 1249 673 velox
1263 641 1440 673 Mercurius
1453 640 1685 673 tremebundum

834 733 1080 748 emmo&

227 808 283 837 est
296 805 399 837 etiam
416 806 451 838 in
467 806 570 840 codd.
590 807 685 839 Plin.
700 816 770 840 κη.
787 810 840 840 26.
863 817 947 840 xm.
965 811 1083 840 1.——ll
1107 806 1556 839 Venet.1⁴92.et1.ocher.
1579 805 1684 837 etmi-

225 857 317 879 naces
331 851 443 880 turmoe
460 850 576 891 Turpe,
590 852 643 890 ὅγε.
668 859 765 882 error
777 851 905 882 librarii
911 853 1007 883 .—12
1033 849 1161 891 Turpe!
1183 855 1223 881 ut
1245 850 1290 881 sit
1316 849 1554 890 interjectios.
1571 847 1684 879 excla-

226 891 345 927 matio,
361 896 439 931 post
455 891 559 924 Geor.
575 893 781 929 Fabricium,
797 893 930 925 Bersm.
951 893 1067 924 Bentl.
1088 892 1234 933 Cuning.
1254 892 1381 923 Sanad.
1396 896 1433 922 et
1453 891 1542 923 Sivr.
1569 889 1685 921 minaci

230 932 333 974 Turpe
347 935 446 965 solum
462 937 487 966 t.
503 938 605 966 mento
619 935 739 966 mallet
752 935 827 968 Jos.
844 935 1013 975 Scaliger.
1024 934 1128 966 Poe't.
1141 944 1191 966 vr.
1207 937 1239 966 7.
1261 935 1271 952 ‘
1285 934 1390 965 Totus
1406 933 1439 965 ei
1455 933 1550 965 locus
1563 932 1683 973 displi-

225 981 294 1006 cet.
337 976 440 1016 Vide,
454 977 482 1008 si
506 976 619 1008 ridere
644 977 750 1016 voles,
766 977 936 1025 quomodo
958 977 1108 1017 corrigat
1131 975 1333 1008 Horatium.
1362 976 1442 1007 Cum
1456 975 1566 1014 fracta
1580 975 1684 1006 virtue

225 1017 371 1050 insolenti
386 1018 434 1061 (s.
448 1018 622 1060 obstinato)
639 1019 757 1050 Cedere
776 1029 839 1050 non
853 1018 955 1050 verita
969 1022 1017 1050 est
1034 1018 1166 1057 surori,·
1188 1018 1266 1055 Vel,
1285 1018 1395 1049 Oblita
1415 1017 1516 1049 virtus
1539 1026 1609 1048 cum
1628 1026 1681 1048 ve·

885 1116 919 1149 N
924 1116 1026 1149 OTAE

269 1192 310 1222 10
334 1189 461 1222 Relicta
475 1200 537 1222 non
551 1191 627 1223 bene
643 1191 803 1233 pannulo]
826 1191 870 1224 In
885 1201 928 1224 ea

223 1240 322 1272 clade
337 1239 455 1282 fugam
471 1249 567 1273 suam
579 1242 856 1287 non-dissimulat
871 1242 927 1275 hic

224 1290 406 1332 Horatius,
431 1292 571 1333 insuper
593 1297 630 1324 et
656 1293 771 1334 clypei
793 1293 929 1335 projec-

225 1340 365 1372 tionem.
408 1342 510 1375 Quod
540 1342 583 1374 ad
613 1343 759 1384 primum
787 1344 928 1384 attinet,

225 1401 292 1422 non
306 1397 403 1425 caret
418 1403 555 1435 semper
570 1394 806 1427 excusatione.
836 1395 927 1426 Nam

223 1441 327 1474 fortis
342 1448 395 1475 est
415 1453 482 1475 non
505 1444 606 1476 modo
627 1445 800 1484 resistere,
816 1444 875 1476 sed
891 1449 928 1476 et

225 1492 405 1533 sapienter
418 1493 540 1535 fugere
556 1504 597 1526 ac
612 1495 749 1526 cedere.
779 1494 837 1526 Sic
855 1494 927 1526 Ho-

224 1552 337 1575 merus
349 1544 488 1576 AEneam
506 1544 624 1576 laudat
638 1545 733 1576 velut
747 1544 925 1578 metuendi

223 1591 445 1635 fugiendique
462 1595 609 1635 peritum
622 1604 633 1625 :
656 1599 692 1626 et
705 1594 791 1625 banc
807 1594 840 1626 ei
855 1594 926 1625 lau-

225 1643 302 1675 dem
313 1643 408 1685 juste
424 1644 498 1676 dari
515 1644 671 1685 agnoscit
686 1643 789 1676 Plato
808 1643 844 1675 in
859 1644 927 1676 La-

229 1693 341 1726 chete.
383 1693 472 1725 Vide
488 1698 524 1726 et
539 1694 674 1725 initium
691 1693 779 1725 vitae
789 1693 927 1735 Pelopi·

226 1743 279 1775 dae
311 1744 403 1786 apud
436 1744 613 1776 Plutarch.
657 1744 816 1776 Alterum
845 1754 928 1776 vero

226 1795 327 1835 culpa
342 1803 515 1836 nunquam
531 1803 655 1827 vacare
671 1794 844 1827 creditum
861 1799 926 1827 est.

223 1845 325 1876 Unde
341 1844 433 1886 apud
445 1845 637 1878 Germanos
649 1846 754 1878 sacris
765 1846 929 1878 interdic-

227 1901 298 1926 tum
313 1900 390 1927 erat
405 1895 436 1926 ei
461 1896 519 1937 qui
535 1896 570 1927 in
592 1896 667 1927 acie
686 1900 821 1928 scutum
845 1897 928 1929 ami·

227 1947 340 1976 sisset.
383 1944 485 1976 Alex.
503 1945 547 1976 ab
559 1944 661 1978 Alex.
674 1955 725 1978 lv.
738 1949 792 1979 17.
821 1946 928 1989 Apud

225 1994 414 2035 Spartanos
429 1999 543 2026 autem
555 1997 670 2036 capite
682 1997 812 2029 luebat.
829 1998 927 2030 Idem

223 2052 264 2075 11.
304 2046 356 2076 1³.
387 2045 474 2076 Vide
503 2045 648 2078 Aristot.
684 2055 725 2078 11.
756 2048 929 2081 Rhetoric.

223 2093 411 2126 Modestin.
425 2094 449 2127 J
453 2095 554 2128 urisc.
568 2095 630 2127 lib.
645 2104 703 2127 ιιι.
717 2095 761 2127 de
788 2097 839 2129 Re
861 2098 928 2129 Mi·

223 2144 328 2176 litari.
359 2144 453 2176 Hinc
468 2149 559 2177 teste
576 2145 755 2178 Ammiano
771 2147 928 2180 Marcell.

223 2195 285 2227 lib.
301 2203 390 2227 xxv.
407 2195 510 2236 paulo
534 2200 612 2237 post
629 2195 765 2228 initium
779 2208 786 2226 :
809 2198 820 2214 ‘
836 2198 928 2238 Epa-

226 2244 406 2277 minondas
427 2238 485 2277 ille
502 2245 571 2277 dux
589 2245 753 2287 inclytus,
777 2247 929 2279 letaliter

226 2296 319 2336 apud
334 2296 548 2328 Mantineam
561 2296 695 2328 saucius
710 2306 868 2329 reversus
884 2307 929 2330 ex

226 2346 314 2386 acie,
341 2350 476 2378 scutum
508 2346 644 2378 solicite
673 2347 902 2390 conquirebat
916 2358 925 2380 ε

228 2395 319 2437 quod
342 2405 417 2428 cum
434 2395 577 2427 vidisset
600 2396 879 2438 propius‚laetior
893 2398 927 2430 vi

227 2446 379 2478 vulneris
399 2446 552 2486 interiit;
574 2451 612 2478 et
625 2447 685 2488 qui
711 2447 859 2480 animam
877 2448 929 2480 in·

226 2496 385 2539 trepidus
408 2496 602 2537 amittebat,
617 2496 790 2538 jacturam
816 2498 929 2540 clypei

227 2547 451 2581 formidavit!
494 2547 597 2582 Quod
627 2548 719 2581 idem
745 2548 795 2581 ita
820 2548 930 2583 refert

228 2600 384 2633 Justinus
406 2601 427 2632 l.
445 2608 497 2632 vr.
521 2604 530 2618 ‘
543 2599 605 2642 Ut,
619 2600 747 2633 relatus
762 2600 797 2633 in
813 2606 930 2635 castra

230 2651 438 2684 semianimis
473 2650 777 2695 (Epaminondas),
811 2662 929 2686 vocem

226 2702 455 2744 spiritumque
478 2702 628 2744 collegit,
647 2701 682 2735 id
705 2713 808 2736 unum
824 2714 845 2737 a
863 2705 929 2738 cir-

227 2752 477 2785 cumstantibus
490 2753 682 2794 requisivit,
697 2763 776 2787 unm
792 2755 930 2788 cadenti

230 2803 297 2836 sibi
320 2807 454 2836 scutum
476 2803 662 2837 ademisset
685 2805 813 2838 hostis:
837 2805 928 2848 quod

981 1195 1021 1224 ut
1052 1196 1225 1225 servatum
1256 1190 1400 1231 audivit,
1437 1191 1578 1223 allatum
1614 1191 1686 1223 vel·

981 1247 1021 1275 ut
1045 1243 1198 1275 laborum
1221 1242 1410 1284 gloriaeque
1433 1241 1561 1273 socium
1587 1249 1685 1272 oscu-

981 1293 1070 1325 latus
1095 1293 1173 1325 est.’
1215 1292 1319 1334 Apud
1342 1291 1519 1324 Plutarch.
1540 1290 1685 1332 Apoph-

981 1343 1111 1384 thegm.
1141 1344 1268 1375 Lacon.
1295 1343 1507 1375 Demaratus
1538 1340 1684 1372 interro·

981 1398 1096 1434 gatus,
1114 1393 1197 1433 quid
1221 1392 1403 1424 dedecoris
1428 1396 1466 1424 et
1491 1390 1607 1432 probri
1636 1390 1684 1421 sit

983 1445 1142 1484 clypeum
1161 1442 1418 1483 abjicientibus,
1440 1450 1507 1473 nou
1535 1441 1583 1472 ita
1599 1448 1684 1472 vero

979 1494 1112 1534 galeam
1127 1497 1187 1525 ant
1202 1492 1364 1534 gladium,
1386 1490 1578 1532 respondit,
1602 1489 1684 1532 quia

979 1544 1053 1576 baec
1067 1544 1120 1575 sui
1145 1543 1295 1584 ipsorum
1317 1551 1423 1573 causa
1437 1544 1588 1579 sumunt,
1612 1539 1684 1580 cly-

981 1603 1082 1636 peum
1099 1597 1213 1625 autem
1228 1592 1416 1624 communis
1433 1590 1521 1623 aciei
1536 1591 1663 1632 gratia.

1025 1646 1063 1675 ll
1091 1644 1172 1675 Cum
1189 1643 1301 1681 fracta
1326 1640 1444 1682 virtus]
1467 1640 1554 1672 Cum
1582 1639 1685 1671 Bruti

981 1703 1062 1735 pars
1088 1697 1125 1725 et
1139 1693 1247 1724 virtus
1271 1691 1362 1723 victa
1385 1696 1439 1722 est
1459 1689 1540 1722 fatis
1563 1690 1685 1723 adver-

982 1745 1152 1785 santibus,
1163 1749 1200 1777 et
1213 1744 1369 1786 Augusto
1388 1743 1577 1785 Imperium
1593 1741 1686 1774 orbis
1734 1746 1737 1747 ’

982 1795 1247 1828 destinantibus.
1289 1795 1376 1827 Tum
1391 1794 1482 1825 enim
1493 1792 1539 1828 -in
1554 1801 1686 1824 summa.

983 1856 1095 1879 rerum
1125 1845 1371 1888 desperatione
1397 1844 1456 1876 ille
1485 1842 1577 1884 apud
1607 1851 1686 1875 suos

981 1902 1192 1939 conquestus
1218 1896 1352 1934 fertum
1374 1894 1524 1926 ‘frustra
1539 1893 1686 1939 coluisse

981 1958 1018 1981 se
1035 1949 1211 1988 virtutem,
1225 1956 1302 1989 quae
1325 1946 1422 1978 inane
1442 1949 1535 1976 esset
1551 1952 1692 1983 nomen,

982 2003 1020 2031 et
1048 1998 1196 2031 fortnnae
1229 1994 1401 2029 serviret?
1443 1994 1623 2027 Plutarch.
1649 1993 1687 2025 in

952 2052 955 2054 ’
983 2050 1102 2081 Bruto.
1127 2049 1198 2080 Dio
1223 2047 1284 2080 lib.
1312 2056 1433 2080 xuvu.
1456 2045 1608 2088 Appian.
1624 2044 1687 2077 lib.

982 2107 1036 2131 ιν.
1054 2098 1128 2130 Liv.
1139 2097 1299 2137 Epitome
1311 2096 1368 2127 lib.
1381 2104 1510 2128 cxxiv.
1531 2095 1542 2113 ‘
1559 2095 1687 2127 (λῦε-

982 2158 1037 2181 sar
1050 2152 1088 2180 et
1102 2147 1270 2179 Antonius
1283 2145 1373 2186 apud
1390 2145 1568 2186 Philippos
1592 2144 1686 2176 vario

982 2203 1109 2230 eventu
1141 2201 1264 2229 contra
1289 2196 1437 2227 Brutum
1466 2199 1504 2226 et
1527 2193 1685 2226 Cassium

981 2251 1239 2290 pugnaverunt;
1260 2247 1310 2278 ita
1326 2250 1366 2278 ut
1382 2245 1559 2287 utriusque
1575 2243 1684 2286 partis

979 2307 1110 2330 cornua
1121 2297 1246 2329 dextra
1256 2296 1446 2328 vincerent.
1461 2318 1470 2328 .
1481 2316 1492 2328 .
1501 2317 1511 2328 .
1529 2294 1590 2327 sed
1602 2294 1687 2326 ἰηπ-

979 2349 1114 2391 qualem
1129 2346 1303 2379 fortunam
1319 2346 1468 2387 partium
1492 2354 1585 2378 mors
1600 2344 1686 2378 cas-

981 2399 1024 2432 sii
1045 2398 1143 2438 fecit,
1161 2398 1220 2440 qui
1241 2407 1318 2429 cum
1333 2397 1367 2428 in
1384 2406 1426 2428 eo
1442 2405 1545 2429 cornu
1563 2394 1685 2427 fuisset

981 2450 1071 2494 quod
1094 2451 1228 2493 pulsum
1251 2453 1339 2486 erat,
1355 2453 1465 2481 totum
1492 2447 1685 2481 exercitum

983 2501 1095 2534 fusum
1120 2506 1229 2541 ratus,
1244 2504 1390 2532 mortem
1414 2499 1479 2532 sibi
1506 2499 1685 2533 conscivit.

981 2551 1104 2586 Altero
1118 2550 1245 2584 deinde
1262 2550 1383 2592 praelio
1396 2550 1510 2582 'victus
1525 2551 1577 2583 M.
1594 2550 1684 2582 Bru-

982 2608 1037 2636 tus
1052 2603 1174 2645 etipse
1187 2601 1292 2635 vitam
1306 2601 1431 2642 finivit,
1441 2610 1605 2633 annorum
1619 2601 1687 2634 eir-

982 2654 1072 2687 citer
1086 2652 1331 2696 quadraginta3
1353 2656 1496 2684 exorato
1519 2651 1687 2684 Stratone

981 2704 1073 2746 fugae
1093 2704 1233 2743 comite,
1246 2708 1286 2735 ut
1307 2702 1370 2735 sibi
1397 2702 1546 2744 gladium
1569 2701 1686 2745 adige-

983 2755 1059 2788 ret!
1102 2755 1299 2798 Xiphilinus
1322 2754 1357 2786 in
1373 2752 1532 2795 Augusto
1547 2754 1596 2786 sic
1611 2761 1685 2785 rem

983 2805 1170 2839 describit:
1195 2809 1204 2824 ⁴
1220 2804 1256 2838 Si
1276 2804 1406 2838 Brutus
1433 2813 1511 2837 cum
1533 2803 1684 2838 Antonio
