1916 3190
282 242 368 283 196
758 255 801 292 Q.
833 253 1044 284 noRA‘ru
1078 254 1252 286 ensem

398 346 654 389 Plectantur
673 348 828 401 sylvae,
849 352 895 389 te
917 349 1118 402 sospite3
1149 349 1376 403 multaque
1395 362 1575 402 merces,

452 413 584 455 Unde
604 419 767 468 potest,
791 415 871 457 tibi
891 414 1061 456 defluat
1081 429 1210 468 aequo

395 479 467 521 Ab
488 480 615 530 Jove,
637 480 931 535 Neptunoque
953 483 1069 524 sacri
1091 483 1276 524 custode
1296 482 1490 524 Tarenti.

453 546 651 600 Negligis
671 548 899 590 immeritis
919 550 1161 590 nocituram

396 613 643 655 Postmodo
657 618 698 655 te
718 616 832 656 natis
850 615 1051 657 fraudem
1073 616 1371 657 committere?
1403 616 1515 658 Fors
1534 619 1579 657 et

455 680 619 722 Debita
629 681 734 735 jura
753 681 965 735 vicesque
987 683 1191 736 superbae

1675 551 1731 592 30

280 784 373 822 mari,
389 785 478 816 luant
491 786 587 826 syloae
603 785 779 823 Venusinoe,
795 790 825 816 te
840 785 1005 816 incolumi.-
1027 784 1190 825 proemium
1204 795 1321 826 quoque
1335 785 1511 824 multiplex,
1525 785 1733 824 undecumque

269 825 328 862 sas
341 827 413 862 erit,
429 827 488 858 tibi
502 829 682 866 conseratur
696 839 716 859 a
729 829 808 859 Jove
814 828 917 867 justo,
927 831 960 858 et
973 837 993 858 a
1008 828 1155 868 Neptuno
1169 828 1287 859 sacrati
1304 827 1433 858 Tarenti
1446 827 1617 864 defensore.
1641 825 1732 861 Quod

278 868 403 906 sisorte
416 870 535 910 spernis
548 872 714 902 admittere
728 871 876 902 delictum
889 870 1025 910 posteris
1038 869 1252 901 innocentibus
1276 869 1376 901 exitio
1392 869 1541 908 suarum
1551 879 1564 906 ;
1586 868 1648 909 ipsi
1670 867 1731 899 tibi

883 952 1122 966 OO‘OOOOOOm

279 1007 511 1046 Cuning.—29
532 1006 597 1037 Sub
610 1007 690 1037 Jove
703 1007 793 1046 eonj-
807 1007 1043 1039 Crustas—31
1068 1008 1078 1024 ‘
1096 1008 1174 1039 Post
1196 1009 1283 1039 modo
1308 1006 1417 1038 divise
1442 1006 1565 1039 Sanad.
1580 1010 1620 1038 ut
1642 1007 1730 1038 modo

278 1050 323 1079 sit
345 1049 355 1066 ⁴
367 1048 627 1084 tantummodo:
644 1049 860 1089 jungendum
887 1058 964 1080 cum
979 1050 1165 1081 nocituram.
1210 1049 1277 1080 Sed
1295 1049 1434 1088 languet
1449 1047 1540 1080 forte
1555 1048 1605 1079 sic
1626 1048 1732 1079 locus.

278 1091 400 1122 Forsan
416 1090 530 1132 [Harl.
545 1093 577 1121 2.
588 1089 636 1130 5.]
647 1091 794 1132 quinque
810 1091 1100 1130 Lambinifflnlm.
1115 1094 1143 1123 l.
1156 1100 1273 1122 omnes
1285 1090 1473 1129 Torrentii,
1482 1100 1567 1122 nnus
1579 1090 1733 1130 Cruquii,

276 1133 421 1164 Mentel.
437 1135 503 1164 &c.
546 1133 603 1164 Sic
618 1138 655 1164 et
672 1133 789 1164 Lamb.
804 1134 961 1165 Torrent.
984 1134 1121 1165 Marcii.
1146 1133 1268 1164 Heius.
1294 1133 1412 1173 Steph.
1429 1132 1553 1164 Faber.
1569 1132 1732 1171 Rutgers.

276 1175 404 1206 Dat-er.
426 1175 546 1208 sones.
571 1175 697 1206 Sanad.
724 1174 865 1215 [Delpli.
892 1176 1080 1217 Schrevel.]
1104 1175 1204 1214 forsit
1232 1175 1287 1217 (ut
1309 1184 1336 1206 1.
1358 1175 1431 1207 Sat.
1444 1177 1476 1206 6.
1491 1172 1566 1215 49.)
1588 1173 1728 1216 quidam

277 1218 443 1256 Lambini,
453 1222 488 1248 et
503 1218 575 1258 ejus
591 1217 702 1256 prima
714 1217 835 1256 editio,
851 1218 932 1249 item
948 1218 1050 1249 Brut.
1079 1217 1185 1256 sorset
1208 1218 1378 1259 Porpliyr.
1401 1216 1538 1258 quidam
1560 1215 1730 1253 Lambini,

277 1260 414 1291 Gembl.
426 1263 456 1292 1.
471 1262 505 1291 2.
522 1259 718 1298 Pulmanni‚
735 1264 771 1290 et
787 1259 922 1291 Fabric.
939 1269 983 1291 ex
1000 1259 1073 1298 sors
1088 1263 1118 1291 et
1134 1260 1222 1290 haud
1237 1259 1340 1291 dubie
1353 1270 1363 1298 3
1378 1259 1510 1300 sorsque
1535 1268 1623 1290 unus
1647 1258 1731 1289 'ror-

277 1307 367 1333 rent.
383 1301 456 1340 sors
471 1306 503 1333 et
519 1311 634 1333 omnes
650 1303 752 1342 Cruq.
770 1307 899 1341 praeter
923 1311 1038 1340 unum,
1056 1302 1167 1333 Pulm.
1182 1305 1214 1333 4.
1239 1302 1336 1342 Lips.
1350 1305 1382 1333 1.
1404 1302 1553 1342 Franeq.
1579 1300 1730 1332 Bentleii

276 1345 411 1383 optimi,
426 1344 567 1375 Venett.
583 1342 725 1374 Ascens.
740 1343 880 1375 Locher.
896 1344 1015 1375 Basill.
1029 1345 1145 1375 Bentl.
1158 1344 1263 1375 Baxt.
1275 1344 1536 1384 Cim-probante
1548 1343 1595 1375 N.
1609 1342 1730 1374 Heim.

276 1385 320 1416 ad
337 1386 416 1417 Val.
433 1386 525 1417 Flac.
543 1395 567 1416 ι.
583 1388 660 1417 478.
704 1386 793 1418 Haec
810 1386 926 1427 itaque
941 1386 1031 1417 haud
1047 1386 1151 1418 dubie
1169 1395 1249 1417 vera
1261 1386 1375 1426 lectio,
1391 1395 1435 1417 ex
1447 1396 1516 1427 qua
1539 1390 1613 1416 orta
1629 1384 1731 1423 form

927 1460 955 1491 N
963 1459 1067 1491 OTAE

276 1522 476 1564 cognomine
490 1522 632 1555 dicunt!
660 1523 726 1554 Vel
739 1523 787 1554 sic
800 1523 975 1563 appellata

276 1578 328 1604 est
350 1572 451 1604 Italia
469 1572 511 1603 ab
531 1572 703 1613 Hespero,
723 1572 779 1614 qui
802 1572 975 1613 regionem

275 1624 375 1654 istam
397 1632 416 1653 a
435 1621 546 1653 fratre
568 1622 710 1653 Atlante
734 1622 848 1662 pulsus
872 1621 975 1660 adiit3

276 1673 329 1703 vel
362 1673 466 1703 etiam
501 1671 545 1703 ab
579 1672 739 1713 Hespero
771 1672 870 1703 stella
899 1681 975 1713 qnae

274 1722 411 1763 Vesper
439 1721 577 1763 dicitur,
600 1726 637 1753 et
660 1721 701 1752 ad
722 1721 893 1753 Oct-asum
919 1731 977 1761 ap-

273 1776 385 1813 paret.
436 1772 653 1803 Postremum
686 1771 774 1802 hanc
808 1770 975 1811 originem

275 1824 395 1855 asserit
414 1823 719 1855 Macrob.Saturn.
732 1831 758 1854 1.
775 1825 807 1853 3.
830 1822 877 1853 ita
893 1822 975 1854 scri-

273 1873 377 1904 bens:
391 1872 402 1890 ‘
413 1873 514 1903 Italia
528 1872 619 1903 dicta
629 1876 679 1903 est
693 1871 974 1913 Hesperia‚quod

276 1922 424 1953 Occasui
441 1921 596 1961 subjecta
613 1921 680 1951 sit!

322 1970 487 2001 Venusinoe
501 1970 612 2010 sylvoe]
635 1970 862 2009 Metonymia.
906 1971 975 2001 Ve-

273 2021 372 2051 nusia
394 2024 430 2050 et
452 2019 638 2049 Venusiam
665 2023 715 2048 est
742 2018 821 2048 urbs
835 2018 972 2057 Apuliae

273 2070 307 2100 in
324 2068 481 2100 Lucaniae
507 2066 672 2098 confinio:
695 2067 893 2097 continetur
915 2067 973 2097 ho·

274 2117 331 2149 die
346 2116 531 2148 Basilicata
548 2115 765 2155 Neapolitani
787 2115 880 2154 regni
898 2125 974 2155 pro-

274 2167 407 2198 vincia:
432 2166 473 2195 ad
496 2164 624 2195 radices
651 2163 825 2204 Apennini
850 2165 974 2195 montis

274 2210 361 2255 si'ta;
386 2223 490 2256 parva
505 2213 654 2255 quidem,
677 2212 737 2244 sed
762 2213 973 2253 principatus

275 2266 377 2298 titulo
393 2264 604 2302 nobilitatur,
621 2262 819 2302 vernacule,
839 2262 972 2293 Venosa.

316 2320 360 2349 29
376 2317 580 2357 Neptunoque
594 2314 676 2345 sacri
689 2314 814 2353 custode
825 2313 970 2355 Tarenti]

275 2368 346 2400 Cic.
359 2367 402 2398 de
416 2366 498 2398 Nat.
513 2366 617 2397 Deor.
633 2373 675 2396 ιι.
691 2373 725 2396 n.
739 2366 795 2395 66.
820 2365 829 2382 ‘
842 2364 971 2395 Datum

275 2423 328 2448 est
345 2417 509 2457 Neptuno
534 2414 633 2446 alteri
653 2413 763 2453 Jovis,
783 2418 821 2444 ut
843 2414 973 2450 volunt,

274 2467 372 2499 fratri
388 2467 592 2498 maritimum
608 2475 706 2497 omne
728 2474 891 2504 regnum:
916 2474 975 2496 no-

274 2526 422 2558 menque
453 2515 668 2557 productum,
691 2519 730 2546 nt
758 2514 931 2546 Portunus
955 2524 975 2546 a

276 2571 389 2607 portu,
405 2566 454 2598 sic
468 2566 648 2607 Neptunus
665 2574 685 2595 a
699 2564 823 2599 nando,
836 2565 974 2605 paulurn

277 2616 392 2656 primis
408 2615 517 2646 literis
539 2612 747 2646 immutatis!
790 2613 898 2645 Porro
921 2623 973 2644 sa-

277 2675 371 2697 crum
395 2665 445 2695 illi
459 2665 644 2696 Tarentum
665 2663 802 2704 dicitur,
822 2663 912 2704 quod
938 2663 974 2694 in

277 2715 348 2756 ejus
365 2714 407 2745 sit
423 2714 540 2753 tutela,
557 2722 700 2754 eumque
727 2713 900 2753 praecipue
917 2721 972 2743 co-

277 2765 346 2804 lat3
363 2765 431 2795 sive
448 2764 535 2804 quod
552 2765 645 2795 aiunt
664 2762 866 2794 Phalantum
882 2761 972 2793 Her-

1028 1523 1096 1554 culi
1111 1527 1147 1553 et
1164 1523 1328 1564 Neptuno
1349 1522 1476 1562 templa
1492 1521 1536 1553 ibi
1554 1521 1728 1561 erexisse3

1029 1573 1083 1604 vel
1104 1574 1192 1613 qnod
1217 1583 1258 1604 ea
1280 1573 1358 1604 urbs
1375 1583 1395 1604 a
1408 1573 1555 1603 Tarante
1572 1572 1731 1612 Neptuni

1027 1621 1098 1652 filio
1127 1622 1268 1654 condita
1298 1626 1400 1663 atque
1429 1622 1625 1659 nominatum
1647 1621 1729 1652 olim

1029 1681 1160 1711 magnae
1191 1672 1336 1703 Graeciae
1363 1669 1430 1702 fuit
1455 1671 1490 1702 in
1519 1670 1727 1709 Salentinis3

1028 1721 1127 1752 hodie
1144 1730 1223 1752 vero
1245 1721 1280 1752 in
1299 1725 1392 1752 terra
1409 1718 1653 1761 Hydruntina;
1676 1728 1732 1750 ar-

1027 1779 1102 1801 cem
1121 1770 1227 1802 habet
1243 1775 1447 1812 portumque
1463 1774 1499 1801 et
1514 1768 1729 1810 principuus

1027 1818 1184 1860 insignia.
1731 1817 1734 1819 ’

1073 1873 1115 1902 30
1129 1869 1279 1910 Negligis
1290 1869 1458 1901 immeritis
1467 1867 1651 1909 nocuum,
1662 1868 1733 1909 ξω]

1028 1919 1069 1950 Id
1086 1925 1151 1960 est,
1166 1920 1193 1950 si
1210 1919 1288 1951 inihi
1305 1928 1466 1963 suprema
1481 1923 1518 1950 et
1537 1917 1635 1959 justa
1650 1926 1730 1959 per-

1028 1970 1160 2001 solvere
1189 1979 1309 2010 parum
1335 1978 1446 2009 curas,
1468 1968 1566 2010 sique
1590 1976 1654 2008 per
1676 1975 1730 1999 so-

1028 2019 1179 2049 cordiam
1205 2019 1355 2050 admittis
1382 2018 1553 2059 piaculum
1570 2016 1635 2048 tibi
1652 2024 1728 2057 pos-

1028 2067 1180 2106 terisque
1218 2068 1286 2097 tnis
1320 2068 1526 2098 nociturum.
1584 2067 1729 2106 Semper

1028 2114 1119 2145 enim
1142 2115 1270 2153 grande
1293 2113 1388 2144 nefas
1409 2114 1562 2144 habitum
1588 2118 1654 2154 est,
1678 2114 1727 2144 in-

1028 2164 1199 2204 sepultum
1229 2163 1423 2203 relinquere
1454 2161 1590 2192 obvium
1625 2161 1727 2192 cada-

1027 2223 1106 2244 ver:
1125 2214 1249 2254 quique
1264 2211 1299 2243 id
1313 2210 1532 2251 neglexisset,
1546 2209 1726 2250 piacularis

1027 2263 1300 2293 existimabatur.
1352 2259 1495 2291 Athenis
1521 2263 1634 2290 autem
1656 2259 1727 2290 Bn-

1026 2321 1126 2353 zyges
1146 2310 1314 2354 ejusmodi
1335 2317 1429 2340 reum
1450 2307 1598 2339 criminis
1621 2307 1726 2339 etiam

1026 2361 1264 2392 execrabatur.

1070 2413 1109 2441 31
1126 2407 1295 2448 Frondem]
1310 2408 1397 2439 Nam
1412 2406 1531 2438 debito
1542 2405 1726 2439 defraudat

1027 2459 1140 2493 officio
1162 2465 1332 2490 mortuum
1349 2456 1407 2499 qni
1433 2455 1643 2488 inhumatum
1665 2465 1726 2488 ne-

1052 2509 1141 2550 ligit.

1029 2520 1050 2551 g
1072 2559 1152 2594 Eoi-s
1165 2561 1195 2589 et
1215 2555 1369 2597 [Forsan]
1393 2555 1528 2596 Legunt
1546 2554 1601 2585 alii
1615 2554 1728 2596 forsit,

1028 2609 1082 2640 vel
1105 2608 1224 2647 sonet,
1256 2606 1314 2638 alii
1341 2605 1413 2645 fors
1435 2608 1479 2646 et,
1505 2604 1725 2646 junguntque

1029 2668 1104 2691 cum
1121 2655 1354 2698 sequentibus.
1397 2654 1466 2686 Sed
1481 2653 1562 2696 quid
1577 2653 1680 2685 inde?

1070 2711 1111 2740 32
1136 2706 1255 2738 Debita
1274 2706 1353 2744 jura
1379 2706 1527 2746 vicesque,
1555 2703 1625 2746 qt]
1655 2704 1726 2736 Par

1028 2759 1091 2791 tibi
1113 2767 1184 2790 sors
1205 2756 1382 2797 contingat
1397 2756 1477 2797 jure
1497 2755 1628 2794 merita,
1641 2758 1724 2786 tnn-
