<?xml version="1.0" encoding="UTF-8"?>
<!DOCTYPE html PUBLIC "-//W3C//DTD XHTML 1.0 Transitional//EN"
    "http://www.w3.org/TR/xhtml1/DTD/xhtml1-transitional.dtd">
<html xmlns="http://www.w3.org/1999/xhtml" xml:lang="en" lang="en">
 <head>
  <title>
</title>
<meta http-equiv="Content-Type" content="text/html;charset=utf-8" />
  <meta name='ocr-system' content='tesseract 3.04.00' />
  <meta name='ocr-capabilities' content='ocr_page ocr_carea ocr_par ocr_line ocrx_word'/>
</head>
<body>
  <div class='ocr_page' id='page_1' title='image "./operazeune01horauoft_0388.png"; bbox 0 0 1916 3190; ppageno 0'>
   <div class='ocr_carea' id='block_1_1' title="bbox 243 232 1215 289">
    <p class='ocr_par' dir='ltr' id='par_1_1' title="bbox 243 232 1215 289">
     <span class='ocr_line' id='line_1_1' title="bbox 243 232 1215 289; baseline 0.005 -15"><span class='ocrx_word' id='word_1_1' title='bbox 243 232 328 274; x_wconf 81' lang='lat'><strong>380</strong></span> <span class='ocrx_word' id='word_1_2' title='bbox 722 250 765 286; x_wconf 84' lang='lat' dir='ltr'><strong>Q.</strong></span> <span class='ocrx_word' id='word_1_3' title='bbox 797 248 1006 278; x_wconf 74' lang='lat' dir='ltr'><strong>noRArri</strong></span> <span class='ocrx_word' id='word_1_4' title='bbox 1043 247 1215 289; x_wconf 62' lang='lat' dir='ltr'><strong>resecr</strong></span> 
     </span>
    </p>
   </div>
   <div class='ocr_carea' id='block_1_2' title="bbox 473 343 1364 598">
    <p class='ocr_par' dir='ltr' id='par_1_2' title="bbox 473 343 1364 598">
     <span class='ocr_line' id='line_1_2' title="bbox 473 343 1071 385; baseline 0.002 -2"><span class='ocrx_word' id='word_1_5' title='bbox 473 343 556 383; x_wconf 88' lang='lat' dir='ltr'><strong>Est</strong></span> <span class='ocrx_word' id='word_1_6' title='bbox 577 347 622 385; x_wconf 85' lang='lat' dir='ltr'><strong>et</strong></span> <span class='ocrx_word' id='word_1_7' title='bbox 640 343 757 384; x_wconf 88' lang='lat' dir='ltr'><strong>fideli</strong></span> <span class='ocrx_word' id='word_1_8' title='bbox 777 347 868 384; x_wconf 82' lang='lat' dir='ltr'><strong>tuta</strong></span> <span class='ocrx_word' id='word_1_9' title='bbox 893 343 1071 384; x_wconf 83' lang='lat' dir='ltr'><strong>silentio</strong></span> 
     </span>
     <span class='ocr_line' id='line_1_3' title="bbox 473 410 1364 464; baseline 0 -14"><span class='ocrx_word' id='word_1_10' title='bbox 473 410 670 452; x_wconf 83' lang='lat' dir='ltr'><strong>Merces:</strong></span> <span class='ocrx_word' id='word_1_11' title='bbox 703 411 880 460; x_wconf 79' lang='lat' dir='ltr'><strong>vetabo,</strong></span> <span class='ocrx_word' id='word_1_12' title='bbox 902 412 977 464; x_wconf 91' lang='lat' dir='ltr'><strong>qui</strong></span> <span class='ocrx_word' id='word_1_13' title='bbox 1001 410 1171 452; x_wconf 84' lang='lat' dir='ltr'><strong>Cereris</strong></span> <span class='ocrx_word' id='word_1_14' title='bbox 1192 421 1364 451; x_wconf 85' lang='lat' dir='ltr'><strong>sacrum</strong></span> 
     </span>
     <span class='ocr_line' id='line_1_4' title="bbox 526 476 1207 530; baseline 0 -12"><span class='ocrx_word' id='word_1_15' title='bbox 526 476 732 530; x_wconf 81' lang='lat' dir='ltr'><strong>Vulgarit</strong></span> <span class='ocrx_word' id='word_1_16' title='bbox 754 490 942 529; x_wconf 85' lang='lat' dir='ltr'><strong>arcanae,</strong></span> <span class='ocrx_word' id='word_1_17' title='bbox 966 479 1047 519; x_wconf 91' lang='lat' dir='ltr'><strong>sub</strong></span> <span class='ocrx_word' id='word_1_18' title='bbox 1068 477 1207 519; x_wconf 89' lang='lat' dir='ltr'><strong>isdem</strong></span> 
     </span>
     <span class='ocr_line' id='line_1_5' title="bbox 585 544 1352 598; baseline 0.001 -13"><span class='ocrx_word' id='word_1_19' title='bbox 585 544 652 586; x_wconf 89' lang='lat' dir='ltr'><strong>Sit</strong></span> <span class='ocrx_word' id='word_1_20' title='bbox 673 545 886 596; x_wconf 85' lang='lat' dir='ltr'>trabibus,</span> <span class='ocrx_word' id='word_1_21' title='bbox 905 545 1160 598; x_wconf 81' lang='lat' dir='ltr'><strong>fragilemve</strong></span> <span class='ocrx_word' id='word_1_22' title='bbox 1179 557 1352 586; x_wconf 89' lang='lat' dir='ltr'><strong>mecum</strong></span> 
     </span>
    </p>
   </div>
   <div class='ocr_carea' id='block_1_3' title="bbox 240 660 1692 744">
    <p class='ocr_par' dir='ltr' id='par_1_3' title="bbox 240 660 1692 744">
     <span class='ocr_line' id='line_1_6' title="bbox 242 660 1692 701; baseline 0.002 -12"><span class='ocrx_word' id='word_1_23' title='bbox 242 660 349 699; x_wconf 64' lang='lat' dir='ltr'><strong>fugaci</strong></span> <span class='ocrx_word' id='word_1_24' title='bbox 364 669 538 699; x_wconf 75' lang='lat' dir='ltr'><strong><em>assurgens.</em></strong></span> <span class='ocrx_word' id='word_1_25' title='bbox 573 660 660 690; x_wconf 80' lang='lat' dir='ltr'><strong>Fidae</strong></span> <span class='ocrx_word' id='word_1_26' title='bbox 673 660 888 692; x_wconf 71' lang='lat' dir='ltr'><strong>taciturnitati</strong></span> <span class='ocrx_word' id='word_1_27' title='bbox 902 670 1039 692; x_wconf 80' lang='lat' dir='ltr'><strong>securum</strong></span> <span class='ocrx_word' id='word_1_28' title='bbox 1052 670 1168 701; x_wconf 79' lang='lat' dir='ltr'><strong>quoque</strong></span> <span class='ocrx_word' id='word_1_29' title='bbox 1178 663 1242 691; x_wconf 78' lang='lat' dir='ltr'><strong>stat</strong></span> <span class='ocrx_word' id='word_1_30' title='bbox 1254 660 1429 700; x_wconf 81' lang='lat' dir='ltr'><strong>proemium.</strong></span> <span class='ocrx_word' id='word_1_31' title='bbox 1467 660 1531 696; x_wconf 80' lang='lat' dir='ltr'><strong>Qui</strong></span> <span class='ocrx_word' id='word_1_32' title='bbox 1544 660 1692 692; x_wconf 70' lang='lat' dir='ltr'><strong>revelarit</strong></span> 
     </span>
     <span class='ocr_line' id='line_1_7' title="bbox 240 702 1692 744; baseline 0.001 -12"><span class='ocrx_word' id='word_1_33' title='bbox 240 706 360 734; x_wconf 75' lang='lat' dir='ltr'><strong>secret-1</strong></span> <span class='ocrx_word' id='word_1_34' title='bbox 374 703 522 744; x_wconf 75' lang='lat' dir='ltr'><strong>mysteria</strong></span> <span class='ocrx_word' id='word_1_35' title='bbox 539 702 671 740; x_wconf 80' lang='lat' dir='ltr'><strong>Cereris,</strong></span> <span class='ocrx_word' id='word_1_36' title='bbox 688 703 854 743; x_wconf 73' lang='lat' dir='ltr'><em>prohibebo</em></span> <span class='ocrx_word' id='word_1_37' title='bbox 870 713 907 734; x_wconf 84' lang='lat' dir='ltr'><strong>ne</strong></span> <span class='ocrx_word' id='word_1_38' title='bbox 920 703 975 734; x_wconf 81' lang='lat' dir='ltr'><strong>sub</strong></span> <span class='ocrx_word' id='word_1_39' title='bbox 989 705 1092 735; x_wconf 80' lang='lat' dir='ltr'><strong>eodem</strong></span> <span class='ocrx_word' id='word_1_40' title='bbox 1106 706 1186 734; x_wconf 80' lang='lat' dir='ltr'><strong>tecto</strong></span> <span class='ocrx_word' id='word_1_41' title='bbox 1199 706 1335 743; x_wconf 73' lang='lat' dir='ltr'><strong>mneat,</strong></span> <span class='ocrx_word' id='word_1_42' title='bbox 1356 712 1430 734; x_wconf 84' lang='lat' dir='ltr'><strong>neve</strong></span> <span class='ocrx_word' id='word_1_43' title='bbox 1443 702 1582 743; x_wconf 78' lang='lat' dir='ltr'><strong><em>cymbam</em></strong></span> <span class='ocrx_word' id='word_1_44' title='bbox 1595 704 1692 734; x_wconf 83' lang='lat' dir='ltr'><strong>levem</strong></span> 
     </span>
    </p>
   </div>
   <div class='ocr_carea' id='block_1_4' title="bbox 850 786 1089 799">
    <p class='ocr_par' dir='ltr' id='par_1_4' title="bbox 850 786 1089 799">
     <span class='ocr_line' id='line_1_8' title="bbox 850 786 1089 799; baseline 0.004 -1"><span class='ocrx_word' id='word_1_45' title='bbox 850 787 907 799; x_wconf 70' lang='lat'><strong>000</strong></span> <span class='ocrx_word' id='word_1_46' title='bbox 911 786 1066 799; x_wconf 50' lang='lat' dir='ltr'><strong>‘HOMO‘</strong></span> <span class='ocrx_word' id='word_1_47' title='bbox 1071 787 1089 799; x_wconf 62' lang='lat'><em>0</em></span> 
     </span>
    </p>
   </div>
   <div class='ocr_carea' id='block_1_5' title="bbox 239 841 1694 1181">
    <p class='ocr_par' dir='ltr' id='par_1_5' title="bbox 239 841 1694 1181">
     <span class='ocr_line' id='line_1_9' title="bbox 244 841 1692 884; baseline 0.003 -13"><span class='ocrx_word' id='word_1_48' title='bbox 244 849 297 882; x_wconf 86' lang='lat' dir='ltr'><strong>pr.</strong></span> <span class='ocrx_word' id='word_1_49' title='bbox 312 841 504 881; x_wconf 64' lang='lat' dir='ltr'><strong>pinnen—25</strong></span> <span class='ocrx_word' id='word_1_50' title='bbox 517 843 591 884; x_wconf 77' lang='lat' dir='ltr'><strong>Est,</strong></span> <span class='ocrx_word' id='word_1_51' title='bbox 607 842 754 884; x_wconf 78' lang='lat' dir='ltr'><strong>estfideli</strong></span> <span class='ocrx_word' id='word_1_52' title='bbox 770 843 905 876; x_wconf 87' lang='lat' dir='ltr'><strong>emend.</strong></span> <span class='ocrx_word' id='word_1_53' title='bbox 930 843 1019 875; x_wconf 83' lang='lat' dir='ltr'><strong>Sivr.</strong></span> <span class='ocrx_word' id='word_1_54' title='bbox 1036 843 1171 874; x_wconf 86' lang='lat' dir='ltr'><strong>scilicet</strong></span> <span class='ocrx_word' id='word_1_55' title='bbox 1184 846 1222 874; x_wconf 90' lang='lat' dir='ltr'><strong>ut</strong></span> <span class='ocrx_word' id='word_1_56' title='bbox 1238 851 1358 874; x_wconf 86' lang='lat' dir='ltr'><strong>novam</strong></span> <span class='ocrx_word' id='word_1_57' title='bbox 1374 842 1452 873; x_wconf 89' lang='lat' dir='ltr'><strong>hinc</strong></span> <span class='ocrx_word' id='word_1_58' title='bbox 1469 842 1572 874; x_wconf 88' lang='lat' dir='ltr'><strong>Oden</strong></span> <span class='ocrx_word' id='word_1_59' title='bbox 1587 842 1692 875; x_wconf 88' lang='lat' dir='ltr'><strong>ordiri</strong></span> 
     </span>
     <span class='ocr_line' id='line_1_10' title="bbox 243 884 1690 925; baseline 0.002 -12"><span class='ocrx_word' id='word_1_60' title='bbox 243 889 373 924; x_wconf 78' lang='lat' dir='ltr'><strong>posset.</strong></span> <span class='ocrx_word' id='word_1_61' title='bbox 419 884 492 917; x_wconf 86' lang='lat' dir='ltr'><strong>Alt.</strong></span> <span class='ocrx_word' id='word_1_62' title='bbox 510 889 539 917; x_wconf 93' lang='grc'><strong>1.</strong></span> <span class='ocrx_word' id='word_1_63' title='bbox 554 888 662 917; x_wconf 75' lang='lat' dir='ltr'><strong>cuncta</strong></span> <span class='ocrx_word' id='word_1_64' title='bbox 676 885 815 924; x_wconf 77' lang='lat' dir='ltr'><strong>silentia,</strong></span> <span class='ocrx_word' id='word_1_65' title='bbox 831 895 907 917; x_wconf 91' lang='lat' dir='ltr'><strong>cum</strong></span> <span class='ocrx_word' id='word_1_66' title='bbox 924 895 994 917; x_wconf 87' lang='lat' dir='ltr'><strong>var.</strong></span> <span class='ocrx_word' id='word_1_67' title='bbox 1009 886 1093 917; x_wconf 86' lang='lat' dir='ltr'><strong>lect.</strong></span> <span class='ocrx_word' id='word_1_68' title='bbox 1111 889 1192 917; x_wconf 79' lang='lat' dir='ltr'><strong>tuta.</strong></span> <span class='ocrx_word' id='word_1_69' title='bbox 1225 884 1362 916; x_wconf 81' lang='lat' dir='ltr'><strong>Nodeu.</strong></span> <span class='ocrx_word' id='word_1_70' title='bbox 1379 885 1470 925; x_wconf 87' lang='lat' dir='ltr'><strong>conj.</strong></span> <span class='ocrx_word' id='word_1_71' title='bbox 1486 886 1606 923; x_wconf 75' lang='lat' dir='ltr'><strong>multa;</strong></span> <span class='ocrx_word' id='word_1_72' title='bbox 1629 885 1690 917; x_wconf 84' lang='lat' dir='ltr'><strong>sed</strong></span> 
     </span>
     <span class='ocr_line' id='line_1_11' title="bbox 243 927 1691 968; baseline 0.003 -12"><span class='ocrx_word' id='word_1_73' title='bbox 243 931 365 966; x_wconf 77' lang='lat' dir='ltr'><strong>postea</strong></span> <span class='ocrx_word' id='word_1_74' title='bbox 391 928 562 967; x_wconf 82' lang='lat' dir='ltr'><strong>respuisse</strong></span> <span class='ocrx_word' id='word_1_75' title='bbox 580 927 815 959; x_wconf 67' lang='lat' dir='ltr'><strong>videtum—26</strong></span> <span class='ocrx_word' id='word_1_76' title='bbox 838 928 985 959; x_wconf 84' lang='lat' dir='ltr'><strong>Mentel.</strong></span> <span class='ocrx_word' id='word_1_77' title='bbox 1005 928 1121 959; x_wconf 76' lang='lat' dir='ltr'><strong>vitabo.</strong></span> <span class='ocrx_word' id='word_1_78' title='bbox 1145 929 1290 968; x_wconf 80' lang='lat' dir='ltr'><strong>Franeq.</strong></span> <span class='ocrx_word' id='word_1_79' title='bbox 1305 927 1475 966; x_wconf 78' lang='lat' dir='ltr'>Lambini,</span> <span class='ocrx_word' id='word_1_80' title='bbox 1495 928 1549 968; x_wconf 78' lang='lat' dir='ltr'><strong>qni</strong></span> <span class='ocrx_word' id='word_1_81' title='bbox 1567 929 1691 960; x_wconf 79' lang='lat' dir='ltr'><strong>Cereris</strong></span> 
     </span>
     <span class='ocr_line' id='line_1_12' title="bbox 242 969 1691 1002; baseline 0.002 -3"><span class='ocrx_word' id='word_1_82' title='bbox 242 972 428 1001; x_wconf 64' lang='lat' dir='ltr'><strong>sacrm—27</strong></span> <span class='ocrx_word' id='word_1_83' title='bbox 452 969 551 1001; x_wconf 75' lang='lat' dir='ltr'><strong>Harl.</strong></span> <span class='ocrx_word' id='word_1_84' title='bbox 567 972 599 1002; x_wconf 79' lang='lat'><strong>2.</strong></span> <span class='ocrx_word' id='word_1_85' title='bbox 615 973 647 1000; x_wconf 88' lang='grc'><strong>5.</strong></span> <span class='ocrx_word' id='word_1_86' title='bbox 665 972 695 1000; x_wconf 87' lang='grc'><strong>6.</strong></span> <span class='ocrx_word' id='word_1_87' title='bbox 721 969 902 1000; x_wconf 83' lang='lat' dir='ltr'><strong>Pulmanni</strong></span> <span class='ocrx_word' id='word_1_88' title='bbox 931 969 1047 1001; x_wconf 86' lang='lat' dir='ltr'><strong>Hunn.</strong></span> <span class='ocrx_word' id='word_1_89' title='bbox 1077 975 1113 1001; x_wconf 89' lang='lat' dir='ltr'><strong>et</strong></span> <span class='ocrx_word' id='word_1_90' title='bbox 1135 969 1316 1001; x_wconf 82' lang='lat' dir='ltr'><strong>Gemblac.</strong></span> <span class='ocrx_word' id='word_1_91' title='bbox 1345 972 1376 1000; x_wconf 92' lang='lat' dir='ltr'><strong>l.</strong></span> <span class='ocrx_word' id='word_1_92' title='bbox 1409 969 1553 1001; x_wconf 86' lang='lat' dir='ltr'><strong>Mentel.</strong></span> <span class='ocrx_word' id='word_1_93' title='bbox 1580 970 1691 1002; x_wconf 87' lang='lat' dir='ltr'><strong>Brod.</strong></span> 
     </span>
     <span class='ocr_line' id='line_1_13' title="bbox 243 1010 1692 1053; baseline 0.002 -12"><span class='ocrx_word' id='word_1_94' title='bbox 243 1020 330 1041; x_wconf 87' lang='lat' dir='ltr'><strong>unus</strong></span> <span class='ocrx_word' id='word_1_95' title='bbox 355 1012 570 1052; x_wconf 71' lang='lat' dir='ltr'><strong>Bet-smanni‚</strong></span> <span class='ocrx_word' id='word_1_96' title='bbox 591 1011 663 1043; x_wconf 87' lang='lat' dir='ltr'><strong>Alt.</strong></span> <span class='ocrx_word' id='word_1_97' title='bbox 678 1014 712 1043; x_wconf 85' lang='lat' dir='ltr'><strong>l.</strong></span> <span class='ocrx_word' id='word_1_98' title='bbox 739 1011 935 1042; x_wconf 84' lang='lat' dir='ltr'><strong>Helmstad.</strong></span> <span class='ocrx_word' id='word_1_99' title='bbox 954 1011 1050 1051; x_wconf 81' lang='lat' dir='ltr'><strong>Lips.</strong></span> <span class='ocrx_word' id='word_1_100' title='bbox 1063 1014 1094 1043; x_wconf 87' lang='lat'><strong>1.</strong></span> <span class='ocrx_word' id='word_1_101' title='bbox 1111 1011 1279 1051; x_wconf 72' lang='lat' dir='ltr'><strong>uulgauit.-</strong></span> <span class='ocrx_word' id='word_1_102' title='bbox 1301 1010 1362 1042; x_wconf 81' lang='lat' dir='ltr'><strong>sed</strong></span> <span class='ocrx_word' id='word_1_103' title='bbox 1387 1011 1478 1051; x_wconf 84' lang='lat' dir='ltr'><strong>Lips.</strong></span> <span class='ocrx_word' id='word_1_104' title='bbox 1495 1013 1526 1043; x_wconf 87' lang='lat'><strong>1.</strong></span> <span class='ocrx_word' id='word_1_105' title='bbox 1541 1021 1561 1042; x_wconf 81' lang='lat' dir='ltr'><strong>r</strong></span> <span class='ocrx_word' id='word_1_106' title='bbox 1575 1021 1692 1053; x_wconf 73' lang='lat' dir='ltr'><strong>supre-</strong></span> 
     </span>
     <span class='ocr_line' id='line_1_14' title="bbox 242 1053 1694 1094; baseline 0.001 -11"><span class='ocrx_word' id='word_1_107' title='bbox 242 1053 407 1093; x_wconf 83' lang='lat' dir='ltr'><strong>scriptum</strong></span> <span class='ocrx_word' id='word_1_108' title='bbox 424 1055 539 1085; x_wconf 87' lang='lat' dir='ltr'><strong>habet.</strong></span> <span class='ocrx_word' id='word_1_109' title='bbox 583 1053 730 1087; x_wconf 83' lang='lat' dir='ltr'><strong>Quidam</strong></span> <span class='ocrx_word' id='word_1_110' title='bbox 748 1063 802 1094; x_wconf 91' lang='lat' dir='ltr'><strong>ap.</strong></span> <span class='ocrx_word' id='word_1_111' title='bbox 829 1053 963 1085; x_wconf 81' lang='lat' dir='ltr'><strong>Fabric.</strong></span> <span class='ocrx_word' id='word_1_112' title='bbox 986 1054 1134 1093; x_wconf 62' lang='lat' dir='ltr'><strong>Vulgari!</strong></span> <span class='ocrx_word' id='word_1_113' title='bbox 1157 1062 1328 1090; x_wconf 76' lang='lat' dir='ltr'><strong>arcanum3</strong></span> <span class='ocrx_word' id='word_1_114' title='bbox 1351 1054 1421 1092; x_wconf 83' lang='lat' dir='ltr'><strong>alii,</strong></span> <span class='ocrx_word' id='word_1_115' title='bbox 1440 1053 1498 1084; x_wconf 75' lang='lat' dir='ltr'><strong>snb</strong></span> <span class='ocrx_word' id='word_1_116' title='bbox 1517 1053 1694 1086; x_wconf 65' lang='lat' dir='ltr'><strong>hisdem.-</strong></span> 
     </span>
     <span class='ocr_line' id='line_1_15' title="bbox 239 1095 1692 1137; baseline 0.003 -13"><span class='ocrx_word' id='word_1_117' title='bbox 239 1096 284 1125; x_wconf 82' lang='lat'><strong>28</strong></span> <span class='ocrx_word' id='word_1_118' title='bbox 309 1095 657 1137; x_wconf 76' lang='lat' dir='ltr'><strong>Vulgg.fragilemque.</strong></span> <span class='ocrx_word' id='word_1_119' title='bbox 680 1096 793 1128; x_wconf 90' lang='lat' dir='ltr'><strong>Bentl.</strong></span> <span class='ocrx_word' id='word_1_120' title='bbox 808 1096 941 1127; x_wconf 88' lang='lat' dir='ltr'><strong>emend.</strong></span> <span class='ocrx_word' id='word_1_121' title='bbox 948 1095 1162 1136; x_wconf 77' lang='lat' dir='ltr'><strong>fragilemve;</strong></span> <span class='ocrx_word' id='word_1_122' title='bbox 1185 1101 1221 1127; x_wconf 89' lang='lat' dir='ltr'><strong>et</strong></span> <span class='ocrx_word' id='word_1_123' title='bbox 1235 1096 1284 1127; x_wconf 83' lang='lat' dir='ltr'><strong>sie</strong></span> <span class='ocrx_word' id='word_1_124' title='bbox 1302 1095 1495 1128; x_wconf 77' lang='lat' dir='ltr'><strong>Helmstad.</strong></span> <span class='ocrx_word' id='word_1_125' title='bbox 1513 1095 1596 1128; x_wconf 82' lang='lat' dir='ltr'><strong>item</strong></span> <span class='ocrx_word' id='word_1_126' title='bbox 1610 1095 1692 1129; x_wconf 87' lang='lat' dir='ltr'><strong>edd.</strong></span> 
     </span>
     <span class='ocr_line' id='line_1_16' title="bbox 241 1136 1692 1181; baseline 0.002 -13"><span class='ocrx_word' id='word_1_127' title='bbox 241 1136 344 1170; x_wconf 81' lang='lat' dir='ltr'><strong>Baxt.</strong></span> <span class='ocrx_word' id='word_1_128' title='bbox 359 1139 478 1173; x_wconf 85' lang='lat' dir='ltr'><strong>Jones.</strong></span> <span class='ocrx_word' id='word_1_129' title='bbox 493 1139 638 1181; x_wconf 84' lang='lat' dir='ltr'><strong>Cnning.</strong></span> <span class='ocrx_word' id='word_1_130' title='bbox 653 1140 778 1172; x_wconf 86' lang='lat' dir='ltr'><strong>Sanad.</strong></span> <span class='ocrx_word' id='word_1_131' title='bbox 793 1139 883 1171; x_wconf 84' lang='lat' dir='ltr'><strong>Sivr.</strong></span> <span class='ocrx_word' id='word_1_132' title='bbox 896 1143 932 1171; x_wconf 90' lang='lat' dir='ltr'><strong>et</strong></span> <span class='ocrx_word' id='word_1_133' title='bbox 946 1139 1139 1171; x_wconf 85' lang='lat' dir='ltr'><strong>Broukhus.</strong></span> <span class='ocrx_word' id='word_1_134' title='bbox 1158 1138 1201 1170; x_wconf 87' lang='lat' dir='ltr'><strong>ad</strong></span> <span class='ocrx_word' id='word_1_135' title='bbox 1217 1138 1342 1170; x_wconf 88' lang='lat' dir='ltr'><strong>Tibull.</strong></span> <span class='ocrx_word' id='word_1_136' title='bbox 1359 1147 1415 1170; x_wconf 86' lang='grc' dir='ltr'><strong>ιιι.</strong></span> <span class='ocrx_word' id='word_1_137' title='bbox 1425 1142 1456 1170; x_wconf 82' lang='grc'><strong>5.</strong></span> <span class='ocrx_word' id='word_1_138' title='bbox 1469 1141 1500 1171; x_wconf 87' lang='grc'><strong>8.</strong></span> <span class='ocrx_word' id='word_1_139' title='bbox 1544 1139 1632 1171; x_wconf 82' lang='lat' dir='ltr'><strong>Vide</strong></span> <span class='ocrx_word' id='word_1_140' title='bbox 1648 1139 1692 1171; x_wconf 87' lang='lat' dir='ltr'><strong>ad</strong></span> 
     </span>
    </p>
   </div>
   <div class='ocr_carea' id='block_1_6' title="bbox 896 1222 1040 1256">
    <p class='ocr_par' dir='ltr' id='par_1_6' title="bbox 896 1222 1040 1256">
     <span class='ocr_line' id='line_1_17' title="bbox 896 1222 1040 1256; baseline 0.007 -1"><span class='ocrx_word' id='word_1_141' title='bbox 896 1222 1040 1256; x_wconf 81' lang='lat' dir='ltr'><strong>NOTAE</strong></span> 
     </span>
    </p>
   </div>
   <div class='ocr_carea' id='block_1_7' title="bbox 236 1286 943 2026">
    <p class='ocr_par' dir='ltr' id='par_1_7' title="bbox 236 1286 943 2026">
     <span class='ocr_line' id='line_1_18' title="bbox 282 1286 942 1329; baseline -0.002 -10"><span class='ocrx_word' id='word_1_142' title='bbox 282 1290 323 1318; x_wconf 82' lang='lat'><strong>25</strong></span> <span class='ocrx_word' id='word_1_143' title='bbox 348 1288 411 1319; x_wconf 79' lang='lat' dir='ltr'><strong>Est</strong></span> <span class='ocrx_word' id='word_1_144' title='bbox 424 1287 554 1329; x_wconf 75' lang='lat' dir='ltr'><strong>etfidelv&#39;</strong></span> <span class='ocrx_word' id='word_1_145' title='bbox 568 1290 638 1319; x_wconf 81' lang='lat' dir='ltr'><strong>tuta</strong></span> <span class='ocrx_word' id='word_1_146' title='bbox 658 1286 782 1318; x_wconf 73' lang='lat' dir='ltr'><strong>silentio</strong></span> <span class='ocrx_word' id='word_1_147' title='bbox 801 1287 942 1329; x_wconf 81' lang='lat' dir='ltr'><strong>Merces]</strong></span> 
     </span>
     <span class='ocr_line' id='line_1_19' title="bbox 241 1337 940 1380; baseline 0.001 -12"><span class='ocrx_word' id='word_1_148' title='bbox 241 1337 329 1368; x_wconf 83' lang='lat' dir='ltr'><strong>Pars</strong></span> <span class='ocrx_word' id='word_1_149' title='bbox 345 1337 419 1370; x_wconf 78' lang='lat' dir='ltr'><strong>liaec</strong></span> <span class='ocrx_word' id='word_1_150' title='bbox 434 1342 487 1369; x_wconf 86' lang='lat' dir='ltr'><strong>est</strong></span> <span class='ocrx_word' id='word_1_151' title='bbox 510 1337 598 1370; x_wconf 89' lang='lat' dir='ltr'><strong>Odae</strong></span> <span class='ocrx_word' id='word_1_152' title='bbox 622 1339 739 1378; x_wconf 86' lang='lat' dir='ltr'><strong>tertia,</strong></span> <span class='ocrx_word' id='word_1_153' title='bbox 753 1338 785 1369; x_wconf 89' lang='lat' dir='ltr'><strong>in</strong></span> <span class='ocrx_word' id='word_1_154' title='bbox 806 1347 874 1380; x_wconf 87' lang='lat' dir='ltr'><strong>qua</strong></span> <span class='ocrx_word' id='word_1_155' title='bbox 897 1338 940 1369; x_wconf 91' lang='lat' dir='ltr'><strong>si-</strong></span> 
     </span>
     <span class='ocr_line' id='line_1_20' title="bbox 239 1386 939 1428; baseline 0 -10"><span class='ocrx_word' id='word_1_156' title='bbox 239 1386 337 1418; x_wconf 89' lang='lat' dir='ltr'><strong>lentii</strong></span> <span class='ocrx_word' id='word_1_157' title='bbox 367 1387 598 1418; x_wconf 79' lang='lat' dir='ltr'><strong>laudationem</strong></span> <span class='ocrx_word' id='word_1_158' title='bbox 631 1387 787 1427; x_wconf 88' lang='lat' dir='ltr'><strong>agnoscit</strong></span> <span class='ocrx_word' id='word_1_159' title='bbox 819 1387 939 1428; x_wconf 87' lang='lat' dir='ltr'><strong>vulgus</strong></span> 
     </span>
     <span class='ocr_line' id='line_1_21' title="bbox 239 1434 939 1476; baseline 0.003 -10"><span class='ocrx_word' id='word_1_160' title='bbox 239 1434 488 1476; x_wconf 83' lang='lat' dir='ltr'><strong>Interpretum.</strong></span> <span class='ocrx_word' id='word_1_161' title='bbox 531 1437 658 1467; x_wconf 90' lang='lat' dir='ltr'><strong>Verum</strong></span> <span class='ocrx_word' id='word_1_162' title='bbox 676 1446 742 1468; x_wconf 88' lang='lat' dir='ltr'><strong>non</strong></span> <span class='ocrx_word' id='word_1_163' title='bbox 759 1441 827 1468; x_wconf 87' lang='lat' dir='ltr'><strong>tam</strong></span> <span class='ocrx_word' id='word_1_164' title='bbox 838 1437 939 1468; x_wconf 81' lang='lat' dir='ltr'><strong>silen-</strong></span> 
     </span>
     <span class='ocr_line' id='line_1_22' title="bbox 238 1485 939 1528; baseline 0.001 -12"><span class='ocrx_word' id='word_1_165' title='bbox 238 1485 278 1516; x_wconf 89' lang='lat' dir='ltr'><strong>tii</strong></span> <span class='ocrx_word' id='word_1_166' title='bbox 301 1485 432 1527; x_wconf 83' lang='lat' dir='ltr'><strong>religio,</strong></span> <span class='ocrx_word' id='word_1_167' title='bbox 449 1495 548 1528; x_wconf 81' lang='lat' dir='ltr'><strong>quam</strong></span> <span class='ocrx_word' id='word_1_168' title='bbox 573 1486 745 1527; x_wconf 90' lang='lat' dir='ltr'><strong>religionis</strong></span> <span class='ocrx_word' id='word_1_169' title='bbox 766 1487 939 1526; x_wconf 77' lang='lat' dir='ltr'><strong>silentium</strong></span> 
     </span>
     <span class='ocr_line' id='line_1_23' title="bbox 238 1535 940 1573; baseline 0.001 -7"><span class='ocrx_word' id='word_1_170' title='bbox 238 1540 276 1567; x_wconf 89' lang='lat' dir='ltr'><strong>et</strong></span> <span class='ocrx_word' id='word_1_171' title='bbox 298 1536 463 1567; x_wconf 86' lang='lat' dir='ltr'><strong>sanctitas</strong></span> <span class='ocrx_word' id='word_1_172' title='bbox 488 1536 544 1567; x_wconf 84' lang='lat' dir='ltr'><strong>hie</strong></span> <span class='ocrx_word' id='word_1_173' title='bbox 565 1535 835 1573; x_wconf 79' lang='lat' dir='ltr'><strong>commendatur.</strong></span> <span class='ocrx_word' id='word_1_174' title='bbox 881 1536 940 1567; x_wconf 93' lang='lat' dir='ltr'><strong>Er-</strong></span> 
     </span>
     <span class='ocr_line' id='line_1_24' title="bbox 238 1585 940 1626; baseline 0.003 -10"><span class='ocrx_word' id='word_1_175' title='bbox 238 1590 317 1619; x_wconf 77' lang='lat' dir='ltr'><strong>rant</strong></span> <span class='ocrx_word' id='word_1_176' title='bbox 337 1594 419 1626; x_wconf 83' lang='lat' dir='ltr'><strong>ergo</strong></span> <span class='ocrx_word' id='word_1_177' title='bbox 445 1585 502 1626; x_wconf 91' lang='lat' dir='ltr'><strong>qui</strong></span> <span class='ocrx_word' id='word_1_178' title='bbox 525 1585 706 1617; x_wconf 82' lang='lat' dir='ltr'><strong>Horatium</strong></span> <span class='ocrx_word' id='word_1_179' title='bbox 723 1585 766 1617; x_wconf 88' lang='lat' dir='ltr'><strong>ab</strong></span> <span class='ocrx_word' id='word_1_180' title='bbox 781 1585 940 1618; x_wconf 82' lang='lat' dir='ltr'><strong>instituto</strong></span> 
     </span>
     <span class='ocr_line' id='line_1_25' title="bbox 236 1635 940 1678; baseline 0.001 -11"><span class='ocrx_word' id='word_1_181' title='bbox 236 1636 292 1667; x_wconf 86' lang='lat' dir='ltr'><strong>vel</strong></span> <span class='ocrx_word' id='word_1_182' title='bbox 315 1635 480 1668; x_wconf 86' lang='lat' dir='ltr'><strong>aberrare</strong></span> <span class='ocrx_word' id='word_1_183' title='bbox 499 1637 553 1667; x_wconf 90' lang='lat' dir='ltr'><strong>vel</strong></span> <span class='ocrx_word' id='word_1_184' title='bbox 574 1636 710 1678; x_wconf 81' lang='lat' dir='ltr'><strong>digredi</strong></span> <span class='ocrx_word' id='word_1_185' title='bbox 731 1637 940 1669; x_wconf 84' lang='lat' dir='ltr'><strong>existimant.</strong></span> 
     </span>
     <span class='ocr_line' id='line_1_26' title="bbox 236 1685 942 1720; baseline 0.003 -3"><span class='ocrx_word' id='word_1_186' title='bbox 236 1685 347 1718; x_wconf 86' lang='lat' dir='ltr'><strong>Immo</strong></span> <span class='ocrx_word' id='word_1_187' title='bbox 377 1691 415 1718; x_wconf 90' lang='lat' dir='ltr'><strong>ut</strong></span> <span class='ocrx_word' id='word_1_188' title='bbox 445 1687 599 1719; x_wconf 84' lang='lat' dir='ltr'><strong>Deorum</strong></span> <span class='ocrx_word' id='word_1_189' title='bbox 623 1686 753 1718; x_wconf 90' lang='lat' dir='ltr'><strong>cultum</strong></span> <span class='ocrx_word' id='word_1_190' title='bbox 783 1686 942 1720; x_wconf 87' lang='lat' dir='ltr'><strong>universe</strong></span> 
     </span>
     <span class='ocr_line' id='line_1_27' title="bbox 238 1735 941 1777; baseline 0.001 -10"><span class='ocrx_word' id='word_1_191' title='bbox 238 1736 457 1777; x_wconf 84' lang='lat' dir='ltr'><strong>persuadeat,</strong></span> <span class='ocrx_word' id='word_1_192' title='bbox 477 1745 584 1774; x_wconf 56' lang='lat' dir='ltr'><strong>‚sacra</strong></span> <span class='ocrx_word' id='word_1_193' title='bbox 607 1735 781 1768; x_wconf 71' lang='lat' dir='ltr'><strong>Eleusinae</strong></span> <span class='ocrx_word' id='word_1_194' title='bbox 804 1737 941 1768; x_wconf 87' lang='lat' dir='ltr'><strong>Cereris</strong></span> 
     </span>
     <span class='ocr_line' id='line_1_28' title="bbox 237 1785 943 1833; baseline 0.003 -16"><span class='ocrx_word' id='word_1_195' title='bbox 237 1786 397 1828; x_wconf 84' lang='lat' dir='ltr'><strong>religioso</strong></span> <span class='ocrx_word' id='word_1_196' title='bbox 414 1785 554 1829; x_wconf 85' lang='lat' dir='ltr'><strong>quidem</strong></span> <span class='ocrx_word' id='word_1_197' title='bbox 575 1786 713 1818; x_wconf 86' lang='lat' dir='ltr'><strong>silentio</strong></span> <span class='ocrx_word' id='word_1_198' title='bbox 730 1786 849 1833; x_wconf 78' lang='lat' dir='ltr'><strong>peragi</strong></span> <span class='ocrx_word' id='word_1_199' title='bbox 865 1787 943 1819; x_wconf 91' lang='lat' dir='ltr'><strong>soli-</strong></span> 
     </span>
     <span class='ocr_line' id='line_1_29' title="bbox 238 1836 943 1877; baseline 0.003 -10"><span class='ocrx_word' id='word_1_200' title='bbox 238 1839 286 1875; x_wconf 83' lang='lat' dir='ltr'><strong>ta,</strong></span> <span class='ocrx_word' id='word_1_201' title='bbox 310 1836 405 1868; x_wconf 89' lang='lat' dir='ltr'><strong>velut</strong></span> <span class='ocrx_word' id='word_1_202' title='bbox 422 1837 574 1877; x_wconf 87' lang='lat' dir='ltr'><strong>speciem</strong></span> <span class='ocrx_word' id='word_1_203' title='bbox 599 1845 661 1877; x_wconf 88' lang='lat' dir='ltr'><strong>pro</strong></span> <span class='ocrx_word' id='word_1_204' title='bbox 685 1845 825 1877; x_wconf 82' lang='lat' dir='ltr'><strong>genere,</strong></span> <span class='ocrx_word' id='word_1_205' title='bbox 850 1847 943 1869; x_wconf 83' lang='lat' dir='ltr'><strong>assu-</strong></span> 
     </span>
     <span class='ocr_line' id='line_1_30' title="bbox 237 1886 942 1928; baseline 0.003 -11"><span class='ocrx_word' id='word_1_206' title='bbox 237 1886 319 1925; x_wconf 87' lang='lat' dir='ltr'><strong>mit;</strong></span> <span class='ocrx_word' id='word_1_207' title='bbox 342 1895 530 1928; x_wconf 85' lang='lat' dir='ltr'><strong>eorumque</strong></span> <span class='ocrx_word' id='word_1_208' title='bbox 546 1886 767 1917; x_wconf 84' lang='lat' dir='ltr'><strong>violationem</strong></span> <span class='ocrx_word' id='word_1_209' title='bbox 785 1895 846 1927; x_wconf 89' lang='lat' dir='ltr'><strong>pro</strong></span> <span class='ocrx_word' id='word_1_210' title='bbox 859 1897 942 1928; x_wconf 87' lang='lat' dir='ltr'><strong>quo·</strong></span> 
     </span>
     <span class='ocr_line' id='line_1_31' title="bbox 237 1935 941 1979; baseline 0.004 -12"><span class='ocrx_word' id='word_1_211' title='bbox 237 1936 323 1968; x_wconf 88' lang='lat' dir='ltr'><strong>libet</strong></span> <span class='ocrx_word' id='word_1_212' title='bbox 338 1938 516 1978; x_wconf 84' lang='lat' dir='ltr'><strong>sacrilegio</strong></span> <span class='ocrx_word' id='word_1_213' title='bbox 534 1935 644 1969; x_wconf 84' lang='lat' dir='ltr'><strong>affert.</strong></span> <span class='ocrx_word' id='word_1_214' title='bbox 691 1938 779 1970; x_wconf 83' lang='lat' dir='ltr'><strong>Quae</strong></span> <span class='ocrx_word' id='word_1_215' title='bbox 803 1938 941 1979; x_wconf 88' lang='lat' dir='ltr'><strong>quidem</strong></span> 
     </span>
     <span class='ocr_line' id='line_1_32' title="bbox 236 1987 940 2026; baseline 0.004 -10"><span class='ocrx_word' id='word_1_216' title='bbox 236 1987 409 2026; x_wconf 81' lang='lat' dir='ltr'><strong>sagaciter</strong></span> <span class='ocrx_word' id='word_1_217' title='bbox 435 1988 664 2018; x_wconf 85' lang='lat' dir='ltr'><strong>observarunt</strong></span> <span class='ocrx_word' id='word_1_218' title='bbox 692 1991 764 2018; x_wconf 86' lang='lat' dir='ltr'><strong>tum</strong></span> <span class='ocrx_word' id='word_1_219' title='bbox 790 1987 940 2019; x_wconf 86' lang='lat' dir='ltr'><strong>Parthe-</strong></span> 
     </span>
    </p>
   </div>
   <div class='ocr_carea' id='block_1_8' title="bbox 238 2035 956 2076">
    <p class='ocr_par' dir='ltr' id='par_1_8' title="bbox 238 2035 956 2076">
     <span class='ocr_line' id='line_1_33' title="bbox 238 2035 956 2076; baseline 0.003 -10"><span class='ocrx_word' id='word_1_220' title='bbox 238 2035 328 2075; x_wconf 88' lang='lat' dir='ltr'><strong>nius,</strong></span> <span class='ocrx_word' id='word_1_221' title='bbox 366 2040 437 2066; x_wconf 91' lang='lat' dir='ltr'><strong>tum</strong></span> <span class='ocrx_word' id='word_1_222' title='bbox 474 2035 654 2067; x_wconf 89' lang='lat' dir='ltr'><strong>Marcilius</strong></span> <span class='ocrx_word' id='word_1_223' title='bbox 689 2037 764 2076; x_wconf 79' lang='lat' dir='ltr'><strong>jam</strong></span> <span class='ocrx_word' id='word_1_224' title='bbox 803 2037 956 2068; x_wconf 48' lang='lat' dir='ltr'><strong>citatus*</strong></span> 
     </span>
    </p>
   </div>
   <div class='ocr_carea' id='block_1_9' title="bbox 235 2085 942 2828">
    <p class='ocr_par' dir='ltr' id='par_1_9' title="bbox 235 2085 942 2629">
     <span class='ocr_line' id='line_1_34' title="bbox 238 2085 940 2125; baseline 0.003 -9"><span class='ocrx_word' id='word_1_225' title='bbox 238 2085 331 2116; x_wconf 84' lang='lat' dir='ltr'><strong>Vide</strong></span> <span class='ocrx_word' id='word_1_226' title='bbox 359 2085 450 2125; x_wconf 88' lang='lat' dir='ltr'><strong>apud</strong></span> <span class='ocrx_word' id='word_1_227' title='bbox 475 2086 554 2116; x_wconf 88' lang='lat' dir='ltr'><strong>Val.</strong></span> <span class='ocrx_word' id='word_1_228' title='bbox 581 2086 676 2117; x_wconf 85' lang='lat' dir='ltr'><strong>Max.</strong></span> <span class='ocrx_word' id='word_1_229' title='bbox 701 2086 799 2117; x_wconf 91' lang='lat' dir='ltr'><strong>initio</strong></span> <span class='ocrx_word' id='word_1_230' title='bbox 828 2086 888 2118; x_wconf 88' lang='lat' dir='ltr'><strong>lib.</strong></span> <span class='ocrx_word' id='word_1_231' title='bbox 915 2096 940 2119; x_wconf 84' lang='lat'><strong>1.</strong></span> 
     </span>
     <span class='ocr_line' id='line_1_35' title="bbox 239 2134 939 2176; baseline 0 -9"><span class='ocrx_word' id='word_1_232' title='bbox 239 2135 471 2167; x_wconf 76' lang='lat' dir='ltr'><strong>emolumenta</strong></span> <span class='ocrx_word' id='word_1_233' title='bbox 517 2134 709 2165; x_wconf 72' lang='lat' dir='ltr'><strong>observatae</strong></span> <span class='ocrx_word' id='word_1_234' title='bbox 751 2136 939 2176; x_wconf 84' lang='lat' dir='ltr'><strong>religionis,</strong></span> 
     </span>
     <span class='ocr_line' id='line_1_36' title="bbox 238 2186 940 2226; baseline -0.001 -9"><span class='ocrx_word' id='word_1_235' title='bbox 238 2186 405 2226; x_wconf 65' lang='lat' dir='ltr'><strong>neglectae</strong></span> <span class='ocrx_word' id='word_1_236' title='bbox 423 2194 507 2216; x_wconf 88' lang='lat' dir='ltr'><strong>vero</strong></span> <span class='ocrx_word' id='word_1_237' title='bbox 530 2193 647 2225; x_wconf 89' lang='lat' dir='ltr'><strong>poenas</strong></span> <span class='ocrx_word' id='word_1_238' title='bbox 670 2188 704 2215; x_wconf 88' lang='lat' dir='ltr'><strong>et</strong></span> <span class='ocrx_word' id='word_1_239' title='bbox 727 2186 828 2216; x_wconf 86' lang='lat' dir='ltr'><strong>mala.</strong></span> <span class='ocrx_word' id='word_1_240' title='bbox 853 2186 940 2217; x_wconf 81' lang='lat' dir='ltr'><strong>Ter-</strong></span> 
     </span>
     <span class='ocr_line' id='line_1_37' title="bbox 239 2234 941 2276; baseline 0 -10"><span class='ocrx_word' id='word_1_241' title='bbox 239 2235 316 2267; x_wconf 80' lang='lat' dir='ltr'><strong>tun.</strong></span> <span class='ocrx_word' id='word_1_242' title='bbox 333 2235 529 2276; x_wconf 83' lang='lat' dir='ltr'><strong>-Apologct.</strong></span> <span class='ocrx_word' id='word_1_243' title='bbox 553 2244 631 2274; x_wconf 89' lang='lat' dir='ltr'><strong>cap.</strong></span> <span class='ocrx_word' id='word_1_244' title='bbox 651 2235 682 2266; x_wconf 81' lang='grc'><strong>7.</strong></span> <span class='ocrx_word' id='word_1_245' title='bbox 705 2234 792 2264; x_wconf 91' lang='lat' dir='ltr'><strong>‘Vel</strong></span> <span class='ocrx_word' id='word_1_246' title='bbox 813 2244 856 2265; x_wconf 85' lang='lat' dir='ltr'><strong>ex</strong></span> <span class='ocrx_word' id='word_1_247' title='bbox 871 2234 941 2266; x_wconf 84' lang='lat' dir='ltr'><strong>sor-</strong></span> 
     </span>
     <span class='ocr_line' id='line_1_38' title="bbox 237 2277 940 2324; baseline 0 -8"><span class='ocrx_word' id='word_1_248' title='bbox 237 2292 293 2316; x_wconf 87' lang='lat' dir='ltr'><strong>ma</strong></span> <span class='ocrx_word' id='word_1_249' title='bbox 318 2277 471 2317; x_wconf 80' lang='lat' dir='ltr'><strong>omnibus</strong></span> <span class='ocrx_word' id='word_1_250' title='bbox 497 2283 670 2324; x_wconf 81' lang='lat' dir='ltr'><strong>mysteriis</strong></span> <span class='ocrx_word' id='word_1_251' title='bbox 701 2283 831 2316; x_wconf 88' lang='lat' dir='ltr'><strong>silentii</strong></span> <span class='ocrx_word' id='word_1_252' title='bbox 854 2283 940 2316; x_wconf 79' lang='lat' dir='ltr'><strong>fides</strong></span> 
     </span>
     <span class='ocr_line' id='line_1_39' title="bbox 240 2333 940 2376; baseline 0.001 -10"><span class='ocrx_word' id='word_1_253' title='bbox 240 2333 410 2366; x_wconf 65' lang='lat' dir='ltr'><strong>debetur!</strong></span> <span class='ocrx_word' id='word_1_254' title='bbox 454 2333 500 2364; x_wconf 88' lang='lat' dir='ltr'><strong>Et</strong></span> <span class='ocrx_word' id='word_1_255' title='bbox 526 2338 647 2365; x_wconf 88' lang='lat' dir='ltr'><strong>contra</strong></span> <span class='ocrx_word' id='word_1_256' title='bbox 662 2333 836 2365; x_wconf 79' lang='lat' dir='ltr'><strong>Valentia.</strong></span> <span class='ocrx_word' id='word_1_257' title='bbox 863 2343 940 2376; x_wconf 83' lang='lat' dir='ltr'><strong>cap.</strong></span> 
     </span>
     <span class='ocr_line' id='line_1_40' title="bbox 239 2381 942 2416; baseline 0 0"><span class='ocrx_word' id='word_1_258' title='bbox 239 2392 265 2416; x_wconf 89' lang='lat'><strong>1.</strong></span> <span class='ocrx_word' id='word_1_259' title='bbox 287 2383 296 2401; x_wconf 89' lang='lat'>‘</span> <span class='ocrx_word' id='word_1_260' title='bbox 314 2381 488 2415; x_wconf 84' lang='lat' dir='ltr'><strong>Eleusinia</strong></span> <span class='ocrx_word' id='word_1_261' title='bbox 517 2382 759 2414; x_wconf 76' lang='lat' dir='ltr'><strong>Valentiniana</strong></span> <span class='ocrx_word' id='word_1_262' title='bbox 783 2381 942 2416; x_wconf 78' lang='lat' dir='ltr'><strong>fecerunt</strong></span> 
     </span>
     <span class='ocr_line' id='line_1_41' title="bbox 238 2429 942 2472; baseline 0 -7"><span class='ocrx_word' id='word_1_263' title='bbox 238 2433 407 2465; x_wconf 86' lang='lat' dir='ltr'><strong>lenocinia</strong></span> <span class='ocrx_word' id='word_1_264' title='bbox 429 2436 551 2464; x_wconf 86' lang='lat' dir='ltr'><strong>sancta</strong></span> <span class='ocrx_word' id='word_1_265' title='bbox 574 2431 710 2463; x_wconf 76' lang='lat' dir='ltr'><strong>silentio</strong></span> <span class='ocrx_word' id='word_1_266' title='bbox 733 2441 855 2472; x_wconf 75' lang='lat' dir='ltr'><strong>magno</strong></span> <span class='ocrx_word' id='word_1_267' title='bbox 869 2429 942 2466; x_wconf 82' lang='lat' dir='ltr'><strong>sola</strong></span> 
     </span>
     <span class='ocr_line' id='line_1_42' title="bbox 241 2481 941 2518; baseline -0.003 -2"><span class='ocrx_word' id='word_1_268' title='bbox 241 2484 480 2518; x_wconf 79' lang='lat' dir='ltr'><strong>taciturnitate</strong></span> <span class='ocrx_word' id='word_1_269' title='bbox 504 2481 682 2514; x_wconf 85' lang='lat' dir='ltr'><strong>coelestia.’</strong></span> <span class='ocrx_word' id='word_1_270' title='bbox 705 2481 794 2514; x_wconf 88' lang='lat' dir='ltr'><strong>Vide</strong></span> <span class='ocrx_word' id='word_1_271' title='bbox 818 2482 855 2517; x_wconf 90' lang='lat' dir='ltr'><strong>S.</strong></span> <span class='ocrx_word' id='word_1_272' title='bbox 870 2481 941 2514; x_wconf 90' lang='lat' dir='ltr'><strong>Au-</strong></span> 
     </span>
     <span class='ocr_line' id='line_1_43' title="bbox 235 2532 940 2575; baseline 0.001 -9"><span class='ocrx_word' id='word_1_273' title='bbox 235 2540 330 2575; x_wconf 83' lang='lat' dir='ltr'><strong>gust.</strong></span> <span class='ocrx_word' id='word_1_274' title='bbox 353 2534 396 2565; x_wconf 87' lang='lat' dir='ltr'><strong>de</strong></span> <span class='ocrx_word' id='word_1_275' title='bbox 420 2533 524 2566; x_wconf 88' lang='lat' dir='ltr'><strong>Civit.</strong></span> <span class='ocrx_word' id='word_1_276' title='bbox 548 2532 615 2564; x_wconf 89' lang='lat' dir='ltr'><strong>Dei</strong></span> <span class='ocrx_word' id='word_1_277' title='bbox 642 2542 707 2565; x_wconf 85' lang='lat' dir='ltr'><strong>vu.</strong></span> <span class='ocrx_word' id='word_1_278' title='bbox 732 2535 788 2566; x_wconf 77' lang='lat'><strong>20.</strong></span> <span class='ocrx_word' id='word_1_279' title='bbox 811 2532 940 2574; x_wconf 77' lang='lat' dir='ltr'><strong>Arnob.</strong></span> 
     </span>
     <span class='ocr_line' id='line_1_44' title="bbox 241 2585 646 2629; baseline -0.005 -13"><span class='ocrx_word' id='word_1_280' title='bbox 241 2585 300 2616; x_wconf 87' lang='lat' dir='ltr'><strong>lib.</strong></span> <span class='ocrx_word' id='word_1_281' title='bbox 318 2593 352 2616; x_wconf 77' lang='lat' dir='ltr'><strong>v,</strong></span> <span class='ocrx_word' id='word_1_282' title='bbox 368 2586 433 2616; x_wconf 70' lang='grc' dir='ltr'><strong>διο.</strong></span> <span class='ocrx_word' id='word_1_283' title='bbox 637 2624 646 2629; x_wconf 21' lang='grc' dir='ltr'>λ</span> 
     </span>
    </p>

    <p class='ocr_par' dir='ltr' id='par_1_10' title="bbox 241 2628 942 2828">
     <span class='ocr_line' id='line_1_45' title="bbox 264 2628 939 2677; baseline 0 -12"><span class='ocrx_word' id='word_1_284' title='bbox 264 2668 266 2670; x_wconf 60' lang='grc'><em>,</em></span> <span class='ocrx_word' id='word_1_285' title='bbox 284 2628 392 2665; x_wconf 69' lang='lat' dir='ltr'><strong>Fiden</strong></span> <span class='ocrx_word' id='word_1_286' title='bbox 405 2636 476 2665; x_wconf 75' lang='lat' dir='ltr'><strong>tuta</strong></span> <span class='ocrx_word' id='word_1_287' title='bbox 494 2633 620 2664; x_wconf 73' lang='lat' dir='ltr'><strong>silentio</strong></span> <span class='ocrx_word' id='word_1_288' title='bbox 635 2631 775 2677; x_wconf 84' lang='lat' dir='ltr'><strong>Merces]</strong></span> <span class='ocrx_word' id='word_1_289' title='bbox 797 2633 939 2665; x_wconf 82' lang='lat' dir='ltr'><strong>Grande</strong></span> 
     </span>
     <span class='ocr_line' id='line_1_46' title="bbox 241 2684 942 2725; baseline 0.001 -10"><span class='ocrx_word' id='word_1_290' title='bbox 241 2684 376 2725; x_wconf 78' lang='lat' dir='ltr'><strong>semper</strong></span> <span class='ocrx_word' id='word_1_291' title='bbox 391 2684 570 2716; x_wconf 87' lang='lat' dir='ltr'><strong>credidere</strong></span> <span class='ocrx_word' id='word_1_292' title='bbox 594 2685 778 2725; x_wconf 82' lang='lat' dir='ltr'><strong>piaculum,</strong></span> <span class='ocrx_word' id='word_1_293' title='bbox 794 2684 942 2716; x_wconf 75' lang='lat' dir='ltr'><strong>tacenda</strong></span> 
     </span>
     <span class='ocr_line' id='line_1_47' title="bbox 242 2733 940 2775; baseline 0.001 -9"><span class='ocrx_word' id='word_1_294' title='bbox 242 2733 392 2773; x_wconf 79' lang='lat' dir='ltr'><strong>effutire,</strong></span> <span class='ocrx_word' id='word_1_295' title='bbox 407 2743 466 2765; x_wconf 83' lang='lat' dir='ltr'><strong>seu</strong></span> <span class='ocrx_word' id='word_1_296' title='bbox 488 2734 702 2774; x_wconf 73' lang='lat' dir='ltr'><strong>Reipublicae</strong></span> <span class='ocrx_word' id='word_1_297' title='bbox 727 2743 864 2775; x_wconf 84' lang='lat' dir='ltr'><strong>arcana,</strong></span> <span class='ocrx_word' id='word_1_298' title='bbox 879 2744 940 2767; x_wconf 88' lang='lat' dir='ltr'><strong>seu</strong></span> 
     </span>
     <span class='ocr_line' id='line_1_48' title="bbox 242 2783 939 2828; baseline 0.004 -12"><span class='ocrx_word' id='word_1_299' title='bbox 242 2784 388 2827; x_wconf 80' lang='lat' dir='ltr'><strong>privatae</strong></span> <span class='ocrx_word' id='word_1_300' title='bbox 414 2783 496 2815; x_wconf 82' lang='lat' dir='ltr'><strong>fidei</strong></span> <span class='ocrx_word' id='word_1_301' title='bbox 526 2785 705 2818; x_wconf 86' lang='lat' dir='ltr'><strong>commissa</strong></span> <span class='ocrx_word' id='word_1_302' title='bbox 735 2785 939 2828; x_wconf 87' lang='lat' dir='ltr'><strong>evulgando.</strong></span> 
     </span>
    </p>
   </div>
   <div class='ocr_carea' id='block_1_10' title="bbox 991 1286 1696 2826">
    <p class='ocr_par' dir='ltr' id='par_1_11' title="bbox 991 1286 1695 1869">
     <span class='ocr_line' id='line_1_49' title="bbox 995 1286 1695 1328; baseline -0.001 -9"><span class='ocrx_word' id='word_1_303' title='bbox 995 1287 1096 1319; x_wconf 90' lang='lat' dir='ltr'><strong>Unde</strong></span> <span class='ocrx_word' id='word_1_304' title='bbox 1120 1287 1272 1319; x_wconf 87' lang='lat' dir='ltr'><strong>vindices</strong></span> <span class='ocrx_word' id='word_1_305' title='bbox 1296 1286 1450 1328; x_wconf 78' lang='lat' dir='ltr'><strong>perfidiae</strong></span> <span class='ocrx_word' id='word_1_306' title='bbox 1471 1291 1531 1319; x_wconf 85' lang='lat' dir='ltr'><strong>aut</strong></span> <span class='ocrx_word' id='word_1_307' title='bbox 1553 1291 1695 1319; x_wconf 79' lang='lat' dir='ltr'><strong>temera-</strong></span> 
     </span>
     <span class='ocr_line' id='line_1_50' title="bbox 995 1337 1694 1380; baseline -0.001 -11"><span class='ocrx_word' id='word_1_308' title='bbox 995 1338 1055 1369; x_wconf 88' lang='lat' dir='ltr'><strong>riae</strong></span> <span class='ocrx_word' id='word_1_309' title='bbox 1080 1337 1296 1380; x_wconf 82' lang='lat' dir='ltr'><strong>loquacitatis</strong></span> <span class='ocrx_word' id='word_1_310' title='bbox 1321 1337 1412 1369; x_wconf 82' lang='lat' dir='ltr'><strong>Deos</strong></span> <span class='ocrx_word' id='word_1_311' title='bbox 1430 1346 1564 1378; x_wconf 85' lang='lat' dir='ltr'><strong>semper</strong></span> <span class='ocrx_word' id='word_1_312' title='bbox 1581 1337 1694 1378; x_wconf 80' lang='lat' dir='ltr'><strong>jacta·</strong></span> 
     </span>
     <span class='ocr_line' id='line_1_51' title="bbox 995 1387 1693 1427; baseline 0.003 -11"><span class='ocrx_word' id='word_1_313' title='bbox 995 1397 1088 1418; x_wconf 87' lang='lat' dir='ltr'><strong>vere.</strong></span> <span class='ocrx_word' id='word_1_314' title='bbox 1133 1387 1272 1419; x_wconf 87' lang='lat' dir='ltr'><strong>Servius</strong></span> <span class='ocrx_word' id='word_1_315' title='bbox 1289 1387 1322 1418; x_wconf 89' lang='lat' dir='ltr'><strong>in</strong></span> <span class='ocrx_word' id='word_1_316' title='bbox 1347 1387 1511 1427; x_wconf 85' lang='lat' dir='ltr'><strong>Georgic.</strong></span> <span class='ocrx_word' id='word_1_317' title='bbox 1526 1396 1551 1418; x_wconf 84' lang='lat'><strong>1.</strong></span> <span class='ocrx_word' id='word_1_318' title='bbox 1572 1387 1636 1418; x_wconf 90' lang='lat' dir='ltr'><strong>sub</strong></span> <span class='ocrx_word' id='word_1_319' title='bbox 1655 1387 1693 1418; x_wconf 86' lang='lat' dir='ltr'><strong>fi-</strong></span> 
     </span>
     <span class='ocr_line' id='line_1_52' title="bbox 994 1436 1693 1468; baseline 0.001 -1"><span class='ocrx_word' id='word_1_320' title='bbox 994 1446 1070 1468; x_wconf 88' lang='lat' dir='ltr'><strong>nem</strong></span> <span class='ocrx_word' id='word_1_321' title='bbox 1087 1436 1209 1468; x_wconf 82' lang='lat' dir='ltr'><strong>scribit</strong></span> <span class='ocrx_word' id='word_1_322' title='bbox 1224 1436 1417 1467; x_wconf 86' lang='lat' dir='ltr'><strong>Tribunum</strong></span> <span class='ocrx_word' id='word_1_323' title='bbox 1433 1437 1467 1467; x_wconf 89' lang='lat' dir='ltr'><strong>in</strong></span> <span class='ocrx_word' id='word_1_324' title='bbox 1483 1446 1620 1467; x_wconf 86' lang='lat' dir='ltr'><strong>crucem</strong></span> <span class='ocrx_word' id='word_1_325' title='bbox 1637 1446 1693 1468; x_wconf 89' lang='lat' dir='ltr'><strong>ac·</strong></span> 
     </span>
     <span class='ocr_line' id='line_1_53' title="bbox 994 1485 1692 1528; baseline -0.001 -10"><span class='ocrx_word' id='word_1_326' title='bbox 994 1491 1079 1526; x_wconf 86' lang='lat' dir='ltr'><strong>tum,</strong></span> <span class='ocrx_word' id='word_1_327' title='bbox 1095 1487 1185 1528; x_wconf 89' lang='lat' dir='ltr'><strong>quod</strong></span> <span class='ocrx_word' id='word_1_328' title='bbox 1210 1486 1300 1517; x_wconf 86' lang='lat' dir='ltr'><strong>urbis</strong></span> <span class='ocrx_word' id='word_1_329' title='bbox 1322 1495 1457 1526; x_wconf 88' lang='lat' dir='ltr'><strong>numen,</strong></span> <span class='ocrx_word' id='word_1_330' title='bbox 1482 1486 1572 1528; x_wconf 88' lang='lat' dir='ltr'><strong>quod</strong></span> <span class='ocrx_word' id='word_1_331' title='bbox 1596 1485 1692 1518; x_wconf 80' lang='lat' dir='ltr'><strong>nefas</strong></span> 
     </span>
     <span class='ocr_line' id='line_1_54' title="bbox 993 1536 1692 1576; baseline 0 -8"><span class='ocrx_word' id='word_1_332' title='bbox 993 1541 1069 1569; x_wconf 90' lang='lat' dir='ltr'><strong>erat</strong></span> <span class='ocrx_word' id='word_1_333' title='bbox 1109 1537 1287 1576; x_wconf 85' lang='lat' dir='ltr'><strong>nominari,</strong></span> <span class='ocrx_word' id='word_1_334' title='bbox 1325 1536 1547 1568; x_wconf 84' lang='lat' dir='ltr'><strong>enuntiasset.</strong></span> <span class='ocrx_word' id='word_1_335' title='bbox 1593 1536 1692 1568; x_wconf 87' lang='lat' dir='ltr'><strong>Euri-</strong></span> 
     </span>
     <span class='ocr_line' id='line_1_55' title="bbox 994 1584 1692 1626; baseline 0.001 -9"><span class='ocrx_word' id='word_1_336' title='bbox 994 1586 1092 1626; x_wconf 85' lang='lat' dir='ltr'><strong>pides</strong></span> <span class='ocrx_word' id='word_1_337' title='bbox 1116 1587 1176 1626; x_wconf 80' lang='lat' dir='ltr'><strong>ait,</strong></span> <span class='ocrx_word' id='word_1_338' title='bbox 1200 1585 1319 1625; x_wconf 80' lang='grc' dir='ltr'>κόσμον</span> <span class='ocrx_word' id='word_1_339' title='bbox 1340 1586 1433 1625; x_wconf 72' lang='grc' dir='ltr'><strong>σιγῆς</strong></span> <span class='ocrx_word' id='word_1_340' title='bbox 1458 1584 1615 1626; x_wconf 72' lang='grc' dir='ltr'><strong><em>στέφανον</em></strong></span> <span class='ocrx_word' id='word_1_341' title='bbox 1639 1586 1692 1618; x_wconf 77' lang='grc' dir='ltr'><strong>ἂν·</strong></span> 
     </span>
     <span class='ocr_line' id='line_1_56' title="bbox 991 1635 1693 1676; baseline -0.001 -8"><span class='ocrx_word' id='word_1_342' title='bbox 991 1635 1060 1676; x_wconf 78' lang='grc' dir='ltr'><strong><em>δρὸς</em></strong></span> <span class='ocrx_word' id='word_1_343' title='bbox 1070 1635 1105 1667; x_wconf 78' lang='grc' dir='ltr'><strong>οὗ</strong></span> <span class='ocrx_word' id='word_1_344' title='bbox 1120 1635 1226 1671; x_wconf 77' lang='grc' dir='ltr'><strong>κακοῦ,</strong></span> <span class='ocrx_word' id='word_1_345' title='bbox 1241 1635 1404 1676; x_wconf 76' lang='lat' dir='ltr'><strong>pulchram</strong></span> <span class='ocrx_word' id='word_1_346' title='bbox 1417 1635 1535 1670; x_wconf 76' lang='lat' dir='ltr'><strong>silentii</strong></span> <span class='ocrx_word' id='word_1_347' title='bbox 1549 1646 1693 1668; x_wconf 81' lang='lat' dir='ltr'><strong>coronam</strong></span> 
     </span>
     <span class='ocr_line' id='line_1_57' title="bbox 993 1685 1694 1727; baseline 0.001 -10"><span class='ocrx_word' id='word_1_348' title='bbox 993 1686 1055 1718; x_wconf 77' lang='lat' dir='ltr'><strong>viri</strong></span> <span class='ocrx_word' id='word_1_349' title='bbox 1082 1686 1162 1718; x_wconf 80' lang='lat' dir='ltr'><strong>boni.</strong></span> <span class='ocrx_word' id='word_1_350' title='bbox 1210 1686 1257 1717; x_wconf 88' lang='lat' dir='ltr'><strong>Et</strong></span> <span class='ocrx_word' id='word_1_351' title='bbox 1286 1694 1330 1716; x_wconf 83' lang='lat' dir='ltr'><strong>ex</strong></span> <span class='ocrx_word' id='word_1_352' title='bbox 1355 1685 1541 1727; x_wconf 89' lang='lat' dir='ltr'><strong>Simonide,</strong></span> <span class='ocrx_word' id='word_1_353' title='bbox 1567 1687 1578 1704; x_wconf 90' lang='lat'>‘</span> <span class='ocrx_word' id='word_1_354' title='bbox 1598 1686 1694 1719; x_wconf 84' lang='lat' dir='ltr'><strong>Nulli</strong></span> 
     </span>
     <span class='ocr_line' id='line_1_58' title="bbox 993 1736 1694 1778; baseline 0.003 -11"><span class='ocrx_word' id='word_1_355' title='bbox 993 1746 1141 1778; x_wconf 81' lang='lat' dir='ltr'><strong>unquam</strong></span> <span class='ocrx_word' id='word_1_356' title='bbox 1170 1736 1318 1768; x_wconf 86' lang='lat' dir='ltr'><strong>tacuisse</strong></span> <span class='ocrx_word' id='word_1_357' title='bbox 1344 1740 1466 1769; x_wconf 85' lang='lat' dir='ltr'><strong>nocet:</strong></span> <span class='ocrx_word' id='word_1_358' title='bbox 1490 1741 1592 1769; x_wconf 79' lang='lat' dir='ltr'><strong>nocet</strong></span> <span class='ocrx_word' id='word_1_359' title='bbox 1620 1747 1694 1769; x_wconf 83' lang='lat' dir='ltr'><strong>esse</strong></span> 
     </span>
     <span class='ocr_line' id='line_1_59' title="bbox 993 1785 1693 1819; baseline 0.001 -1"><span class='ocrx_word' id='word_1_360' title='bbox 993 1786 1171 1819; x_wconf 87' lang='lat' dir='ltr'><strong>locutum.’</strong></span> <span class='ocrx_word' id='word_1_361' title='bbox 1217 1786 1309 1818; x_wconf 89' lang='lat' dir='ltr'><strong>Vide</strong></span> <span class='ocrx_word' id='word_1_362' title='bbox 1337 1786 1517 1818; x_wconf 82' lang='lat' dir='ltr'><strong>Plutarch.</strong></span> <span class='ocrx_word' id='word_1_363' title='bbox 1543 1785 1586 1819; x_wconf 84' lang='lat' dir='ltr'><strong>de</strong></span> <span class='ocrx_word' id='word_1_364' title='bbox 1607 1785 1693 1819; x_wconf 78' lang='lat' dir='ltr'><strong>Gar·</strong></span> 
     </span>
     <span class='ocr_line' id='line_1_60' title="bbox 993 1837 1147 1869; baseline 0.006 -1"><span class='ocrx_word' id='word_1_365' title='bbox 993 1837 1147 1869; x_wconf 86' lang='lat' dir='ltr'><strong>rnlitate.</strong></span> 
     </span>
    </p>

    <p class='ocr_par' dir='ltr' id='par_1_12' title="bbox 991 1885 1696 2826">
     <span class='ocr_line' id='line_1_61' title="bbox 1035 1885 1694 1928; baseline -0.002 -8"><span class='ocrx_word' id='word_1_366' title='bbox 1035 1890 1078 1920; x_wconf 85' lang='lat'><strong>26</strong></span> <span class='ocrx_word' id='word_1_367' title='bbox 1105 1887 1234 1928; x_wconf 82' lang='lat' dir='ltr'><strong>Vetabo,</strong></span> <span class='ocrx_word' id='word_1_368' title='bbox 1254 1886 1309 1928; x_wconf 82' lang='lat' dir='ltr'><strong>qui</strong></span> <span class='ocrx_word' id='word_1_369' title='bbox 1333 1885 1459 1918; x_wconf 75' lang='lat' dir='ltr'><strong>Cereris</strong></span> <span class='ocrx_word' id='word_1_370' title='bbox 1476 1895 1609 1927; x_wconf 77' lang='lat' dir='ltr'><strong>sacrum,</strong></span> <span class='ocrx_word' id='word_1_371' title='bbox 1622 1885 1694 1928; x_wconf 57' lang='grc' dir='ltr'><strong>ξιπ]</strong></span> 
     </span>
     <span class='ocr_line' id='line_1_62' title="bbox 994 1936 1695 1979; baseline -0.003 -10"><span class='ocrx_word' id='word_1_372' title='bbox 994 1938 1031 1969; x_wconf 90' lang='lat' dir='ltr'><strong>Si</strong></span> <span class='ocrx_word' id='word_1_373' title='bbox 1056 1938 1132 1979; x_wconf 88' lang='lat' dir='ltr'><strong>quis</strong></span> <span class='ocrx_word' id='word_1_374' title='bbox 1161 1946 1285 1969; x_wconf 84' lang='lat' dir='ltr'><strong>arcana</strong></span> <span class='ocrx_word' id='word_1_375' title='bbox 1315 1945 1489 1968; x_wconf 86' lang='lat' dir='ltr'><strong>sacrorum</strong></span> <span class='ocrx_word' id='word_1_376' title='bbox 1517 1936 1695 1968; x_wconf 88' lang='lat' dir='ltr'><strong>Eleusino-</strong></span> 
     </span>
     <span class='ocr_line' id='line_1_63' title="bbox 995 1986 1695 2030; baseline -0.004 -10"><span class='ocrx_word' id='word_1_377' title='bbox 995 1998 1068 2020; x_wconf 84' lang='lat' dir='ltr'><strong>rnm</strong></span> <span class='ocrx_word' id='word_1_378' title='bbox 1077 1987 1238 2030; x_wconf 85' lang='lat' dir='ltr'><strong>mysteria</strong></span> <span class='ocrx_word' id='word_1_379' title='bbox 1251 1986 1424 2025; x_wconf 85' lang='lat' dir='ltr'><strong>revelarit,</strong></span> <span class='ocrx_word' id='word_1_380' title='bbox 1433 1987 1588 2028; x_wconf 86' lang='lat' dir='ltr'><strong>adeoque</strong></span> <span class='ocrx_word' id='word_1_381' title='bbox 1598 1995 1695 2018; x_wconf 83' lang='lat' dir='ltr'><strong>sanc-</strong></span> 
     </span>
     <span class='ocr_line' id='line_1_64' title="bbox 994 2035 1696 2078; baseline -0.003 -9"><span class='ocrx_word' id='word_1_382' title='bbox 994 2039 1020 2069; x_wconf 85' lang='lat' dir='ltr'><strong>ti</strong></span> <span class='ocrx_word' id='word_1_383' title='bbox 1035 2035 1165 2069; x_wconf 87' lang='lat' dir='ltr'><strong>silentii</strong></span> <span class='ocrx_word' id='word_1_384' title='bbox 1181 2037 1377 2078; x_wconf 84' lang='lat' dir='ltr'><strong>religionem</strong></span> <span class='ocrx_word' id='word_1_385' title='bbox 1399 2036 1591 2077; x_wconf 74' lang='lat' dir='ltr'><strong>violaverit,</strong></span> <span class='ocrx_word' id='word_1_386' title='bbox 1604 2035 1696 2077; x_wconf 86' lang='lat' dir='ltr'><strong>ejus-</strong></span> 
     </span>
     <span class='ocr_line' id='line_1_65' title="bbox 994 2086 1696 2128; baseline -0.001 -8"><span class='ocrx_word' id='word_1_387' title='bbox 994 2087 1086 2120; x_wconf 87' lang='lat' dir='ltr'><strong>modi</strong></span> <span class='ocrx_word' id='word_1_388' title='bbox 1106 2089 1276 2119; x_wconf 84' lang='lat' dir='ltr'><strong>hominem</strong></span> <span class='ocrx_word' id='word_1_389' title='bbox 1299 2086 1387 2119; x_wconf 82' lang='lat' dir='ltr'><strong>tanti</strong></span> <span class='ocrx_word' id='word_1_390' title='bbox 1411 2097 1504 2119; x_wconf 88' lang='lat' dir='ltr'><strong>reum</strong></span> <span class='ocrx_word' id='word_1_391' title='bbox 1527 2087 1696 2128; x_wconf 80' lang='lat' dir='ltr'><strong>sacrilegii</strong></span> 
     </span>
     <span class='ocr_line' id='line_1_66' title="bbox 994 2137 1693 2178; baseline 0 -10"><span class='ocrx_word' id='word_1_392' title='bbox 994 2138 1112 2178; x_wconf 87' lang='lat' dir='ltr'><strong>procul</strong></span> <span class='ocrx_word' id='word_1_393' title='bbox 1140 2138 1276 2174; x_wconf 82' lang='lat' dir='ltr'><strong>arcebo,</strong></span> <span class='ocrx_word' id='word_1_394' title='bbox 1304 2146 1359 2178; x_wconf 85' lang='lat' dir='ltr'><strong>ne,</strong></span> <span class='ocrx_word' id='word_1_395' title='bbox 1382 2137 1409 2168; x_wconf 89' lang='lat' dir='ltr'><strong>si</strong></span> <span class='ocrx_word' id='word_1_396' title='bbox 1437 2137 1693 2169; x_wconf 86' lang='lat' dir='ltr'><strong>contubernalis</strong></span> 
     </span>
     <span class='ocr_line' id='line_1_67' title="bbox 992 2186 1695 2228; baseline -0.003 -9"><span class='ocrx_word' id='word_1_397' title='bbox 992 2187 1112 2219; x_wconf 85' lang='lat' dir='ltr'><strong>fuerim</strong></span> <span class='ocrx_word' id='word_1_398' title='bbox 1135 2197 1211 2219; x_wconf 88' lang='lat' dir='ltr'><strong>cnm</strong></span> <span class='ocrx_word' id='word_1_399' title='bbox 1229 2196 1282 2226; x_wconf 89' lang='lat' dir='ltr'><strong>eo,</strong></span> <span class='ocrx_word' id='word_1_400' title='bbox 1303 2187 1438 2228; x_wconf 77' lang='lat' dir='ltr'><strong>plectar</strong></span> <span class='ocrx_word' id='word_1_401' title='bbox 1461 2187 1504 2218; x_wconf 86' lang='lat' dir='ltr'><strong>ab</strong></span> <span class='ocrx_word' id='word_1_402' title='bbox 1528 2186 1695 2218; x_wconf 84' lang='lat' dir='ltr'><strong>ultoribus</strong></span> 
     </span>
     <span class='ocr_line' id='line_1_68' title="bbox 994 2235 1692 2278; baseline -0.001 -10"><span class='ocrx_word' id='word_1_403' title='bbox 994 2238 1129 2268; x_wconf 80' lang='lat' dir='ltr'><strong>violatae</strong></span> <span class='ocrx_word' id='word_1_404' title='bbox 1158 2237 1330 2278; x_wconf 87' lang='lat' dir='ltr'><strong>religionis</strong></span> <span class='ocrx_word' id='word_1_405' title='bbox 1357 2237 1442 2268; x_wconf 89' lang='lat' dir='ltr'><strong>Diis.</strong></span> <span class='ocrx_word' id='word_1_406' title='bbox 1486 2235 1610 2278; x_wconf 77' lang='lat' dir='ltr'><strong>Itaque</strong></span> <span class='ocrx_word' id='word_1_407' title='bbox 1629 2236 1692 2267; x_wconf 82' lang='lat' dir='ltr'><strong>sub</strong></span> 
     </span>
     <span class='ocr_line' id='line_1_69' title="bbox 994 2285 1694 2324; baseline -0.001 -7"><span class='ocrx_word' id='word_1_408' title='bbox 994 2285 1114 2317; x_wconf 86' lang='lat' dir='ltr'><strong>eodem</strong></span> <span class='ocrx_word' id='word_1_409' title='bbox 1133 2291 1226 2317; x_wconf 81' lang='lat' dir='ltr'><strong>tecto</strong></span> <span class='ocrx_word' id='word_1_410' title='bbox 1240 2295 1390 2324; x_wconf 87' lang='lat' dir='ltr'><strong>manere,</strong></span> <span class='ocrx_word' id='word_1_411' title='bbox 1408 2289 1468 2316; x_wconf 84' lang='lat' dir='ltr'><strong>ant</strong></span> <span class='ocrx_word' id='word_1_412' title='bbox 1483 2285 1583 2316; x_wconf 88' lang='lat' dir='ltr'><strong>simul</strong></span> <span class='ocrx_word' id='word_1_413' title='bbox 1598 2286 1694 2316; x_wconf 84' lang='lat' dir='ltr'><strong>navi—</strong></span> 
     </span>
     <span class='ocr_line' id='line_1_70' title="bbox 995 2333 1694 2375; baseline 0.001 -10"><span class='ocrx_word' id='word_1_414' title='bbox 995 2344 1089 2375; x_wconf 85' lang='lat' dir='ltr'><strong>gare,</strong></span> <span class='ocrx_word' id='word_1_415' title='bbox 1117 2333 1257 2375; x_wconf 75' lang='lat' dir='ltr'><strong>fugiam.</strong></span> <span class='ocrx_word' id='word_1_416' title='bbox 1301 2335 1470 2365; x_wconf 85' lang='lat' dir='ltr'><strong>Proverb.</strong></span> <span class='ocrx_word' id='word_1_417' title='bbox 1501 2340 1573 2366; x_wconf 84' lang='lat' dir='ltr'><strong>est:</strong></span> <span class='ocrx_word' id='word_1_418' title='bbox 1613 2335 1694 2366; x_wconf 73' lang='lat' dir='ltr'><strong>Cum</strong></span> 
     </span>
     <span class='ocr_line' id='line_1_71' title="bbox 993 2383 1692 2424; baseline 0 -9"><span class='ocrx_word' id='word_1_419' title='bbox 993 2384 1060 2415; x_wconf 82' lang='lat' dir='ltr'><strong>viro</strong></span> <span class='ocrx_word' id='word_1_420' title='bbox 1075 2385 1203 2416; x_wconf 80' lang='lat' dir='ltr'><strong>scelesto</strong></span> <span class='ocrx_word' id='word_1_421' title='bbox 1217 2393 1255 2415; x_wconf 82' lang='lat' dir='ltr'><strong>ne</strong></span> <span class='ocrx_word' id='word_1_422' title='bbox 1266 2383 1327 2414; x_wconf 80' lang='lat' dir='ltr'><strong>viae</strong></span> <span class='ocrx_word' id='word_1_423' title='bbox 1341 2383 1565 2421; x_wconf 70' lang='lat' dir='ltr'><strong>comessueris.</strong></span> <span class='ocrx_word' id='word_1_424' title='bbox 1598 2385 1692 2424; x_wconf 73' lang='grc' dir='ltr'>Κακῷ·</span> 
     </span>
     <span class='ocr_line' id='line_1_72' title="bbox 994 2426 1692 2476; baseline -0.001 -9"><span class='ocrx_word' id='word_1_425' title='bbox 994 2426 1054 2466; x_wconf 71' lang='grc' dir='ltr'><strong>σῦν</strong></span> <span class='ocrx_word' id='word_1_426' title='bbox 1067 2433 1150 2474; x_wconf 77' lang='grc' dir='ltr'><strong><em>ἀνδρὶ</em></strong></span> <span class='ocrx_word' id='word_1_427' title='bbox 1164 2433 1234 2472; x_wconf 73' lang='grc' dir='ltr'><strong><em>μηδ’</em></strong></span> <span class='ocrx_word' id='word_1_428' title='bbox 1249 2433 1328 2465; x_wconf 79' lang='grc' dir='ltr'><strong>ὅλως</strong></span> <span class='ocrx_word' id='word_1_429' title='bbox 1350 2431 1521 2473; x_wconf 78' lang='grc' dir='ltr'><strong>ὁδοιπόρου.</strong></span> <span class='ocrx_word' id='word_1_430' title='bbox 1546 2433 1692 2476; x_wconf 80' lang='lat' dir='ltr'><strong>AEschyl.</strong></span> 
     </span>
     <span class='ocr_line' id='line_1_73' title="bbox 994 2482 1692 2526; baseline 0 -10"><span class='ocrx_word' id='word_1_431' title='bbox 994 2485 1027 2516; x_wconf 90' lang='lat' dir='ltr'><strong>in</strong></span> <span class='ocrx_word' id='word_1_432' title='bbox 1038 2489 1170 2526; x_wconf 85' lang='lat' dir='ltr'><strong>septem</strong></span> <span class='ocrx_word' id='word_1_433' title='bbox 1180 2483 1222 2515; x_wconf 86' lang='lat' dir='ltr'><strong>ad</strong></span> <span class='ocrx_word' id='word_1_434' title='bbox 1235 2483 1386 2514; x_wconf 82' lang='lat' dir='ltr'><strong>Thebas:</strong></span> <span class='ocrx_word' id='word_1_435' title='bbox 1403 2482 1447 2514; x_wconf 66' lang='grc' dir='ltr'><strong>*Ἡ</strong></span> <span class='ocrx_word' id='word_1_436' title='bbox 1456 2482 1518 2523; x_wconf 76' lang='grc' dir='ltr'><strong>γὰρ</strong></span> <span class='ocrx_word' id='word_1_437' title='bbox 1528 2483 1692 2522; x_wconf 75' lang='grc' dir='ltr'><strong>ξυνεισβὰς</strong></span> 
     </span>
     <span class='ocr_line' id='line_1_74' title="bbox 991 2531 1690 2575; baseline -0.001 -9"><span class='ocrx_word' id='word_1_438' title='bbox 991 2535 1107 2566; x_wconf 75' lang='grc' dir='ltr'>πλοῖον</span> <span class='ocrx_word' id='word_1_439' title='bbox 1132 2533 1266 2571; x_wconf 74' lang='grc' dir='ltr'>εὐσεβὴς</span> <span class='ocrx_word' id='word_1_440' title='bbox 1293 2532 1369 2574; x_wconf 74' lang='grc' dir='ltr'><strong>ἀνὴρ</strong></span> <span class='ocrx_word' id='word_1_441' title='bbox 1397 2531 1540 2575; x_wconf 77' lang='grc' dir='ltr'><strong>Ναύτῃσι</strong></span> <span class='ocrx_word' id='word_1_442' title='bbox 1568 2535 1690 2574; x_wconf 71' lang='grc' dir='ltr'><strong><em>θερμοῖς</em></strong></span> 
     </span>
     <span class='ocr_line' id='line_1_75' title="bbox 994 2582 1692 2626; baseline -0.001 -10"><span class='ocrx_word' id='word_1_443' title='bbox 994 2585 1028 2616; x_wconf 77' lang='grc' dir='ltr'><strong>ἐν</strong></span> <span class='ocrx_word' id='word_1_444' title='bbox 1050 2583 1218 2626; x_wconf 74' lang='grc' dir='ltr'>κακουργίᾳ</span> <span class='ocrx_word' id='word_1_445' title='bbox 1241 2583 1314 2620; x_wconf 79' lang='grc' dir='ltr'><strong>τινὶ,</strong></span> <span class='ocrx_word' id='word_1_446' title='bbox 1327 2582 1475 2614; x_wconf 84' lang='grc' dir='ltr'>Ὄλωλεν</span> <span class='ocrx_word' id='word_1_447' title='bbox 1503 2583 1619 2624; x_wconf 74' lang='grc' dir='ltr'><strong><em>ἀνδρῶν</em></strong></span> <span class='ocrx_word' id='word_1_448' title='bbox 1639 2583 1692 2624; x_wconf 75' lang='grc' dir='ltr'><strong>ξὺν</strong></span> 
     </span>
     <span class='ocr_line' id='line_1_76' title="bbox 993 2631 1693 2673; baseline 0 -8"><span class='ocrx_word' id='word_1_449' title='bbox 993 2633 1172 2673; x_wconf 63' lang='grc' dir='ltr'><strong><em>θεοπτύστῳ</em></strong></span> <span class='ocrx_word' id='word_1_450' title='bbox 1206 2631 1303 2672; x_wconf 68' lang='grc' dir='ltr'><strong>γένει.</strong></span> <span class='ocrx_word' id='word_1_451' title='bbox 1361 2633 1550 2672; x_wconf 74' lang='lat' dir='ltr'><strong>Ingreda&#39;ens</strong></span> <span class='ocrx_word' id='word_1_452' title='bbox 1585 2634 1693 2666; x_wconf 76' lang='lat' dir='ltr'><strong>navim</strong></span> 
     </span>
     <span class='ocr_line' id='line_1_77' title="bbox 991 2682 1690 2725; baseline -0.003 -10"><span class='ocrx_word' id='word_1_453' title='bbox 991 2684 1064 2725; x_wconf 77' lang='lat' dir='ltr'><strong>pius</strong></span> <span class='ocrx_word' id='word_1_454' title='bbox 1093 2682 1255 2724; x_wconf 78' lang='lat' dir='ltr'><strong>quispiam,</strong></span> <span class='ocrx_word' id='word_1_455' title='bbox 1277 2682 1384 2714; x_wconf 77' lang='lat' dir='ltr'><strong>nautis</strong></span> <span class='ocrx_word' id='word_1_456' title='bbox 1407 2682 1603 2723; x_wconf 68' lang='lat' dir='ltr'><strong>improbitate</strong></span> <span class='ocrx_word' id='word_1_457' title='bbox 1618 2682 1690 2722; x_wconf 81' lang='lat' dir='ltr'><strong>fer-</strong></span> 
     </span>
     <span class='ocr_line' id='line_1_78' title="bbox 993 2732 1695 2773; baseline 0.001 -8"><span class='ocrx_word' id='word_1_458' title='bbox 993 2733 1143 2773; x_wconf 71' lang='lat' dir='ltr'><strong>uentibus,</strong></span> <span class='ocrx_word' id='word_1_459' title='bbox 1166 2743 1235 2765; x_wconf 81' lang='lat' dir='ltr'><strong>cum</strong></span> <span class='ocrx_word' id='word_1_460' title='bbox 1257 2732 1413 2765; x_wconf 83' lang='lat' dir='ltr'><strong>hominum</strong></span> <span class='ocrx_word' id='word_1_461' title='bbox 1429 2735 1524 2773; x_wconf 71' lang='lat' dir='ltr'><strong>gente</strong></span> <span class='ocrx_word' id='word_1_462' title='bbox 1538 2732 1615 2766; x_wconf 67' lang='lat' dir='ltr'><strong>Diis</strong></span> <span class='ocrx_word' id='word_1_463' title='bbox 1641 2733 1695 2766; x_wconf 55' lang='lat' dir='ltr'><strong>ins</strong></span> 
     </span>
     <span class='ocr_line' id='line_1_79' title="bbox 991 2783 1167 2826; baseline 0 -10"><span class='ocrx_word' id='word_1_464' title='bbox 991 2785 1059 2816; x_wconf 81' lang='lat' dir='ltr'><strong>visa</strong></span> <span class='ocrx_word' id='word_1_465' title='bbox 1071 2783 1167 2826; x_wconf 78' lang='lat' dir='ltr'><strong>perit.</strong></span> 
     </span>
    </p>
   </div>
  </div>
 </body>
</html>
