1916 3190
256 222 340 262 206
501 263 503 267 ,
736 235 780 271 Q.
814 233 1025 264 Hona'ru
1060 234 1233 264 FLAcct

486 326 707 368 Mercator
727 327 925 368 exsiccet
945 326 1123 369 culullis

539 393 660 434 Vina
680 393 795 447 Syra
809 397 1013 447 reparata
1033 406 1195 443 merce,

429 460 514 501 Dis
530 472 659 501 carus
679 460 816 513 ipsis3
847 461 1014 514 quippe
1034 465 1101 501 ter
1121 465 1165 502 et
1181 464 1337 514 quater

429 526 559 567 Anno
579 527 774 568 revisens
796 539 947 580 aequor
966 526 1240 568 Atlanticum

486 592 688 647 Impune.
748 594 826 634 Me
845 597 1034 646 pascant
1050 594 1199 642 olivae,
1655 593 1712 634 15

543 660 621 701 Me
643 659 846 702 cichorea
862 660 1074 714 levesque
1091 660 1264 702 malvae.

259 778 441 817 reprimant.
489 779 661 818 Opulentus
685 778 780 809 etiam
794 778 971 816 negotiator
981 778 1056 809 vina
1079 777 1185 819 Syriis
1198 776 1347 808 mercibus
1360 779 1546 808 commutata
1563 776 1647 808 bibat
1657 786 1712 816 po·

261 819 340 850 culis
353 829 393 851 ex
407 829 494 859 auro,
517 821 594 860 ipsis
608 821 783 851 numinibus
795 820 954 858 gratiosus
965 831 976 851 .-
996 820 1148 860 siquidem
1163 823 1211 850 ter
1225 823 1255 850 et
1271 822 1380 858 quater
1399 819 1490 850 annis
1501 819 1633 858 singulis
1644 819 1713 849 sine

261 860 432 898 infortunio
456 863 570 893 Iroetrat
595 872 679 893 mare
705 862 888 893 Occiduum.
933 864 987 893 Me
1001 862 1145 894 nutriunt
1166 861 1270 900 olivae,
1293 871 1340 892 me
1361 861 1513 901 cichorea,
1540 865 1571 892 et
1600 861 1710 892 mazvae

869 955 1106 968 own-teme&

262 1029 340 1051 men
356 1019 389 1050 in
403 1019 495 1050 Nota
512 1018 657 1059 praefert
680 1024 712 1051 et
734 1019 777 1050 ob
801 1020 888 1050 male
915 1019 1126 1050 intellectam
1142 1021 1388 1059 raporum—ll
1415 1017 1460 1049 Η.
1484 1017 1606 1058 Steph.
1621 1019 1711 1059 conj.

262 1062 391 1100 catillis,
419 1071 438 1092 a
459 1062 594 1100 ‘calix3
585 1060 604 1079 ·'
627 1061 694 1091 duo
718 1061 876 1092 Torrent.
900 1061 1002 1092 Desa.
1026 1063 1057 1091 2.
1086 1061 1228 1091 Locher.
1254 1065 1291 1091 et
1310 1061 1437 1092 Venet.
1462 1062 1556 1091 1492.
1579 1060 1713 1096 culillis.
1707 1070 1716 1078 ·

264 1103 363 1135 Gott.
381 1107 417 1134 et
434 1103 530 1134 Harl.
548 1106 579 1134 6.
594 1103 730 1139 culilli3;
753 1103 861 1134 Brod.
877 1102 1006 1133 curatis.
1011 1105 1095 1133 —12
1118 1102 1225 1135 With.
1241 1102 1331 1143 conj.
1345 1101 1429 1143 Syra
1442 1102 1580 1141 pretiolo
1592 1111 1714 1138 merce,-

265 1146 317 1176 vir
334 1145 470 1185 quidam
485 1145 605 1176 doctus
621 1155 677 1185 ap.
694 1145 812 1177 Jones.
836 1145 925 1185 Syroe
949 1154 1012 1175 oere
1035 1148 1149 1184 parato
1174 1144 1297 1176 mercis.
1300 1147 1385 1175 —14
1406 1143 1606 1175 Atlantidum
1630 1153 1715 1174 unns

263 1188 386 1218 Bland.
406 1188 557 1228 Cruquii.
563 1190 642 1218 -15
659 1188 741 1227 Reg.
752 1188 829 1218 Soc.
848 1187 1010 1223 Bentleii,
1024 1186 1113 1217 Altt.
1132 1190 1164 1218 1.
1177 1190 1210 1218 2.
1227 1187 1354 1217 Venet.
1368 1189 1464 1217 1549.
1480 1185 1559 1217 Ald.
1572 1189 1715 1225 utraque

266 1229 379 1260 Colin.
395 1234 432 1260 et
449 1233 519 1260 tres
533 1230 608 1260 aliae
628 1234 716 1260 teste
733 1230 879 1268 Cuning
891 1231 1040 1268 puscant;
1064 1229 1162 1260 etsie
1186 1229 1309 1260 Faber.
1326 1227 1718 1267 Beml.c=1ning.Jani,

265 1271 406 1302 Mitsch.
423 1271 564 1311 Bipont.
584 1270 716 1302 Wakef.
731 1276 768 1302 et
783 1271 890 1302 Kidd.
909 1274 1039 1310 pascunt
1055 1271 1154 1301 Harl.
1173 1274 1201 1301 1.
1217 1274 1249 1302 2.
1261 1273 1294 1301 3.
1310 1273 1341 1302 4.
1356 1274 1390 1302 5.
1405 1273 1437 1302 6.
1454 1270 1535 1301 Vat.
1551 1269 1716 1302 Jannoct.

265 1313 386 1344 Ἑαὲιιι.
410 1314 490 1345 Urs.
516 1314 616 1344 Farn.
635 1314 777 1344 Tornes.
804 1313 927 1343 Bland
942 1316 971 1343 1.
990 1316 1021 1344 2.
1045 1315 1077 1344 3.
1099 1315 1131 1343 4.
1156 1313 1212 1343 alii
1236 1313 1334 1343 codd.
1362 1322 1438 1343 cum
1465 1312 1607 1343 Venett.
1620 1313 1715 1343 1477

266 1357 361 1386 1478.
374 1357 470 1386 1479.
486 1357 583 1387 1492.
607 1355 724 1387 Zarot.
740 1355 884 1386 Mediol.
897 1354 1059 1386 Glareau.
1074 1355 1175 1386 Baxt.
1194 1354 1337 1385 Gesner.
1352 1354 1473 1386 Comb.
1489 1354 1634 1385 Wetzel.
1649 1355 1714 1384 διε.

923 1433 955 1464 N
960 1433 1063 1465 OTAE

266 1506 348 1529 vero
373 1498 469 1529 tenui
493 1507 570 1529 mea
594 1501 688 1529 sorte
711 1497 871 1539 victuque
887 1506 968 1529 cou-

267 1553 383 1579 tentus
398 1557 482 1580 sum.

1020 1506 1161 1537 rumque
1177 1497 1306 1533 evenit,
1323 1501 1362 1528 ut
1376 1496 1466 1537 quod
1482 1495 1580 1527 alteri
1599 1505 1718 1536 super-

1019 1550 1085 1585 est,
1101 1546 1202 1577 alteri
1217 1546 1318 1577 desit.
1365 1545 1433 1577 Sed
1457 1546 1536 1587 quia
1551 1554 1618 1577 non
1634 1555 1720 1577 sem-

311 1600 350 1627 ll
390 1596 538 1637 Catulus]
574 1596 756 1628 Fictilibus
792 1595 967 1631 calicibus,

266 1647 326 1687 qui
348 1647 465 1678 cululli
490 1646 573 1678 dicti
599 1651 690 1685 sunt,
706 1647 822 1678 Vestae
837 1655 877 1677 ac
893 1646 969 1677 Diis

267 1696 421 1728 libabant
451 1697 623 1736 Vestales,
651 1696 762 1738 inquit
792 1696 894 1727 Alex.
926 1695 969 1726 ab

268 1745 369 1778 Alex.
381 1755 415 1777 v.
428 1749 478 1778 12.
492 1746 712 1787 Significatur
724 1747 779 1778 hic
791 1746 970 1787 quodlibet

268 1796 381 1836 poculi
424 1806 544 1836 genus.
597 1795 626 1828 A
656 1796 766 1834 culeo,
803 1796 972 1836 inquiunt,

269 1846 357 1886 quod
382 1846 502 1887 ingens
525 1851 579 1877 est
596 1856 667 1886 vas,
683 1856 744 1877 seu
764 1846 912 1877 maxima
935 1844 972 1875 li·

270 1904 411 1935 quorum
428 1895 646 1935 mensura,fit
661 1896 826 1935 culeolus,
841 1901 877 1926 et
891 1894 970 1925 inde

270 1944 430 1983 culullus,
453 1945 543 1985 quod
567 1946 724 1985 poculum
748 1944 812 1976 fuit
838 1949 892 1976 sat
914 1955 971 1976 ca-

270 2001 351 2032 pax,
366 2002 434 2032 quo
448 1994 495 2023 usi
507 1992 694 2024 Pontifices
711 1994 788 2023 olim
806 1993 838 2023 iu
850 1993 971 2032 sacris,

271 2046 307 2073 et
323 2051 419 2082 reges
434 2042 467 2072 in
484 2043 656 2073 conviviis.
702 2043 756 2073 De
771 2042 822 2073 his
839 2052 970 2073 rursum

273 2090 315 2122 ad
332 2090 410 2122 Art.
427 2091 528 2123 Poet.
542 2094 618 2123 434.

315 2142 356 2171 12
383 2140 464 2171 Vina
478 2139 561 2181 Syra
575 2143 720 2180 reparata
734 2141 849 2180 merce]
882 2140 972 2170 Vina

273 2189 445 2230 exquisita
470 2193 561 2221 emta
588 2199 650 2228 per
671 2195 971 2221 commutationem

273 2248 335 2279 pro
351 2238 520 2270 mercibus
533 2248 552 2269 e
567 2239 665 2280 Syria
676 2239 844 2277 advectis,
854 2238 973 2276 nardo,

274 2288 439 2324 balsamo,
475 2289 669 2328 unguentis,
705 2287 879 2325 odoribus,
909 2288 973 2317 &c-

273 2337 374 2378 Syria
384 2336 475 2368 Asiae
486 2338 675 2378 provincia,
684 2337 798 2376 hodie,
809 2338 841 2368 la
853 2336 974 2375 Sourie,

275 2387 431 2419 continet
449 2387 681 2424 Palaestinam,
696 2387 917 2424 Phoenicium,
937 2389 974 2416 et

275 2436 408 2477 Syriam
422 2436 560 2476 proprie
572 2436 720 2475 dictam3
743 2436 918 2477 Euphrate
931 2436 973 2467 ri-

278 2491 390 2527 gatur.
425 2485 498 2517 Cic'.
514 2495 577 2526 pro
592 2486 725 2518 Domo:
753 2485 839 2516 ‘Illa
863 2485 976 2525 opima

277 2535 473 2575 ferulisque
503 2535 624 2576 Syria!
677 2535 778 2566 Paul.
806 2535 974 2567 Pandect.

279 2593 393 2615 xvnr.
409 2584 480 2615 Tit.
497 2588 529 2616 l.
552 2589 560 2602 ‘
576 2584 654 2616 Non
671 2585 761 2616 aliud
779 2585 857 2615 olim
870 2594 975 2624 merx,

278 2633 368 2663 aliud
400 2634 543 2672 pretium
567 2634 774 2670 vocabatur:
799 2633 859 2666 sed
887 2634 975 2675 quis·

278 2691 345 2723 que
370 2683 554 2714 secundum
578 2683 818 2715 necessitatem
836 2683 973 2715 utilibus

278 2731 410 2764 inutilia
440 2733 705 2773 permutabaut3
738 2733 873 2775 quando
902 2735 974 2775 ple-

1021 1604 1083 1636 per
1105 1605 1170 1627 nec
1193 1594 1295 1627 facile
1318 1595 1560 1634 concurrebat,
1581 1599 1620 1626 ut
1642 1604 1718 1626 cum

1025 1650 1062 1675 tu
1091 1644 1235 1675 haberes
1265 1644 1355 1686 quod
1382 1653 1447 1685 ego
1478 1644 1720 1679 desiderarem,

1025 1694 1171 1725 invicem
1194 1694 1354 1726 haberem
1377 1703 1441 1733 ego
1463 1693 1555 1735 quod
1572 1698 1610 1725 tu
1631 1693 1720 1724 acci-

1024 1754 1107 1786 pere
1123 1745 1248 1784 velleu;
1272 1746 1384 1777 electa
1396 1745 1540 1776 materia
1550 1747 1614 1780 cst.
1630 1743 1722 1784 cujus

1026 1796 1160 1836 publica
1183 1804 1223 1826 ac
1246 1799 1415 1835 perpetua
1436 1793 1619 1825 aestimatio
1634 1791 1722 1824 diffi-

1025 1845 1211 1876 cultatibus
1228 1843 1511 1884 permutationum
1528 1843 1723 1884 aequalitate
1772 1883 1774 1885 ‚

1023 1894 1226 1936 quantitatis
1248 1893 1459 1925 subveniret.
1503 1893 1556 1924 Ea
1580 1892 1724 1924 materia

1023 1944 1132 1976 forma
1147 1944 1282 1984 publica
1299 1941 1487 1984 percussa,'
1501 1945 1568 1975 &c-

1069 1996 1107 2024 13
1127 1993 1190 2024 Dis
1208 2003 1298 2024 curus
1318 1992 1412 2033 ipsis]
1443 1991 1630 2024 Castoriet
1644 1991 1724 2023 Pol·

1023 2042 1104 2080 luci,
1121 2042 1300 2080 Neptuno,
1313 2051 1457 2081 quorum
1474 2040 1570 2073 favor
1585 2046 1640 2072 est
1665 2050 1724 2073 na-

1025 2090 1219 2130 vigantibus
1233 2089 1405 2129 optabilis.

1069 2143 1108 2172 14
1123 2140 1243 2180 AEquor
1255 2139 1469 2180 Atlanticum]
1507 2139 1608 2172 Quod
1630 2136 1734 2170 Afffl

1026 2200 1099 2222 cam
1116 2189 1210 2220 alluit
1226 2188 1269 2219 ad
1286 2198 1456 2228 occasum,
1470 2188 1518 2219 ita
1534 2188 1663 2220 dictum
1680 2188 1723 2219 ab

1025 2239 1168 2271 Atlante
1192 2237 1407 2268 Mauritaniae
1429 2242 1555 2268 monte.
1600 2237 1725 2277 virgil.

1026 2288 1157 2321 AEneid.
1175 2296 1225 2318 ιν.
1241 2289 1319 2319 480.
1341 2291 1350 2304 ‘
1363 2286 1496 2318 Oceani
1510 2285 1610 2317 finem
1622 2287 1725 2327 juxta

1025 2339 1209 2378 Solemque
1219 2335 1410 2374 cadentem,
1423 2335 1571 2366 Ultimus
1594 2335 1723 2367 AEthio-

1027 2396 1107 2428 pum
1134 2387 1228 2417 locus
1253 2389 1323 2416 est:
1349 2384 1407 2415 ubi
1431 2384 1598 2415 maximus
1623 2385 1723 2416 Atlas

1026 2435 1136 2468 Axem
1152 2436 1292 2466 humero
1306 2438 1442 2474 torquet
1456 2433 1562 2465 stellis
1575 2433 1724 2467 ardenti-

1028 2484 1091 2517 bus
1106 2482 1249 2524 aptum.'

1072 2536 1110 2565 15
1128 2530 1271 2573 Impune]
1300 2530 1437 2564 Ironice
1453 2530 1581 2563 dictum
1603 2532 1724 2564 volunt

1030 2583 1164 2624 quidam
1186 2583 1219 2613 in
1241 2586 1462 2613 mercatorem
1486 2579 1665 2613 fraudibus
1687 2586 1725 2614 et

1028 2633 1182 2665 avaritiae
1202 2633 1399 2670 obnoxium,
1415 2632 1472 2672 qui
1495 2636 1609 2663 tamen
1631 2642 1724 2664 mare

1027 2682 1206 2724 quodlibet
1221 2691 1308 2713 anno
1323 2685 1397 2713 toto
1421 2681 1565 2721 quaestui
1590 2680 1724 2712 inhians

1027 2738 1216 2774 percurrat,
1230 2732 1316 2764 citra
1332 2731 1437 2762 ullum
1452 2729 1620 2772 naufragii
1636 2731 1724 2772 peri-

1887 3149 1904 3172 *a

1886 3173 1909 3190 fil*
