1916 3190
222 238 307 278 270

699 251 741 288 Q.
774 246 982 279 HoRA'rn
1021 247 1194 279 resecr

453 343 578 385 Arsit
597 341 781 383 Atrides
801 340 944 381 medio
960 341 1004 380 in
1026 339 1248 394 triumpho

794 407 976 460 Virgine
994 411 1137 460 rapta,

455 477 663 518 Barbara:
684 480 923 530 postquam
946 475 1146 516 cecidere
1166 479 1319 516 turmae

452 544 666 585 Thessalo
685 545 868 593 victore,
888 548 934 584 et
949 542 1152 584 ademtus
1175 543 1342 584 Hector

1626 543 1682 586 10

227 656 389 688 victoriam
400 658 558 689 adamavit
569 659 701 699 puellam
718 658 785 689 aris
807 658 1015 689 abstractam:
1037 661 1236 699 posteaquam
1251 659 1406 700 Phrygiae
1420 658 1559 690 cohortes
1571 657 1681 698 profli-

224 703 310 738 gatae
337 700 511 732 Thessalico
533 700 650 732 victore
667 700 825 739 suerant3
852 701 1025 741 Hectorque
1049 701 1234 732 interemtus
1254 701 1396 742 pertoesz's
1421 701 1547 732 Groecis
1561 699 1682 732 dimisit

839 784 1013 797 “HM“
1017 785 1075 797 000·

227 838 329 869 etiam
342 838 526 878 Tegmessoe.
529 842 592 870 —8
613 839 745 880 Virgine
759 845 851 881 capta
867 842 952 874 Exc.
970 842 1050 873 Sax.
1053 843 1137 872 —lo
1154 840 1238 872 Post
1252 839 1367 871 victore
1382 838 1596 879 distinguunt
1611 846 1681 869 om-

228 890 287 912 nes
299 880 378 912 edd.
402 882 510 913 ‘Mihi
528 882 641 923 aptius
659 884 778 924 visum,
798 884 942 915 Thessalo
963 883 1083 916 victore
1105 883 1148 914 ad
1171 882 1353 925 sequentia
1368 880 1525 914 trahere-³
1546 881 1637 912 Jani.
1641 897 1682 903 —

887 961 1030 995 NOTAE

269 1027 290 1056 7
312 1024 407 1056 Arsit
432 1024 575 1064 Atrides,
602 1026 673 1066 ξω]
695 1024 930 1066 Agamemnon

229 1074 325 1106 Atrei
350 1084 394 1106 ex
412 1074 561 1116 Aerope,
588 1076 642 1106 vel
668 1085 713 1107 ex
737 1076 931 1115 Plisthene‚

228 1130 267 1157 ut
281 1125 437 1157 scribunt
453 1126 523 1164 alii,
537 1125 639 1164 filins,
654 1126 879 1168 Mycenarum
895 1131 933 1158 et

221 1175 433 1216 Argivorum
463 1185 536 1216 rex,
551 1176 754 1208 Graecornm
774 1177 810 1208 in
829 1186 934 1217 expe-

229 1225 361 1257 ditione
381 1225 530 1266 Trojana
544 1236 706 1258 «summus
730 1227 937 1269 Imperator,

230 1275 264 1306 in
281 1275 357 1316 ipso
373 1275 469 1307 urbis
486 1276 632 1318 excidio,
647 1277 761 1309 media
776 1278 811 1309 in
827 1278 935 1310 victo-

230 1324 296 1364 ria,
322 1325 520 1357 Cassandrae
556 1327 684 1358 Priami
710 1327 789 1359 filiae
819 1337 935 1360 amore

229 1373 389 1404 incensus
419 1379 622 1416 captusque,
649 1377 683 1407 in
709 1377 836 1417 praedae
859 1387 935 1418 par-

232 1427 302 1454 tem
319 1431 393 1454 eam
411 1423 626 1465 depoposcit,
638 1435 715 1466 quae
731 1431 843 1458 tamen
858 1436 935 1467 rap-

230 1474 266 1502 ta
279 1471 323 1502 ab
341 1471 447 1512 Ajace
463 1472 563 1504 Oileo
580 1478 617 1505 et
633 1475 753 1507 vitiata
768 1475 885 1507 fuerat
900 1477 933 1507 in

232 1523 307 1563 ipso
324 1523 492 1555 Minervae
516 1526 657 1566 templo.
703 1526 795 1558 Hinc
810 1527 934 1568 Virgil.

231 1572 365 1603 AEneid.
379 1582 418 1604 ιι.
436 1575 511 1606 4⁰3.
524 1575 534 1591 ‘
549 1575 640 1606 Ecce
656 1577 854 1608 trahebatur
863 1586 936 1618 pas-

233 1622 278 1653 sis
295 1623 473 1654 Priameia
490 1624 585 1666 virgo
598 1626 757 1658 Crinibus
771 1637 791 1658 a
807 1628 936 1668 templo

234 1673 424 1705 Cassandra
439 1674 622 1716 adytisque
639 1677 832 1710 Minervae.'
856 1679 937 1710 Dic-

235 1729 290 1763 tys
321 1723 498 1756 Cretensis
529 1726 590 1757 lib.
620 1735 655 1759 v.
686 1729 695 1745 ‘
710 1727 866 1759 Priamus
895 1729 936 1759 ad

235 1783 329 1806 aram
358 1775 455 1807 Jovis
485 1775 655 1817 confugit,
684 1778 878 1810 Cassandra
904 1779 938 1810 in

235 1823 345 1855 aedem
363 1824 543 1865 Minervae,
567 1827 731 1868 multique
748 1828 789 1859 ad
807 1829 939 1870 reliqua

235 1874 387 1904 Deorum
399 1876 525 1914 templa
537 1898 548 1908 .
559 1898 567 1908 .
578 1898 586 1906 .
597 1899 606 1907 .
620 1877 782 1909 Ceterum
796 1879 940 1910 Cassan-

235 1924 331 1953 dram
357 1922 447 1962 Ajax
475 1924 567 1955 Oilei
594 1934 614 1956 e
644 1935 745 1957 sacro
771 1927 937 1959 Minervae

236 1971 407 2011 captivam
421 1973 597 2005 abstrahit.
612 1997 620 2006 .
630 1997 657 2007 ..
667 1998 676 2007 .
690 1975 939 2016 Agamemnoni

238 2020 431 2052 Cassandra
445 2021 559 2061 datur,
585 2029 765 2065 postquam
781 2026 853 2066 ejus
870 2026 949 2058 for--

238 2079 294 2101 ma
324 2076 456 2111 captus,
484 2072 564 2112 quin
594 2073 705 2112 palam
732 2074 939 2106 desiderium

235 2118 405 2152 fateretur
451 2120 665 2153 dissimulare
711 2124 942 2165 nequiverat-²

237 2171 350 2203 Dares
362 2171 435 2211 jam
462 2171 522 2202 cit.
544 2170 661 2212 refert,
683 2173 693 2190 ⁴
712 2172 938 2206 Cassandram

239 2221 400 2254 mediocri
416 2226 561 2260 statura,
573 2231 629 2252 ore
644 2222 804 2262 rotundo,
818 2222 939 2263 rufam,

239 2271 346 2303 oculis
373 2271 590 2311 micantibus,
621 2270 815 2303 futurorum
852 2282 939 2313 prae-

239 2322 344 2353 sciam
360 2323 381 2351 :’
399 2326 436 2352 et
453 2321 554 2361 paulo
578 2325 669 2362 post,
690 2322 700 2338 ‘
716 2321 941 2362 Agamemno-

239 2379 317 2402 nem
334 2371 410 2402 albo
426 2379 584 2411 corpore,
599 2380 769 2412 magnum,
781 2373 940 2404 membris

241 2420 449 2460 valentibus,
457 2418 654 2461 facundum,
660 2420 860 2461 prudentem
866 2444 876 2462 ,
883 2431 940 2454 no·

244 2471 369 2503 bilem.'

285 2524 307 2552 9
330 2515 486 2552 Barbara
496 2523 660 2561 postquam
673 2520 808 2553 cecidere
821 2524 944 2561 turmoe,

243 2569 312 2610 εμπ]
336 2570 424 2601 Post
441 2570 550 2601 victos
576 2580 616 2602 ac
644 2569 842 2612 profligatos
858 2571 942 2602 Tro-

240 2620 343 2660 janos
367 2619 410 2651 ab
436 2620 591 2652 exercitu
609 2620 824 2662 Graecorum,
837 2620 943 2653 maxi-

245 2679 300 2700 me
323 2679 404 2701 vero
430 2670 472 2701 ab
489 2669 626 2702 Achille
650 2681 670 2703 e
694 2672 838 2713 Laryssa
860 2670 944 2703 urbe

245 2719 430 2751 Thessaliae
448 2720 602 2752 oriundo.

285 2768 455 2809 Barbam]
472 2769 546 2802 Hoc
557 2770 691 2802 nomine
701 2771 913 2804 vocabantur
927 2780 948 2803 a

985 1024 1120 1057 Graecis
1147 1034 1262 1056 omnes
1283 1024 1360 1055 aliae
1383 1027 1516 1064 gentes,
1531 1023 1686 1064 inprimis

984 1080 1099 1107 autem
1115 1075 1272 1116 Phryges
1286 1078 1322 1105 et
1332 1073 1480 1114 Trojani.
1522 1074 1630 1105 Patet
1641 1083 1686 1106 ex

985 1125 1096 1166 Dicty
1111 1125 1272 1157 Cretensi
1288 1124 1426 1165 passim.
1451 1123 1632 1155 Plutarch.
1641 1123 1686 1155 de

986 1174 1163 1207 audiendis
1183 1174 1317 1214 Poetis,
1335 1173 1574 1214 disparitatem
1589 1172 1687 1204 Grae-

987 1235 1103 1258 corum
1126 1230 1163 1257 et
1177 1225 1402 1266 Trojanorum
1419 1232 1687 1255 commemorans

988 1276 1056 1307 ait:
1081 1276 1090 1293 ¹
1102 1275 1289 1307 Probatam
1302 1283 1378 1307 esse
1394 1273 1596 1306 Graecorum
1611 1283 1689 1314 pro-

989 1324 1187 1364 videntiam,
1212 1324 1375 1356 ferociam
1411 1332 1494 1356 vero
1519 1323 1691 1355 Barbaro-

990 1384 1062 1405 rum
1079 1375 1234 1406 vitiosam
1249 1374 1270 1412 ;’
1293 1379 1329 1406 et
1340 1374 1441 1414 paulo
1457 1379 1556 1415 post:
1581 1374 1615 1404 in
1632 1383 1688 1414 po·

989 1428 1152 1455 testatem
1166 1423 1313 1455 hostium
1323 1424 1485 1464 Trojauos
1497 1423 1590 1454 vivos
1600 1432 1689 1454 com-

989 1474 1103 1514 plures
1130 1472 1276 1512 venisse,
1299 1472 1504 1504 Achaeorum
1525 1482 1606 1504 vero
1629 1482 1688 1504 ne-

989 1523 1135 1561 minem;
1165 1527 1270 1564 atque
1293 1522 1428 1553 illorum
1441 1522 1619 1554 nonnullos
1635 1521 1690 1553 su·

989 1574 1054 1604 isse
1069 1573 1223 1605 hostibus
1234 1573 1422 1614 supplices,
1438 1576 1476 1603 ut
1491 1571 1690 1611 Adrastum,

990 1623 1186 1655 Antimachi
1213 1622 1314 1663 filios,
1338 1623 1542 1664 Lycaonem.
1565 1622 1690 1663 ipsum-

990 1682 1055 1714 que
1081 1672 1282 1711 Hectorem,
1306 1672 1363 1714 qni
1381 1671 1546 1704 Achillem
1570 1672 1614 1704 de
1638 1682 1690 1704 se·

991 1723 1128 1764 pultura
1143 1723 1299 1754 exoravit
1311 1734 1321 1754 ι
1347 1722 1464 1754 horum
1487 1732 1569 1754 vero
1588 1723 1692 1753 nemi-

991 1782 1091 1803 nem:
1115 1773 1125 1790 ‘
1141 1772 1232 1813 quod
1257 1771 1485 1803 Barbarornm
1501 1771 1548 1803 sit
1562 1772 1692 1813 suppli-

992 1831 1067 1854 cem
1084 1831 1159 1853 esse
1175 1822 1211 1853 in
1233 1820 1459 1862 conflictibus,
1483 1826 1521 1853 et
1543 1822 1694 1854 summit-

993 1878 1069 1905 tere
1094 1882 1130 1904 se
1159 1873 1208 1904 adr
1228 1873 1347 1913 pedes,
1361 1873 1560 1904 Graecorum
1578 1879 1692 1905 antem

992 1923 1127 1955 vincere
1145 1922 1362 1955 dimicantem
1388 1927 1448 1954 aut
1470 1922 1694 1960 occumbere:

993 1975 1056 2005 &c.
1101 1973 1224 2015 Itaque
1240 1982 1305 2004 vox
1323 1973 1488 2004 Barbam
1512 1973 1694 2014 aliquando

993 2023 1076 2053 nihil
1098 2023 1188 2053 aliud
1215 2027 1313 2054 sonat
1337 2031 1437 2063 quam
1457 2027 1640 2054 extraneus
1657 2027 1694 2054 et

994 2072 1207 2111 peregrinus.
1253 2071 1342 2102 Vide
1375 2071 1527 2104 Turneb.
1558 2078 1612 2103 tx.
1640 2074 1693 2104 18.

993 2120 1052 2151 ubi
1069 2129 1089 2151 e
1102 2120 1238 2151 'ruscut.
1252 2129 1277 2151 1.
1291 2130 1323 2151 n.
1335 2123 1388 2151 86.
1402 2121 1504 2152 verba
1518 2122 1598 2157 ista,
1620 2124 1630 2139 ⁸
1641 2131 1694 2153 as-

994 2174 1088 2202 tante
1106 2179 1171 2210 ope
1189 2169 1393 2206 barbarica,'
1409 2169 1452 2200 de
1469 2170 1607 2201 Priamo
1620 2179 1695 2209 reg-

993 2231 1038 2252 no
1056 2221 1229 2261 Phrygum
1250 2220 1395 2252 florente
1412 2220 1499 2252 bene
1525 2220 1692 2262 interpre-

995 2275 1100 2308 tatur,
1112 2273 1178 2301 ἄιε.

1039 2322 1079 2350 10
1105 2321 1250 2352 Thessalo
1279 2320 1412 2360 victore]
1443 2321 1641 2362 Quanquam
1673 2331 1693 2351 a

997 2371 1123 2403 Paride
1132 2372 1204 2412 jam
1220 2371 1422 2403 interfectus
1439 2377 1515 2403 erat
1530 2371 1694 2410 Achilles,

995 2425 1176 2463 autequam
1191 2421 1297 2462 Troja
1320 2426 1514 2461 caperetur,
1533 2421 1562 2452 is
1579 2425 1692 2452 tamon

995 2475 1089 2503 recte
1121 2471 1229 2503 victor
1259 2470 1397 2510 dicitur,
1422 2471 1496 2502 sine
1521 2480 1587 2512 quo
1616 2471 1693 2510 capi

995 2530 1063 2552 non
1093 2521 1272 2562 potuisset,
1300 2520 1348 2552 ita
1377 2520 1571 2553 volentibus
1600 2520 1693 2552 fatis.

995 2571 1085 2603 Vide
1102 2581 1127 2603 1.
1142 2571 1210 2604 Od.
1224 2574 1277 2603 15.
1292 2571 1326 2602 in
1344 2571 1423 2603 fine.

1038 2620 1189 2653 Ademtus
1210 2621 1331 2653 Hector
1349 2621 1496 2652 Tradidit
1501 2620 1612 2660 fessis,
1624 2621 1695 2662 ξι]

997 2671 1186 2712 Postquam
1203 2670 1247 2703 ab
1265 2670 1397 2702 Achille
1413 2675 1586 2711 peremtus
1602 2670 1694 2702 Hec-

999 2725 1065 2758 tor,
1079 2721 1232 2762 adeoque
1248 2721 1403 2761 Trojanis
1419 2720 1574 2752 ademtns
1589 2718 1696 2751 veluti

1001 2781 1080 2804 snus
1093 2772 1247 2813 clypeus,
1263 2771 1320 2813 qui
1333 2771 1422 2805 solus
1439 2770 1562 2803 robore
1577 2778 1617 2802 ac
1629 2769 1695 2802 vir-
