1916 3190
290 245 375 288 544
862 256 1127 289 Excnnsus

290 349 331 372 eo
358 340 485 371 certius
509 342 745 381 argumentum
772 343 839 378 est,
864 349 940 373 cum
957 349 1024 371 non
1040 341 1148 371 solum
1164 338 1259 370 salvo
1274 341 1384 371 metro
1399 338 1473 371 tolli
1490 338 1573 370 talia
1593 347 1613 370 e
1635 338 1746 370 medio

289 397 446 433 possunt,
461 393 522 424 sed
539 393 640 425 etiam
658 397 802 434 apparet
827 392 1002 425 indoctum
1023 393 1278 433 interpolatoris
1293 395 1328 424 et
1343 392 1495 433 ineptum
1511 390 1674 431 studium,
1690 400 1746 422 eo-

288 455 375 486 rnm,
391 456 469 487 quae
495 447 568 487 ipse
591 452 801 478 commentus
826 450 928 487 esset,
952 446 981 476 si
1006 447 1060 477 vel
1087 445 1250 477 inducere
1276 455 1317 477 ea
1342 445 1377 476 in
1401 448 1601 476 contextum
1627 444 1746 479 nollet,

287 504 403 530 tamen
420 509 494 530 cnm
513 500 565 538 iis,
580 509 654 541 quae
679 499 855 539 praeirent,
878 503 915 530 et
930 508 1015 540 ⁴quae
1033 503 1274 540 sequerentur,
1298 492 1625 534 connectendorum,
1641 502 1747 538 atque

288 551 338 582 sic
354 555 422 583 tam
445 550 645 584 inflectendi
670 562 770 592 quam
794 551 1018 593 protrahendi
1040 552 1266 584 additamenti
1289 551 1353 591 sui,
1379 555 1419 582 ut
1447 550 1482 581 in
1503 551 1682 582 sententiae
1705 558 1747 582 ac

288 605 391 636 metri
407 613 531 635 nexum
546 610 750 636 recurreret.

324 657 413 688 Tum
428 657 533 688 etiam
556 657 649 689 locus
665 658 742 688 talis
760 657 985 699 interpolatus
1002 668 1064 699 per
1085 668 1122 689 se
1145 658 1218 699 ipse
1234 658 1403 699 proditur,
1420 667 1498 690 cum
1515 658 1570 688 vel
1585 656 1749 688 abhorret

286 709 329 741 ab
345 710 502 754 universo
518 710 696 751 scriptoris
711 710 857 751 ingenio,
881 721 989 751 more,
1010 711 1182 743 scribendi
1201 721 1340 752 genere,
1355 712 1408 743 vel
1422 720 1500 742 cum
1515 710 1566 742 ita
1581 710 1747 742 obscurus

286 766 350 803 est,
364 762 414 794 ita
431 762 574 803 inutilis,
588 763 638 795 ita
653 767 723 795 tam
739 774 759 794 a
775 765 958 804 sententia,
977 774 1078 804 quam
1099 765 1142 796 ab
1166 765 1360 796 elocutione
1384 767 1420 795 et
1443 763 1676 798 conversione,
1696 762 1746 793 in-

285 816 439 856 elegans,
454 815 625 851 inficetus,
640 815 854 855 invenustus,
866 817 1051 857 prosaicus,
1065 816 1210 855 humilis,
1227 815 1374 856 deniqne
1388 816 1496 847 Poe'ta
1512 815 1562 846 ita
1574 813 1747 855 indignus,

283 870 335 906 ita
350 869 393 901 ab
409 869 569 901 universa
584 869 751 901 Carminis
768 869 901 901 ratione
917 865 1060 908 alienus,
1081 869 1171 901 falce
1195 874 1233 899 ut
1255 868 1376 900 critica
1399 867 1646 908 amputandum
1668 876 1746 898 esse

285 921 388 954 facile
410 923 444 954 in
468 927 614 954 mentem
632 921 748 953 venire
763 921 885 952 lectori
907 930 974 952 non
997 930 1137 961 prorsus
1165 920 1268 951 inerti
1294 923 1407 960 queat.
1454 918 1578 960 Neque
1595 922 1746 950 contem-

285 975 432 1007 nendum
449 976 592 1017 denique
608 974 707 1006 alieni
722 973 827 1006 foetus
843 983 916 1006 esse
939 979 1177 1014 argumentum
1195 973 1356 1013 arbitror,
1372 981 1448 1004 cum
1465 975 1592 1013 potest,
1605 970 1696 1004 unde
1709 960 1746 1003 et

286 1027 455 1070 quomodo
471 1028 528 1059 ille
542 1031 644 1058 natus
657 1027 716 1067 sit,
728 1026 914 1068 probabilis
931 1027 1018 1058 ratio
1036 1025 1146 1057 reddi.

326 1082 369 1113 In
382 1080 480 1120 libris
494 1089 594 1111 manu
611 1079 772 1119 exaratis,
789 1079 1005 1121 antiquisque
1022 1079 1241 1119 editionibus,
1254 1078 1296 1110 ad
1306 1077 1528 1119 judicandum
1546 1077 1591 1110 de
1606 1077 1746 1117 talibus,

284 1141 350 1165 non
367 1142 501 1174 semper
515 1133 598 1164 satis
614 1137 668 1165 est
680 1132 841 1174 praesidii.
885 1132 1048 1172 Omnino,
1063 1142 1139 1164 cum
1157 1133 1191 1163 in
1208 1131 1363 1173 pluribus
1375 1136 1436 1163 aut
1451 1131 1745 1172 praestantioribus

285 1186 386 1218 codd.
403 1186 458 1218 vel
474 1186 570 1218 deest
584 1186 691 1221 locus,
709 1186 763 1217 vel
788 1185 904 1217 multis
927 1194 1004 1216 cum
1033 1184 1167 1216 mendis
1194 1194 1233 1216 ac
1257 1183 1530 1216 aberrationibus
1553 1187 1662 1224 extat,
1677 1193 1745 1215 non

282 1239 410 1279 injusta
424 1238 581 1270 subnasci
598 1243 714 1280 potest
728 1238 1005 1279 interpolationis
1021 1238 1183 1278 suspicio.
1225 1237 1294 1269 Sed
1311 1237 1457 1278 primmn
1474 1236 1528 1268 vel
1543 1241 1625 1268 tunc
1639 1237 1745 1268 etiarn

284 1291 328 1324 ad
352 1291 591 1323 auctoritatem
615 1290 780 1322 librorum
805 1296 902 1323 recte
924 1300 1110 1331 expensam
1135 1289 1303 1322 accedant
1330 1293 1470 1331 oportet
1496 1290 1571 1322 aliae
1595 1290 1745 1322 rationes

282 1344 427 1384 criticae,
442 1353 486 1376 ex
501 1346 575 1385 ipsa
597 1344 664 1376 loci
690 1344 844 1385 suspecti
869 1347 991 1375 natura
1015 1343 1142 1380 ductae,
1158 1348 1446 1384 antequam,eum
1468 1346 1507 1374 ut
1529 1342 1660 1383 ejicias,
1681 1341 1744 1374 tibi

283 1406 419 1428 sumere
445 1397 563 1438 possis.
606 1395 745 1428 Deinde
771 1399 891 1428 contra
913 1395 987 1427 fieri
1017 1400 1146 1436 potest,
1172 1398 1210 1426 ut
1225 1395 1333 1430 locus,
1348 1403 1448 1436 quem
1470 1394 1620 1435 plurimi,
1635 1403 1675 1426 ac
1691 1394 1746 1426 vel

282 1456 411 1484 omnes,
427 1450 635 1490 quicumque
651 1452 786 1486 extant,
798 1448 876 1479 libri
891 1448 978 1479 Mss.
990 1447 1167 1485 exhibent,
1178 1447 1268 1478 idem
1277 1451 1413 1486 tamen,
1424 1446 1468 1478 ob
1480 1446 1547 1477 alia
1559 1450 1744 1486 momenta,

283 1500 400 1542 qualia
421 1509 525 1540 supra
548 1500 783 1539 exposuimus,
797 1509 860 1539 pro
875 1499 992 1537 spurio
1006 1498 1182 1530 habendus
1199 1507 1240 1528 ac
1253 1497 1419 1528 delendus
1435 1498 1493 1527 sit.
1538 1497 1625 1528 Cum
1639 1498 1744 1537 enim,

282 1553 339 1584 ubi
356 1551 466 1583 serius
490 1550 584 1583 facta
606 1549 712 1583 fuerit
734 1550 967 1591 interpolatio,
983 1549 1084 1581 facile
1100 1549 1227 1581 dentur
1242 1548 1342 1580 codd.
1357 1548 1392 1580 in
1407 1548 1528 1590 quibus
1543 1549 1634 1581 desit
1647 1549 1744 1581 addi·

282 1610 494 1643 tamentum;
516 1609 600 1645 tum,
621 1604 649 1636 si
671 1603 853 1635 admodum
869 1607 1003 1635 mature
1019 1602 1099 1634 talis
1127 1611 1257 1643 pannus
1285 1605 1419 1633 assutus
1443 1601 1502 1641 sit,
1524 1601 1743 1643 intelligitur,

283 1658 452 1701 quomodo
474 1657 549 1690 fieri
576 1657 742 1699 potnerit,
767 1662 807 1689 ut
829 1657 863 1688 in
890 1656 1058 1695 omnibus,
1083 1657 1140 1698 qni
1164 1655 1237 1687 noti
1260 1657 1351 1694 sunt,
1373 1652 1472 1685 libris
1486 1653 1635 1695 antiquis
1650 1655 1742 1696 lege-

284 1716 390 1744 retur.
1658 1745 1661 1747 .

329 1764 395 1796 His
411 1764 460 1796 ita
477 1764 642 1806 expositis
658 1773 768 1806 pauca
783 1763 1002 1805 subjiciamus
1024 1763 1193 1804 exempla.
1239 1762 1369 1793 Versus
1381 1759 1586 1800 virgilianus
1602 1761 1677 1793 AEn.
1694 1770 1742 1793 vr.

282 1819 359 1850 342.
372 1821 491 1859 aperte
506 1818 659 1850 scholion
675 1821 740 1858 est,
763 1817 797 1848 in
811 1826 948 1848 versum
965 1816 1153 1856 redactum,
1172 1819 1276 1856 atque
1291 1815 1339 1846 ita
1356 1813 1400 1845 ab
1416 1813 1515 1855 epica
1530 1813 1664 1846 ratione
1683 1813 1742 1852 ab·

282 1870 413 1911 horret,
431 1875 469 1902 ut
491 1871 533 1902 ab
549 1871 613 1902 alia
626 1880 727 1902 manu
741 1870 889 1902 insertus
904 1874 1000 1902 recte
1016 1869 1191 1910 credatur,
1207 1868 1290 1899 licet
1315 1876 1471 1908 magnam
1497 1876 1516 1898 e
1540 1866 1635 1898 libris
1654 1866 1741 1899 Mss-

282 1924 521 1955 auctoritatem
545 1924 682 1956 habeat.
706 1933 743 1956 v.
765 1924 820 1955 Ill.
837 1923 952 1964 Heyn.
1000 1923 1130 1955 Contra
1145 1922 1213 1953 vid.
1230 1931 1306 1963 qnae
1330 1920 1429 1952 dedit
1443 1919 1505 1951 Vir
1525 1929 1674 1951 summus
1697 1919 1740 1951 ad

282 1976 359 2008 AEn.
386 1986 426 2008 ιι.
453 1979 506 2008 76.
550 1977 608 2009 Sic
628 1977 730 2008 etiam
759 1977 832 2008 lEn.
861 1985 886 2007 1.
902 1985 963 2008 sv.
987 1978 1061 2007 1-4.
1089 1974 1361 2007 doctissimorum
1388 1971 1547 2004 Virorum
1570 1970 1741 2014 suffragiis

283 2027 483 2069 ejiciuntur,
499 2029 658 2067 maxime,
681 2028 771 2070 quod
797 2027 921 2059 rationi
935 2027 1037 2069 ⁴epici
1053 2027 1213 2059 carminis
1232 2035 1372 2067 prorsus
1387 2025 1550 2057 contrarii
1566 2029 1656 2057 sunt.
1673 2024 1741 2057 vid.

280 2078 338 2110 Ill.
355 2081 467 2121 Heyn.
514 2082 604 2114 Item
621 2081 655 2113 in
671 2081 810 2113 Tibullo
824 2085 918 2113 recte
934 2091 996 2122 pro
1012 2080 1199 2122 suppositis
1212 2079 1382 2111 habentur
1397 2087 1438 2110 11.
1454 2080 1485 2110 1.
1498 2080 1552 2110 57.
1567 2081 1620 2109 58.
1637 2086 1695 2114 ιιι,
1709 2079 1741 2109 4.

282 2133 315 2162 3.
330 2133 363 2163 4.
381 2141 437 2162 ιιι.
453 2135 486 2163 4.
506 2136 559 2164 25.
576 2136 629 2165 26.
645 2143 700 2166 ιιι.
715 2137 747 2165 6.
765 2136 816 2165 17.
841 2136 894 2165 18.
909 2135 974 2166 &c.
989 2133 1078 2176 quod
1104 2133 1157 2164 vel
1182 2133 1375 2172 importune
1401 2131 1652 2172 interrumpunt
1666 2138 1741 2161 sen·

282 2182 439 2221 tentiam,
454 2183 510 2214 vel
526 2183 638 2214 Poeta
652 2186 782 2226 indigni
805 2191 884 2218 sunt
903 2196 1030 2222 versus,
1046 2187 1101 2218 vel
1117 2186 1324 2218 sententiam
1348 2184 1427 2216 inde
1442 2183 1653 2216 commodam
1667 2182 1739 2215 effi-

283 2244 375 2275 cere,
390 2244 526 2277 quoquo
541 2244 578 2266 se
593 2238 706 2266 vertat
721 2236 913 2279 Interpres,
927 2248 994 2270 non
1010 2243 1137 2279 potest.
1183 2237 1238 2270 Cf.
1254 2237 1296 2268 ad
1314 2237 1373 2268 illa
1385 2237 1419 2268 ll.
1435 2236 1635 2269 Observatt.
1650 2245 1739 2268 sum·

289 2288 334 2319 mi
347 2287 488 2329 Heynii.

322 2340 401 2374 Jam
418 2340 460 2371 ad
477 2350 592 2372 versus
609 2339 833 2379 Horatianos,
857 2349 941 2381 quos
960 2342 1196 2380 supposititios
1221 2351 1297 2372 esse
1318 2340 1561 2381 judicavimus,
1576 2341 1689 2372 animo
1702 2344 1738 2372 et

281 2392 493 2434 cogitatione
508 2402 568 2424 nos
584 2396 835 2425 convertamus.
879 2386 920 2423 Iu
942 2392 1095 2423 omnibus
1112 2391 1249 2432 quidem
1266 2393 1365 2424 codd.
1382 2393 1467 2425 Mss.
1491 2398 1594 2433 atque
1616 2392 1737 2424 editio-

282 2445 385 2479 nibus
401 2445 548 2488 antiquis
563 2446 614 2478 ita
629 2444 754 2486 legitur
770 2443 974 2485 principium
991 2442 1157 2476 Carminis
1171 2454 1179 2473 :

581 2508 658 2548 AEli,
675 2512 811 2540 vetusto
826 2508 947 2540 nobilis
964 2508 1007 2539 ab
1023 2509 1140 2549 Lamo,

580 2561 727 2595 Quando
743 2565 779 2593 et
795 2561 928 2602 priores
943 2562 1022 2593 hinc
1037 2561 1168 2592 Lamias
1183 2559 1299 2592 ferunt

621 2614 884 2654 Denominatos,
896 2618 932 2646 et
946 2618 1109 2654 nepotum

709 2667 779 2698 Per
795 2676 961 2698 memores
977 2675 1082 2707 genus
1099 2674 1196 2697 omne
1209 2664 1328 2705 fastos,

584 2720 734 2751 Auctore
751 2719 793 2751 ab
812 2720 869 2750 illo
885 2719 980 2751 ducis
996 2719 1175 2760 originem,

583 2773 651 2806 Qui
667 2773 879 2806 Formiarum
892 2773 1013 2806 moenia
1028 2772 1165 2813 dicitur,
1179 2774 1243 2803 ὄις.
