1916 3190
776 234 1004 266 nonam.
1026 231 1029 233 ’
1558 223 1616 266 33

471 329 529 371 U.
547 328 598 371 C.
618 330 718 371 740.
776 330 834 370 A.
854 329 905 370 C.
924 329 994 370 14.
1037 327 1215 370 Horatii
1230 332 1255 383 ξ
1260 330 1300 382 ’.

226 407 459 461 Augustus
486 407 629 448 adhuc
656 406 760 447 dum
781 405 931 447 Roma
960 406 1098 455 abest,
1116 406 1162 446 in
1189 404 1430 459 Hispania,
1450 405 1613 456 Gallia,

170 466 425 525 Germania,
443 474 575 515 rebus
595 473 918 515 constituendis
937 473 1149 514 intentus.
1193 471 1419 525 Scriptum
1440 475 1540 512 tunc
1553 474 1614 513 vi-

169 541 293 583 detur
307 540 453 582 Carm.
474 551 540 580 w.
560 541 603 581 5.
621 553 697 593 np.
709 542 813 593 post
824 539 986 592 Legem
1007 538 1064 580 de
1084 537 1322 579 Adulteriis
1343 543 1388 580 et
1406 538 1462 579 de
1482 538 1614 579 Mari-

168 606 314 649 tandis
328 605 568 648 Ordinibus
586 618 626 647 a.
644 604 747 646 736.
766 604 918 655 latam,
938 605 1042 645 item
1059 607 1163 658 post
1182 604 1391 646 subactos
1413 604 1614 655 Parthos,

168 672 431 723 Cantabros,
465 678 511 714 et
544 672 803 714 Germanos.
861 670 934 712 Ad
973 670 1091 713 idem
1127 677 1302 726 tempus
1341 676 1520 726 spectat
1561 683 1614 713 ιι.

168 868 226 910 U.
246 867 299 911 C.
322 870 432 911 ⁴741.
490 869 591 911 Tib.
631 868 845 911 Claudius
887 868 1022 910 Nero.
1093 867 1147 909 P.
1174 867 1418 919 Quintilius
1451 867 1613 909 Varus.

618 935 676 977 A.
694 935 747 978 C.
767 935 839 978 13.
878 935 1056 977 Horatii
1078 937 1148 990 {2⁴}-

222 1011 454 1067 Augustus
473 1012 660 1054 Romam
680 1013 916 1053 revertitur.
964 1012 1013 1054 Si
1034 1012 1247 1053 Suetonio
1267 1011 1501 1061 credimus,
1525 1011 1616 1053 Au-

168 1085 344 1134 gustum
372 1079 543 1120 Tiberii
570 1079 811 1132 Drusique,
832 1079 1124 1132 privignorum
1155 1091 1351 1127 suumin,
1370 1077 1616 1119 Victoriam

167 1145 446 1187 vindelicam
475 1157 630 1186 canere
654 1145 847 1198 jussisse
877 1144 1131 1194 Horatium,
1167 1146 1352 1200 ejusque
1380 1144 1442 1185 rei
1479 1157 1615 1186 causa

168 1217 372 1266 quartum
391 1211 551 1252 librum
570 1210 823 1252 carminum
842 1210 1035 1260 addere3
1064 1212 1166 1252 huic
1193 1223 1301 1252 sane
1325 1224 1440 1252 anno
1459 1211 1498 1251 is
1520 1212 1614 1265 jus·

167 1291 247 1320 sus
264 1277 461 1331 Augusti
490 1277 575 1318 erit
603 1276 912 1330 assignandus,
933 1291 1021 1331 quo
1051 1282 1155 1332 post
1182 1277 1355 1318 triennii
1388 1279 1433 1319 in
1464 1277 1615 1319 Gallia

167 1346 426 1394 absentiam,
444 1343 610 1385 Urbem
625 1344 811 1398 repetiit.
868 1342 1000 1386 Certe
1020 1343 1167 1385 Carm.
1190 1355 1256 1384 lv.
1277 1344 1345 1385 14.
1367 1356 1453 1385 non
1473 1345 1614 1398 prius,

168 1425 302 1467 quam
321 1416 427 1466 post
446 1424 547 1452 eum
568 1411 767 1461 reditum,
787 1411 999 1466 scriptum
1022 1425 1124 1454 esse
1144 1411 1379 1466 probabile
1398 1415 1479 1452 est.

168 1529 226 1570 U.
242 1528 294 1572 C.
311 1530 411 1593 742.
458 1530 524 1572 M.
554 1529 762 1572 Valerius
797 1530 1007 1572 Messala.
1058 1532 1111 1572 P.
1132 1531 1353 1585 Sulpitius
1389 1530 1613 1582 Quirinus.

621 1596 679 1638 A.
696 1597 749 1639 C.
768 1598 839 1639 12.
880 1597 1053 1639 Horatii
1073 1601 1144 1652 35—2.

222 1674 422 1730 Agrippa
437 1677 636 1725 moritur,
658 1675 713 1717 ad
734 1689 864 1730 quem
883 1688 1015 1717 unum
1036 1680 1104 1718 est
1122 1676 1267 1718 Carm-
1297 1687 1329 1716 1.
1360 1678 1402 1717 6.
1433 1677 1613 1717 incertae

169 1742 325 1784 aetatis.

171 1859 228 1901 U.
240 1832 296 1900 c.
323 1860 422 1900 744.
480 1859 610 1900 sulus
643 1859 874 1900 Antonius.
935 1860 993 1910 Q.
1017 1859 1185 1901 Fabius
1217 1859 1448 1901 Maximus
1472 1859 1611 1900 Afric.

620 1925 678 1967 A.
699 1926 751 1966 C.
772 1926 841 1966 10.
882 1925 1064 1966 Horatii
1080 1928 1152 1980 ἐξ.

221 2003 376 2052 Dacis»,
391 2003 535 2051 Getis,
546 2007 591 2044 et
602 2002 831 2044 Germanis
844 2015 871 2043 a
885 2003 1035 2044 Dmso
1051 2016 1104 2044 ac
1115 2002 1299 2044 Tiberio
1308 2004 1455 2052 victis,
1467 2002 1496 2044 J
1500 2015 1610 2044 anus

168 2069 347 2110 tertium
366 2068 598 2110 clauditur.
643 2081 709 2109 ιν.
730 2068 813 2110 Od.
835 2071 904 2110 15.
926 2074 972 2111 et
996 2081 1047 2110 ιι.
1068 2070 1209 2124 Epist.
1231 2071 1271 2111 l.
1313 2070 1491 2111 Horatii
1507 2083 1612 2124 ope-

167 2148 218 2177 ra
234 2136 491 2184 novissima,
511 2135 597 2177 hoc
618 2149 736 2177 anno
756 2138 920 2191 scripta
940 2137 1153 2179 videntur.

164 2229 226 2286 U.
232 2242 296 2288 C.
320 2246 421 2287 746.
481 2244 532 2286 C.
561 2246 760 2288 Marcius
790 2246 1071 2288 Censorinus.
1128 2249 1179 2290 C.
1213 2248 1403 2290 Asinius
1435 2249 1610 2291 Gallus.

633 2313 689 2354 A.
710 2313 762 2356 C.
779 2314 824 2355 9.
864 2313 1040 2355 Horatii
1058 2317 1128 2357 57.

223 2390 461 2434 Horatium
479 2391 563 2432 hoc
583 2404 699 2433 anno
729 2403 776 2433 v.
796 2391 902 2433 Kal.
928 2392 1039 2433 Dec.
1070 2397 1290 2435 mortuum
1319 2406 1429 2442 esse,
1448 2397 1495 2433 et
1514 2392 1612 2446 qui-

169 2456 267 2498 dem
305 2458 468 2506 subito,
487 2462 538 2499 ut
570 2470 624 2499 ne
656 2460 827 2513 signare
861 2459 1039 2512 quidem
1075 2460 1406 2501 Testamentum
1440 2464 1612 2513 posset,

168 2522 293 2565 docet
309 2524 492 2565 Sueton.
512 2524 557 2564 in
577 2525 673 2579 ejus
690 2524 825 2578 Vita3
868 2537 1014 2566 errore
1042 2529 1191 2566 tamen
1215 2527 1261 2566 in
1282 2537 1491 2566 annorum
1514 2525 1611 2567 Ho-

167 2589 266 2630 ratii
279 2603 456 2631 numero
470 2590 681 2641 admisso,
697 2592 799 2633 dum
817 2602 922 2632 mx.
942 2604 1022 2644 pro
1040 2602 1162 2633 Lvll.
1183 2593 1322 2645 ponit.
1343 2592 1610 2648 Hieronym.

170 2654 329 2695 Chron.
347 2656 508 2698 Euseb.
524 2657 583 2698 ad
600 2656 776 2712 Olymp.
793 2657 891 2699 192.
906 2657 948 2698 3.
979 2660 993 2678 ‘
1009 2657 1228 2700 Horatius
1244 2658 1609 2713 quinquagesimo

171 2722 356 2774 septimo
374 2724 519 2764 aetatis
540 2736 635 2764 suae
655 2737 771 2766 anno
793 2724 951 2766 Romae
972 2724 1178 2766 moritur.'

253 2796 370 2836 Delpk.
385 2801 416 2828 et
434 2798 509 2828 Ver.
523 2798 609 2830 Clas.
854 2799 973 2831 Horat.
1495 2801 1523 2832 C
