1916 3190
329 229 409 270 178
801 242 843 279 Q.
877 241 1084 271 HoRA'ru
1120 242 1294 273 FLAcm

498 333 723 375 Cardines.
783 334 927 375 Audis
948 335 1092 376 minus
1113 340 1159 376 et
1177 335 1322 376 minus
1337 335 1431 389 jam
1449 349 1459 377 :

499 404 510 422 ‘
529 400 604 442 Me
624 406 699 442 tuo
721 401 878 453 longas
899 405 1110 454 pereunte
1133 407 1299 451 noctes,

842 468 1003 523 Lydia,
1025 468 1188 510 dormis
1202 470 1221 510 'l
1233 468 1244 484 ’

497 535 698 576 Invicem
722 535 920 577 moechos
942 548 1051 576 anus
1071 539 1323 588 arrogantes

499 603 654 644 Flebis
675 603 718 643 in
741 603 836 643 solo
855 604 967 644 levis
988 603 1236 657 angiportu,

495 668 683 711 Threcio
699 670 943 712 bacchante
964 672 1106 724 magis
1128 672 1209 713 sub
1229 671 1354 712 intere

842 737 963 778 lunia
982 740 1113 778 vento

1721 602 1777 644 10

325 858 402 891 biles
421 859 554 900 agebant
580 860 733 892 cardines.
780 860 1012 902 Iuli-equentius
1035 862 1177 902 deinceps
1199 866 1229 894 et
1251 862 1476 904 infrequentiam
1490 862 1597 894 andis.-
1620 862 1708 893 Dum
1721 870 1779 901 ego

323 905 395 933 tuus
412 912 513 944 pereo,
531 902 645 944 Lydia,
661 903 791 943 quiescis
803 904 908 943 longis
921 903 1070 935 noctibus.
1113 905 1189 935 Jum
1204 907 1309 936 vetula
1321 905 1457 947 plorabis
1471 905 1609 936 vicissim
1622 904 1779 936 adulteros

323 944 479 984 superbos,
501 948 654 976 contemta
677 945 711 976 in
734 945 903 986 angiportu
925 947 1067 983 desa-to,-
1089 947 1162 977 dum
1181 947 1289 979 Thrax
1302 951 1412 979 ventus
1434 947 1523 980 soevit
1545 947 1679 987 gravius
1694 946 1779 978 circa

931 1029 1179 1044 cummeneo

323 1092 464 1132 Bipont.
481 1090 600 1125 Comb.
611 1092 746 1125 wakef.
764 1096 799 1124 et
816 1093 989 1125 Kidd.—6
1011 1094 1157 1136 Cuning.
1172 1094 1306 1127 emend.
1321 1094 1487 1126 audin—‘1
1510 1093 1566 1124 Me
1580 1095 1615 1124 lu
1631 1102 1649 1132 o
1663 1091 1779 1125 Pulm.

327 1139 485 1175 quatuor,
500 1135 672 1166 'ron-rentii
685 1139 772 1174 tres,
787 1139 822 1166 et
838 1136 929 1175 Lips.
940 1137 1065 1176 longam
1078 1148 1110 1178 p.
1124 1141 1244 1170 noctem
1256 1137 1390 1169 emend.
1406 1136 1522 1168 Bentl.
1539 1144 1698 1176 eumque,
1713 1144 1780 1166 non

326 1181 456 1217 praeter
471 1176 621 1214 solitum,
637 1181 773 1209 secutus
789 1182 842 1209 est
858 1178 967 1211 Kidd.
990 1181 1084 1219 longa
1096 1190 1127 1220 p.
1143 1183 1233 1212 nocte
1248 1181 1333 1211 Exc.
1347 1180 1495 1211 Sam—8
1505 1178 1623 1219 Lydia,
1637 1174 1781 1209 domis?

325 1228 402 1250 cum
418 1219 694 1259 interrogationis
710 1220 807 1261 signo
825 1220 979 1253 Lambin.
998 1222 1081 1254 Fab.
1096 1223 1216 1254 Heius.
1232 1223 1349 1254 Bentl.
1365 1222 1454 1253 Bax.
1466 1221 1590 1261 Delph.
1605 1219 1780 1251 Schrevel.

324 1261 420 1301 Jani,
435 1261 575 1302 Bipont.
591 1261 735 1294 Wetzel.
751 1263 887 1295 Wakef.
903 1268 940 1295 et
957 1264 1063 1296 Kidd.
1095 1264 1211 1306 Lydia,
1225 1263 1369 1297 domis!
1384 1263 1612 1295 hainen—10
1635 1261 1780 1294 Laudin.

325 1303 500 1344 angiporto-
543 1303 736 1336 Dicebatur
753 1310 789 1336 et
810 1307 820 1322 ‘
835 1306 1080 1348 angiportum,'
1093 1313 1182 1339 teste
1198 1306 1367 1339 Priscian.
1380 1315 1432 1338 vt·
1447 1316 1482 1347 p.
1493 1306 1656 1338 ⁷19.-u
1683 1303 1778 1336 Thre-

324 1346 663 1420 ῗΐψὶῖῗῖἑὲΐῖἰῗῗ
680 1346 1779 1423 &efflas-4¹0533‘252302223212820z15‘13¹5„5¹⁸‘l·÷²{1.2;0⁵.;

325 1429 435 1461 edidit
448 1430 625 1462 bacchante.
670 1430 732 1462 Vir
750 1431 885 1472 quidam
902 1432 1025 1464 doctus
1056 1443 1111 1474 ap.
1135 1415 1254 1466 jones.
1277 1433 1369 1473 conj.
1394 1401 1560 1463 bii-chame
1581 1399 1701 1470 :jugans
1712 1429 1780 1461 sub.

324 1475 410 1504 —12
432 1473 520 1504 Post
532 1475 623 1505 vento
638 1482 754 1505 omnes
770 1472 843 1505 fere
859 1474 938 1506 edd.
954 1475 1083 1507 habeut
1099 1476 1213 1516 colon,
1236 1474 1328 1517 quod
1353 1474 1491 1506 sustulit
1513 1474 1660 1506 Gesner.
1687 1481 1780 1504 eum·

981 1559 1121 1594 NOTAE

369 1623 390 1652 6
411 1619 518 1652 Audis
545 1621 647 1654 minus
675 1625 706 1653 et
733 1622 835 1654 minue
854 1621 937 1662 jam,
957 1622 1029 1663 mn]

326 1670 442 1702 Minus
458 1671 634 1713 minusque
650 1672 685 1703 in
701 1671 774 1703 dies
796 1673 840 1704 ad
857 1676 891 1704 te
908 1673 1029 1704 moechi

326 1720 522 1752 ventitant:
547 1721 723 1762 pauciores
732 1722 805 1763 jam
819 1721 924 1753 habes
939 1731 1028 1754 ama-

327 1774 435 1811 tores,
459 1770 515 1812 qui
545 1774 728 1802 occentent
757 1770 850 1803 fores
877 1775 965 1811 tuas,
993 1771 1027 1803 id

328 1823 393 1858 est,
418 1825 498 1851 ante
531 1820 606 1852 illas
636 1821 815 1852 cantiones
846 1821 1028 1853 amatorias

328 1874 478 1909 canant;
495 1871 603 1912 qualis
621 1875 673 1903 est
688 1880 744 1904 ln.
761 1871 830 1903 Od.
850 1875 902 1903 10.
918 1872 1029 1913 qualis

328 1921 363 1948 et
375 1918 448 1949 haec
464 1929 472 1949 :
499 1921 553 1951 Me
568 1924 621 1951 tuo
633 1922 742 1960 longas
754 1925 902 1962 pereunte
913 1926 1029 1961 noctes,

328 1965 441 2007 Lydia,
454 1968 593 2000 dormis?
614 1969 648 1999 id
670 1974 737 2010 est,
753 1980 806 2001 me
825 1980 896 2010 prae
914 1980 1029 2002 amore

329 2019 389 2045 tuo
404 2015 685 2055 contabescente,
709 2027 926 2060 somnumque
935 2020 1031 2051 ‘haurd

328 2065 499 2104 capiente,
527 2066 635 2098 altum
664 2066 811 2098 dormis:
844 2072 882 2098 tu
912 2068 1033 2108 quieta

328 2113 428 2144 valde
444 2114 561 2145 stertis
587 2114 705 2155 longas
730 2120 862 2155 noctes,
885 2115 964 2147 dum
981 2117 1031 2147 in-

327 2163 479 2204 quietum
503 2173 557 2195 me
575 2164 816 2206 solicitumque
833 2165 882 2196 tui
899 2164 1031 2197 deside-

313 2214 320 2219 ’
330 2212 416 2244 rium
432 2213 562 2245 excitat
577 2217 614 2245 et
629 2213 767 2253 vigilare
783 2215 890 2255 cogit.

372 2265 390 2294 ⁷
416 2262 543 2303 Longas
577 2263 699 2304 noctes]
736 2264 949 2304 Expectanti
980 2264 1030 2296 ni-

331 2314 451 2345 mirum
477 2319 514 2345 et
542 2314 754 2355 desideranti
776 2315 914 2356 longum
945 2325 1030 2347 sem-

333 2373 396 2405 per
412 2364 548 2396 videtur
563 2369 711 2406 tempus.

375 2416 396 2445 9
419 2413 558 2445 Invicem
584 2415 714 2449 moeclws
741 2425 818 2446 anus
844 2420 1030 2456 arrogantes

333 2464 452 2504 Flebis,
465 2466 535 2507 ὅτι]
547 2465 698 2497 Tandem
712 2466 801 2498 vices
817 2471 886 2498 tuae
903 2467 1031 2498 adven-

333 2519 470 2546 tarunt:
496 2516 575 2547 olim
594 2515 677 2548 flore
697 2516 890 2557 juventutis
907 2527 946 2549 ac
962 2516 1032 2549 for·

332 2575 395 2596 mae
420 2566 569 2606 superba
589 2567 818 2608 depereuntes
841 2571 876 2598 te
894 2567 1030 2599 ridebas

332 2615 571 2647 adolescentes
587 2617 744 2658 virosque
756 2616 923 2658 quoslibet
939 2617 1030 2658 :jam

332 2672 416 2694 nnus
432 2664 523 2697 facta
539 2665 665 2698 frustra
680 2668 812 2698 lucrum
829 2671 865 2699 et
885 2667 1032 2698 moechos

335 2724 488 2755 quaeres3
509 2716 542 2747 hi
558 2726 638 2748 vero
653 2721 687 2748 te
702 2717 796 2748 senio
809 2716 1032 2748 deformatam

334 2768 497 2805 spernent
512 2770 718 2807 arrogantes.
764 2767 868 2800 Ovid.
880 2766 956 2799 Art.
973 2775 1032 2798 ιιι.

1082 1625 1137 1654 70.
1161 1623 1171 1640 ‘
1184 1623 1336 1664 Tempus
1351 1622 1417 1654 erit
1431 1631 1497 1664 qno
1521 1625 1572 1660 tu,
1593 1630 1670 1662 quae
1685 1629 1777 1652 ιιιιιιο

1083 1672 1240 1704 excludis
1267 1676 1451 1712 amantem,
1475 1670 1614 1713 Frigida
1643 1672 1781 1703 deserta

1082 1727 1183 1754 nocte
1193 1721 1327 1764 jacebis
1339 1721 1445 1753 anns?

1126 1775 1167 1804 1⁰
1191 1773 1232 1804 In
1259 1772 1324 1804 solo
1350 1772 1427 1804 levis
1453 1770 1639 1813 angiportu]
1670 1767 1781 1810 Vaga,

1083 1822 1266 1854 observans
1295 1822 1324 1853 si
1350 1821 1428 1864 quis
1454 1820 1651 1853 triobolsris
1680 1828 1782 1860 agaso

1083 1877 1252 1904 commeet
1272 1871 1314 1903 ad
1343 1876 1398 1904 te:
1421 1871 1487 1911 vel,
1508 1879 1623 1902 amans
1644 1866 1781 1909 leviter,

1077 1922 1223 1963 juvenili
1237 1931 1345 1961 more,
1361 1925 1396 1953 et
1411 1920 1496 1953 flens
1507 1925 1543 1953 te
1559 1919 1712 1960 despici:
1724 1917 1781 1950 vel

1084 1972 1208 2003 nullius
1225 1971 1341 2012 pretii,
1350 1971 1492 2013 jamque
1505 1969 1549 2001 ab
1560 1968 1715 2001 omnibns
1730 1975 1784 1998 re—

1083 2021 1176 2060 licta,
1201 2021 1236 2052 in
1257 2022 1428 2062 angiportu
1448 2019 1598 2053 solitario
1613 2023 1650 2051 et
1665 2028 1685 2051 ι
1700 2027 1783 2061 pen-

1083 2069 1227 2099 cissimis
1243 2069 1474 2109 frequentato.

1126 2119 1167 2147 11
1198 2117 1326 2147 Thracio
1362 2117 1528 2150 bacchante
1562 2117 1675 2156 magis,
1711 2115 1782 2157 &cx-J

1082 2165 1239 2207 'rumque
1246 2164 1409 2206 frigidum
1418 2165 1612 2205 perpetiere
1622 2168 1761 2197 ventum
1772 2175 1782 2195 :

1076 2220 1120 2247 -et
1134 2215 1223 2247 sicut
1239 2215 1321 2247 olim
1343 2215 1394 2246 tui
1416 2219 1585 2246 amatores
1608 2223 1650 2246 eo
1665 2215 1782 2256 algen-

1071 2269 1137 2296 ·tes
1161 2264 1290 2305 vidisti,
1314 2269 1350 2296 et
1373 2264 1598 2304 contemsisti‚
1621 2264 1671 2295 ita
1691 2273 1784 2295 nune

1086 2316 1143 2348 alii
1166 2321 1201 2348 te
1230 2315 1390 2347 ridebunt
1412 2315 1475 2347 sub
1497 2314 1554 2347 dio
1579 2317 1784 2356 pernocten-

1085 2371 1165 2398 tem.
1222 2366 1351 2397 Threcia
1378 2365 1486 2407 vento]
1523 2365 1591 2396 Hic
1620 2368 1784 2405 respectu

1084 2417 1229 2449 Graeciae
1257 2416 1554 2458 Septemtrionalis
1581 2419 1658 2446 est:
1693 2413 1783 2446 adde

1083 2467 1172 2509 quod
1189 2467 1282 2508 regio
1298 2475 1458 2509 perquam
1470 2463 1597 2506 frigida
1608 2466 1662 2495 est
1675 2464 1780 2496 Thra·

1083 2517 1154 2548 eia:
1179 2516 1268 2547 unde
1294 2523 1331 2548 et
1353 2515 1490 2547 officina
1514 2518 1693 2546 ventorum
1720 2523 1782 2554 ap-

1083 2566 1212 2606 pellata
1226 2576 1234 2596 :
1260 2570 1364 2606 atque
1379 2564 1413 2595 lu
1425 2573 1467 2596 ea
1481 2573 1642 2605 regnasse
1656 2562 1782 2605 Aquilo

1084 2614 1213 2647 fertur:
1255 2615 1334 2646 hinc
1359 2614 1450 2656 apud
1479 2614 1623 2646 Graecos
1653 2611 1805 2646 Post-s.

1084 2665 1247 2697 Thracius
1258 2669 1378 2697 ventus
1395 2674 1456 2706 pro
1470 2664 1639 2706 Aquilone
1655 2663 1781 2705 pmtm

1085 2719 1278 2757 usurpatur.
1324 2715 1434 2747 Latini
1461 2724 1542 2747 vero
1557 2723 1632 2746 eam
1646 2717 1780 2755 quoque

1085 2766 1271 2799 dictionem
1298 2765 1424 2798 imitati
1455 2768 1549 2803 sunt,
1588 2768 1778 2807 quanqum
