1916 3190
270 233 365 276 -160
753 249 798 286 Q.
830 248 1040 280 nonA'rn
1075 250 1249 281 Fuscct

454 338 686 382 eonditum
702 341 805 390 levi,
828 342 956 383 datus
976 343 1020 382 in
1043 343 1217 384 theatro

797 407 906 449 Cum
928 409 1007 449 tibi
1028 409 1228 462 plausus,

452 472 567 515 Care
591 473 818 516 Maecenas
845 488 1009 529 eques;
1040 480 1088 518 ut
1108 477 1279 530 paterni
1700 480 1729 520 5
1777 483 1791 494 ·

453 538 672 582 Fluminis
689 542 812 595 ripae,
834 542 967 583 simul
989 546 1032 583 et
1046 541 1209 597 jocosa

455 605 683 648 Redderet
702 607 858 649 laudes
880 608 958 649 tibi
979 607 1194 650 Vaticani

795 675 961 717 Montis
980 677 1143 729 imago.

283 777 343 810 bile
356 777 517 820 Sabinam,
530 782 610 821 quod
629 785 749 821 egomet
771 781 851 812 inivi
868 781 980 812 Groeco
997 780 1097 821 fictili
1118 762 1271 812 recinsum
1285 792 1296 819 ;
1319 783 1442 822 qnando
1455 782 1490 813 ἰιι
1503 782 1733 821 amphitheatro

283 821 519 853 acclamationes
534 823 592 854 tibi
611 833 760 854 concessae
767 822 899 862 fuerunt
917 826 1028 862 tantae,
1042 826 1078 853 ut
1099 824 1282 863 applausum
1307 824 1459 855 iterarent
1474 824 1532 855 tien·
1546 825 1658 855 littora
1677 834 1734 864 pa·

284 862 454 904 triifltwii,
471 866 594 905 pariter
612 869 643 897 et
658 865 853 898 adumbratio
865 865 988 904 festiva
1007 865 1093 897 collis
1114 865 1271 898 Vaticani.
1320 865 1366 898 Tu
1383 867 1467 898 domi
1485 867 1608 907 potabis
1620 867 1733 898 'Coecu-

1548 917 1580 945 a*
1623 931 1625 933 ·

823 947 1129 961 eeeeeeeeeeeee

220 1035 234 1044 Ἴ
283 1014 396 1040 ortum
412 1019 487 1040 esse
510 1010 653 1042 Vita—s
676 1012 821 1043 Mentel.
843 1013 933 1044 eleni.
966 1013 1122 1054 quaedam
1145 1012 1226 1044 edd.
1252 1016 1289 1044 ut
1306 1010 1411 1044 Basil.
1429 1014 1526 1044 1⁵31.
1550 1016 1587 1044 et
1609 1012 1734 1044 Venet.

267 1053 381 1082 ’1590.
403 1052 545 1083 daturin
559 1054 758 1085 theatra—5
783 1058 793 1072 ‘
808 1055 902 1086 Clare
917 1055 1051 1085 emend.
1071 1055 1190 1085 Bentl.
1213 1064 1232 1086 e
1261 1054 1382 1086 codice
1407 1054 1493 1095 Reg.
1515 1054 1596 1085 Soc.
1621 1063 1734 1096 neque

286 1094 374 1124 enim
392 1095 575 1125 convenire
593 1095 674 1127 Care
688 1105 791 1136 eques,
810 1106 874 1127 nec
889 1106 979 1136 eques
993 1096 1150 1137 epitheto
1165 1096 1313 1135 nudum3
1335 1097 1427 1128 Clare
1440 1105 1530 1136 eques
1543 1105 1618 1127 esse
1633 1096 1738 1135 idem,

285 1134 376 1176 quod
395 1144 453 1167 111.
471 1136 539 1168 Od.
553 1140 607 1168 16.
621 1140 674 1169 20.
697 1139 706 1156 ⁸
720 1139 873 1180 equitum
887 1139 1016 1170 decus:
1045 1139 1112 1170 Sed
1130 1138 1210 1179 quid
1226 1139 1260 1170 ni
1277 1139 1383 1179 possit
1395 1148 1484 1179 eques
1498 1138 1570 1171 sine
1581 1137 1736 1179 epitheto
1769 1139 1773 1142 ’

284 1177 355 1209 dici
371 1177 570 1210 Maecenas?
593 1189 668 1211 cum
685 1186 834 1220 constet,
847 1181 954 1222 illum,
967 1182 1057 1223 quod
1074 1181 1227 1222 equestri
1244 1181 1411 1223 dignitate
1425 1186 1607 1213 contentus
1628 1186 1733 1220 esset,

283 1219 494 1251 delectatum
511 1220 619 1252 fuisse
635 1223 762 1263 equitis
777 1223 1024 1264 appellatione,
1040 1234 1106 1265 qua
1122 1225 1194 1255 laus
1209 1223 1284 1264 ejus
1306 1223 1527 1255 continentiae
1543 1223 1735 1254 continere-

288 1267 357 1294 tur.
404 1263 486 1294 Care
501 1263 673 1304 Mamas,
697 1265 815 1307 (plane
841 1271 877 1296 ut
899 1266 908 1283 ‘
923 1266 1052 1298 dilecte
1067 1265 1130 1298 M.’
1154 1275 1196 1297 ιι.
1214 1266 1350 1298 0d.2o.
1365 1264 1416 1307 7.)
1439 1275 1514 1297 cnm
1537 1263 1737 1297 familiarius

288 1309 355 1343 est,
371 1309 407 1336 et
422 1306 537 1346 aptius
549 1305 681 1346 odai-io,
698 1308 756 1339 ubi
780 1307 823 1339 de
840 1308 919 1339 vino
936 1309 1050 1348 agitur
1073 1309 1158 1350 (non
1182 1309 1271 1340 forte
1294 1307 1339 1339 de
1362 1308 1545 1340 virtutibus
1570 1317 1611 1340 ae
1637 1307 1737 1338 rebus

290 1347 395 1386 gestis
410 1346 492 1388 viri)
504 1357 516 1388 ς
527 1348 620 1388 hm,
634 1349 662 1379 si
678 1349 721 1380 de
739 1350 843 1381 totius
859 1351 978 1391 populi
996 1351 1028 1382 in
1046 1360 1122 1382 eum
1140 1360 1253 1382 amore
1269 1351 1472 1391 accipiatur,
1487 1350 1652 1390 majorem
1669 1350 1736 1381 vim

288 1388 425 1429 habere,
438 1394 475 1420 et
490 1389 543 1430 iis,
559 1400 633 1431 quae
649 1397 850 1433 sequuntur,
868 1393 976 1432 magis
989 1393 1170 1424 convenire
1186 1393 1341 1431 videtur3
1361 1392 1447 1433 quod
1465 1393 1605 1432 pulchre
1619 1391 1737 1422 obser-

287 1435 402 1461 vatum
425 1431 584 1464 Christio.
630 1433 792 1465 Ceterum
808 1434 966 1465 Bentleio
980 1433 1186 1475 suffragatur
1201 1435 1365 1465 Wakker.
1381 1444 1414 1473 p.
1433 1437 1484 1466 ll.
1507 1439 1578 1465 tum
1602 1434 1652 1465 sic
1667 1434 1735 1464 edi-

286 1472 411 1504 derunt
427 1474 531 1505 etiam
548 1475 635 1507 Cun.
657 1476 783 1507 Sanad.
827 1476 1004 1509 Quomodo
1028 1481 1140 1508 autem
1165 1477 1258 1507 Clare
1274 1476 1428 1508 Lambini
1449 1476 1631 1507 lectionem
1658 1484 1734 1507 esse

286 1513 402 1547 dicere
428 1518 580 1557 potuerit
604 1518 729 1550 Sanad.
750 1527 816 1550 non
834 1518 1021 1560 assequor.’
1044 1519 1133 1550 Jaru'.
1179 1518 1371 1550 Bentleium
1395 1518 1504 1550 secuti
1527 1524 1606 1550 suut
1631 1517 1735 1550 etiam

940 1608 1086 1640 NOTAE

330 1672 349 1701 3
366 1668 472 1701 Datus
487 1670 521 1701 in
536 1670 659 1702 theatro
676 1671 755 1702 Cum
769 1671 828 1703 tibi
843 1671 985 1712 plausus]

284 1717 442 1752 Jucunde
465 1720 564 1751 simul
587 1725 624 1752 et
645 1721 828 1753 honorifice
846 1720 986 1753 refricat

286 1771 452 1802 Horatius
482 1771 668 1802 Maecenati
695 1772 890 1803 memoriam
914 1771 985 1803 dati

287 1830 350 1861 per
365 1820 536 1861 Populum
551 1821 739 1853 Romanum
755 1822 908 1863 plausus,
924 1831 985 1854 seu

287 1880 363 1902 cum
379 1871 420 1901 ad
432 1872 631 1911 spectacula
643 1871 809 1910 venissen
826 1871 987 1904 solebant

287 1922 374 1952 enim
387 1922 450 1953 viri
461 1932 581 1962 graves
593 1933 632 1955 ac
644 1923 687 1955 de
698 1923 889 1965 Republica
898 1923 987 1955 bene

287 1970 401 2002 meriti
431 1972 730 2004 acclamationibus
757 1974 886 2014 excipi;
926 1982 986 2005 seu

288 2029 366 2051 cum
385 2019 484 2051 ludos
509 2020 583 2060 ipse
608 2020 821 2053 exhibuisset
842 2031 904 2062 pro
926 2021 988 2053 sua

286 2069 496 2101 liberalitate
520 2069 738 2110 magnificos;
762 2079 821 2101 seu
841 2070 884 2101 ob
899 2070 988 2102 laeti-

288 2119 369 2151 tiam
385 2122 598 2159 recuperatae
613 2129 632 2150 a
647 2119 842 2150 Maecenate
858 2119 988 2150 valetu-

290 2168 391 2208 dinis,
403 2168 513 2199 varias
528 2167 618 2199 enim
634 2168 717 2200 varii
734 2168 872 2209 plausus
889 2169 987 2210 hujus

290 2213 408 2250 causas
423 2218 732 2250 comminiscuntur.

333 2271 352 2299 5
379 2267 498 2309 Eques]
522 2267 696 2299 Modestia
709 2267 765 2300 hic
787 2268 987 2300 Maecenatis

291 2317 496 2357 celebratur,
511 2318 570 2359 qui
584 2327 660 2350 cum
677 2328 824 2355 summos
837 2327 987 2360 quosque

291 2377 470 2409 capessere
486 2367 707 2410 magistratus
726 2369 904 2409 potuisset,
927 2369 987 2400 ob-

288 2419 380 2450 latos
409 2417 513 2449 etiam
551 2417 735 2458 recusavit,
762 2422 799 2450 et
826 2419 989 2460 Equestri

292 2467 460 2508 dignitate
487 2470 670 2499 contentus
694 2467 789 2500 vixit.
825 2468 988 2509 Propert.

292 2526 351 2548 111.
368 2519 400 2548 9.
418 2520 447 2548 1.
475 2517 486 2553 ‚‘
503 2516 679 2548 Maecenas
705 2517 819 2559 Eques
843 2518 990 2550 Etrusco

292 2567 336 2598 de
348 2569 511 2609 sanguine
535 2568 685 2609 Regum,
705 2568 802 2604 Intra
819 2567 991 2601 fortunam

294 2618 350 2658 qui
364 2619 459 2658 cupis
475 2627 549 2650 esse
565 2618 683 2651 tuam!

342 2667 385 2698 Ut
397 2669 521 2707 paterni
538 2669 693 2701 Fluminis
705 2669 793 2710 ripae,
807 2667 879 2709 ξω]
901 2669 990 2700 Tan-

296 2721 351 2749 tus
377 2727 477 2757 porro
502 2718 567 2750 fuit
589 2719 647 2750 ille
673 2719 823 2760 plausus,
848 2723 888 2751 ut
911 2718 990 2750 inde

295 2773 519 2809 personarent
533 2768 617 2810 ripae
630 2769 762 2802 Tiberis
775 2768 990 2815 scaturientis

1040 1671 1074 1702 in
1099 1670 1276 1711 Hetruria,
1298 1681 1374 1713 quae
1395 1670 1597 1703 Maecenatis
1626 1670 1738 1711 patria

1039 1727 1138 1755 erat:
1166 1732 1229 1754 nec
1254 1732 1319 1754 non
1349 1721 1608 1754 acclamantium
1635 1729 1738 1753 voces

1039 1773 1266 1813 ingeminaret
1281 1772 1377 1803 Echo
1392 1770 1546 1803 residens
1563 1771 1596 1801 in
1615 1780 1737 1802 conca-

1039 1822 1090 1854 vis
1120 1822 1203 1853 locis
1228 1821 1318 1862 apud
1342 1824 1491 1852 montem
1520 1819 1738 1858 Vaticanum,

1040 1873 1099 1913 qui
1116 1872 1252 1904 theatro
1273 1870 1432 1912 Pompeii
1449 1870 1637 1912 proximus,
1649 1870 1739 1909 sicut

1041 1926 1077 1954 et
1090 1920 1213 1953 fluvius
1227 1920 1370 1953 Tiberis.

1083 1974 1102 2003 7
1131 1971 1277 2004 Vaticani
1292 1970 1432 2013 Montis]
1447 1969 1517 2003 Hic
1536 1979 1622 2002 unus
1637 1979 1656 2002 e
1671 1970 1741 2002 eol·

1041 2020 1140 2056 libus,
1165 2021 1288 2062 quibus
1311 2020 1423 2052 Roma
1445 2018 1652 2053 inoedificata
1673 2026 1740 2056 est.

1042 2069 1152 2100 adhuc
1177 2069 1303 2100 retinet
1328 2074 1425 2101 vetus
1447 2079 1582 2108 nomen,
1599 2070 1739 2111 insuper

1042 2122 1157 2150 autem
1170 2121 1323 2150 ostentat
1337 2117 1504 2158 insignem
1515 2118 1552 2148 S.
1562 2118 1661 2149 Petri
1672 2118 1738 2149 Ba-

1041 2167 1185 2207 silicam,
1198 2171 1236 2198 et
1249 2166 1414 2207 palatium
1432 2166 1652 2209 Pontificium
1668 2167 1739 2199 dic-

1041 2221 1096 2248 tus
1113 2221 1186 2248 est:
1211 2226 1231 2248 a
1246 2215 1416 2248 vaticiniis
1437 2215 1508 2248 illic
1527 2215 1583 2249 edi
1606 2216 1738 2258 pridem

1040 2266 1161 2298 solitis.
1186 2265 1274 2297 Vide
1289 2265 1382 2298 Geli.
1398 2268 1546 2298 xvnlf.

1083 2320 1104 2349 8
1129 2316 1253 2358 Imago]
1285 2317 1458 2358 Repetitio
1486 2317 1592 2356 vocis,
1618 2321 1655 2349 et
1681 2326 1738 2349 ac-

1041 2367 1278 2399 clamationum
1295 2367 1409 2408 populi
1424 2367 1636 2407 repercussio
1647 2365 1741 2400 facta

1041 2418 1075 2449 in
1090 2421 1214 2450 monte.
1258 2416 1385 2458 Joeosa]
1407 2417 1498 2451 Quia
1511 2417 1622 2458 jocari
1644 2415 1741 2448 vide-

1042 2474 1098 2502 tur
1111 2469 1216 2509 Echo,
1232 2468 1312 2500 dum
1336 2469 1457 2500 ultima
1478 2473 1610 2501 tantum
1632 2467 1738 2499 verba

1041 2519 1170 2560 repetit
1192 2523 1295 2559 atque
1311 2518 1510 2558 ingeminat.
1541 2517 1652 2558 Supra
1666 2517 1737 2549 Od.

1042 2577 1111 2608 xit.
1127 2572 1158 2601 8.
1176 2569 1188 2588 ‘
1204 2569 1350 2600 Recinet
1359 2568 1483 2608 jocosa
1503 2566 1738 2609 Nomen2ima-

1042 2622 1109 2662 gol
1139 2619 1237 2660 Virg-
1253 2619 1319 2651 Ge.
1331 2627 1383 2650 ιν.
1404 2621 1461 2662 ⁵⁰2
1473 2618 1484 2636 ‘
1499 2618 1590 2651 Saxa
1602 2622 1738 2656 sonant,

1042 2668 1202 2710 vocisque
1240 2667 1369 2700 offensa
1415 2667 1558 2699 resultat
1594 2665 1740 2709 imago-⁵

1042 2719 1168 2751 Tullius
1183 2719 1284 2751 Tusc.
1300 2727 1360 2750 ιιι.
1388 2718 1498 2758 initio,
1522 2717 1630 2751 simile
1655 2715 1737 2759 quid

1043 2769 1149 2803 habet
1170 2768 1228 2801 ubi
1250 2768 1386 2802 scribit:
1414 2769 1423 2786 ‘
1441 2767 1647 2811 Popularem
1665 2765 1736 2808 glo-
