1916 3190
287 248 373 290 226
765 261 809 298 Q.
841 259 1054 291 uoRA'rn
1088 261 1263 292 FLAccr

459 355 587 398 Metu
613 356 807 397 Deorum
830 356 1077 396 continuit?
1100 356 1263 408 quibus

457 423 669 478 Pepercit
690 424 811 464 aris?
845 422 884 462 Ο
907 423 1076 463 utinam
1099 434 1215 463 nova

516 489 682 532 Incude
703 488 906 542 diffingas
927 494 1123 530 retusum
1145 489 1189 529 in

571 557 856 610 Massagetas
879 555 1143 610 Arabasque
1163 555 1338 597 ferrum.
1693 560 1748 601 40

284 675 419 706 rentiam
431 675 590 707 numinum
600 674 617 708 ί)
642 675 720 712 Quoe
735 685 795 706 non
810 676 927 707 altaria
939 675 1114 715 polluerunt
1125 679 1138 706 ?
1163 676 1192 706 Ο
1211 676 1350 707 Fortuna
1367 676 1524 709 hebetatos
1535 678 1616 709 male
1626 680 1748 709 nostros

284 726 371 749 enses
384 718 506 750 utinam
520 729 598 750 nova
613 719 721 750 incude
727 718 870 757 sabrices
884 722 992 749 contra
1008 718 1210 757 Massagetas
1223 722 1255 750 et
1270 719 1403 761 Arabas,
1417 719 1500 752 bene.

890 814 1113 827 Omaeeeneo
1118 815 1137 826 o

283 878 396 911 Pulm.
411 879 527 911 Hunn.
545 879 725 912 Gemblac.
739 884 770 913 l.
781 883 815 913 2.
831 884 867 912 et
882 881 1009 913 Beller.
1024 881 1174 912 Bentleii
1193 880 1341 922 plurimi,
1353 880 1477 913 venet.
1491 883 1587 912 1492.
1602 881 1746 914 Locher.

284 921 429 953 Ascens.
445 922 535 954 Flor.
553 923 710 954 Tor-rent.
728 924 864 954 Mar-cil.
887 923 1024 955 Talbot.
1049 924 1150 962 Pine,
1164 924 1281 954 Bentl.
1297 923 1384 954 Cun.
1400 924 1480 955 San.
1497 923 1616 956 Jones.
1637 923 1745 956 Gesn.

282 963 378 1002 Jani,
402 964 545 1004 Bipont.
569 965 711 996 Mitscli.
728 966 874 996 Wetzel.
890 965 1029 997 Wakef.
1051 966 1172 997 Comb.
1195 970 1231 996 et
1257 965 1363 997 Kidd.
1385 966 1448 997 ‘In
1471 975 1578 997 manus
1593 966 1745 1005 juventus

283 1007 572 1037 homoeoteleuton
603 1007 708 1038 etiam
734 1007 816 1047 jure
842 1007 1031 1046 displicet!
1053 1008 1235 1039 dani—39
1255 1012 1265 1025 ‘
1279 1007 1531 1039 Vexatissimus
1562 1018 1583 1038 a
1615 1009 1743 1040 criticis

282 1048 420 1079 versus!
443 1048 589 1090 diffingas
603 1053 743 1080 retusum
757 1049 846 1080 haud
864 1049 969 1080 dubie
985 1050 1195 1081 auctoritate
1211 1051 1357 1080 maxime
1373 1050 1464 1081 valet
1478 1060 1488 1088 ;
1505 1050 1553 1080 sic
1569 1049 1659 1080 enim
1674 1060 1744 1081 om-

280 1100 340 1121 nes
358 1099 466 1131 prope
481 1090 560 1122 libri
576 1091 662 1123 Mss.
677 1096 715 1123 et
728 1091 809 1123 edd.
825 1100 855 1123 e.
873 1102 904 1129 g.
920 1101 1039 1124 omnes
1059 1092 1178 1123 Lamb.
1205 1097 1336 1131 praeter
1351 1102 1466 1131 unum,
1493 1092 1606 1123 Palm.
1627 1092 1745 1125 Hunn-

282 1133 460 1165 Gemblac.
479 1135 552 1166 1.2.
568 1138 604 1165 et
621 1134 752 1165 Beller.
770 1134 837 1165 duo
854 1134 1003 1165 Blandd.
1026 1134 1108 1165 Div.
1130 1139 1166 1166 et
1182 1135 1243 1166 Sil.
1261 1144 1316 1175 ap.
1332 1135 1436 1175 Crnq.
1451 1143 1568 1166 omnes
1582 1135 1743 1167 Torrent.

281 1175 391 1216 Lipss.
410 1181 491 1211 tres,
508 1175 597 1208 Altt.
614 1179 643 1207 l.
656 1179 688 1208 2.
708 1177 805 1209 Dess.
820 1179 852 1208 2.
871 1178 1019 1219 Franeq.
1038 1177 1187 1208 Mentel.
1205 1178 1358 1217 plerique
1375 1177 1489 1210 Bentl.
1510 1177 1658 1209 Locher.
1672 1178 1741 1209 Ve-

280 1223 368 1250 nett.
388 1219 504 1250 Basill.
528 1218 630 1251 Brut.
652 1219 753 1251 Fabr.
774 1219 877 1260 Rutg.
900 1219 1023 1251 Heins.
1041 1219 1126 1251 Fab.
1144 1221 1270 1252 Dacer.
1286 1220 1405 1251 Burm.
1431 1220 1534 1252 Baxt.
1554 1219 1680 1252 Sanad.
1704 1225 1742 1257 et

280 1260 403 1293 Jones.
444 1261 587 1303 defingas
602 1265 741 1293 retusum
757 1262 896 1304 quidam
910 1263 996 1294 Mss.
1013 1267 1049 1294 et
1065 1266 1152 1294 vett.
1168 1262 1248 1294 edd.
1264 1262 1379 1294 Bentl.
1391 1262 1488 1294 Leid.
1511 1268 1548 1294 et
1564 1262 1689 1303 Regin.
1705 1264 1741 1295 et

279 1303 330 1335 sic
346 1304 460 1335 Bentl.
475 1303 563 1337 Cun.
594 1304 737 1345 defingas
751 1314 889 1335 recusum
906 1305 1001 1345 Lips.
1011 1307 1044 1337 4.
1075 1305 1223 1347 diffingas
1237 1314 1379 1336 recusum
1391 1314 1476 1336 unus
1490 1305 1615 1337 Bland.
1631 1305 1739 1347 Cruq.

279 1350 317 1376 et
333 1346 407 1386 ipse
423 1347 527 1387 Cruq.
565 1346 604 1378 it.
626 1347 764 1378 Mar-cil.
781 1347 813 1378 h.
832 1349 963 1378 recudas
975 1351 1011 1378 et
1025 1348 1184 1388 diffingas,
1200 1347 1484 1389 quemadmodum
1499 1348 1596 1388 Virg.
1608 1348 1618 1364 ‘
1630 1346 1741 1379 flexos

277 1387 459 1419 incurvant
483 1388 608 1420 arcus!
653 1389 722 1420 Sed
749 1390 825 1430 quis
850 1388 940 1420 ferre
969 1395 1076 1430 pessit
1101 1399 1242 1421 recusum
1267 1390 1401 1421 incude?
1431 1389 1573 1431 defingas
1597 1393 1738 1421 retusum

278 1430 391 1462 Mald.
407 1435 443 1462 et
457 1431 563 1462 Mart.
580 1431 683 1471 Cruq.
718 1431 840 1473 defigas
855 1435 992 1463 retusum
1007 1431 1086 1463 Urs.
1100 1431 1220 1463 Lamb.
1244 1437 1279 1462 et
1295 1431 1366 1463 lib.
1391 1435 1462 1463 ant.
1487 1431 1628 1463 Canter.
1645 1432 1737 1463 Nov.

275 1472 391 1504 Lecti.
418 1482 484 1505 vn.
514 1475 568 1505 30.
601 1474 783 1512 «restringas
817 1474 927 1516 (unde
953 1474 1012 1505 alii
1038 1473 1233 1514 distringas)
1255 1483 1396 1505 recusum
1421 1473 1616 1505 emendatio
1644 1474 1737 1515 prior

275 1515 433 1547 Lambini
449 1519 486 1546 et
508 1515 541 1546 in
565 1516 676 1557 prima
698 1516 782 1549 edit.
800 1517 926 1556 lecti03
949 1516 1088 1548 laudato
1104 1525 1161 1547 ur.
1184 1516 1253 1548 Od.
1272 1519 1303 1547 l.
1322 1518 1374 1548 17.
1396 1517 1406 1534 ‘
1419 1515 1610 1555 Diffingere
1625 1516 1634 1529 ’
1658 1526 1735 1548 esse

275 1558 476 1598 dissolvere,
500 1567 737 1600 corrumpere,
752 1559 969 1598 interimere;
994 1559 1027 1590 in
1048 1569 1115 1600 qno
1130 1560 1179 1590 ita
1194 1563 1388 1599 argutatur,
1403 1564 1442 1591 ut
1459 1559 1515 1590 vix
1531 1559 1735 1591 Lambinurn

275 1609 451 1641 agnoscas.
494 1600 643 1632 Strenue
659 1606 773 1632 tamen
788 1611 865 1633 eum
878 1602 1031 1643 sequitur
1046 1602 1161 1633 Bentl.
1182 1601 1302 1644 defigas
1315 1611 1467 1641 recusam,
1481 1603 1653 1642 posterior
1664 1603 1733 1633 lec-

276 1643 325 1673 tio
344 1643 508 1674 Lambini.
540 1643 700 1686 diffinitas,
725 1644 757 1675 b.
771 1654 802 1675 e.
822 1643 984 1682 deducas,
1009 1643 1198 1675 refabrices
1226 1650 1262 1675 et
1286 1653 1446 1682 exacuas,
1460 1645 1594 1676 emend.
1616 1644 1735 1685 anac.

274 1684 378 1717 obas.
396 1694 465 1716 xn.
484 1688 536 1717 18.
569 1697 587 1717 r
619 1696 708 1718 usum
724 1686 776 1717 vir
788 1687 881 1718 doct.
893 1687 926 1717 in
940 1686 1043 1718 Obss.
1059 1686 1159 1718 Misc.
1176 1687 1294 1717 Burm.
1307 1691 1391 1718 tom.
1409 1695 1459 1718 w.
1476 1697 1510 1727 p.
1522 1690 1598 1718 381.
1631 1696 1733 1718 recae-

274 1731 341 1758 tnm
357 1728 447 1768 conj.
463 1728 581 1759 Bentl.
605 1729 637 1761 h.
649 1738 679 1760 e.
701 1728 814 1761 denuo
839 1727 1076 1769 liquefactum,
1103 1733 1140 1760 ut
1163 1728 1372 1768 recndatur;
1393 1729 1443 1760 uti
1465 1729 1563 1770 Vir-g.
1579 1729 1733 1762 AEn-vu.

273 1772 349 1802 636.
363 1772 429 1801 &a
473 1769 650 1803 Audacter
666 1780 748 1803 sane
762 1771 769 1804 Ε
795 1770 851 1802 Cf.
867 1772 1013 1812 Cuuing.
1031 1771 1214 1804 Animadv.
1231 1781 1306 1812 cap.
1322 1779 1430 1804 xvm.
1447 1782 1480 1812 p.
1491 1774 1566 1803 344.
1583 1772 1735 1812 Vulgata

272 1812 376 1844 lectio
390 1813 555 1854 optimum
572 1813 855 1854 aptissimumque
867 1823 1002 1845 sensum
1020 1813 1166 1855 praebet,
1179 1823 1279 1855 quem
1291 1823 1358 1845 non
1375 1814 1553 1854 agnovisse
1565 1817 1635 1846 tam
1647 1814 1732 1845 mul·

274 1859 342 1892 tos,
365 1855 596 1895 stupendum!
617 1856 707 1887 Jam'.
751 1857 900 1898 diffingas
925 1860 1066 1888 retusum
1090 1857 1192 1888 etiam
1217 1856 1317 1888 Harl.
1342 1859 1372 1887 1.
1399 1859 1431 1887 2.
1455 1858 1487 1887 8.
1509 1859 1541 1888 4.
1563 1859 1597 1887 6.
1619 1856 1735 1888 Bond.

273 1897 450 1928 Schrevel.
467 1897 592 1938 Delph.
607 1898 750 1939 Bipont.
765 1899 906 1931 Mitsch.
920 1900 1070 1931 Wetzel.
1085 1898 1205 1930 Comb.
1222 1906 1258 1930 et
1269 1898 1406 1930 Wakef.
1439 1899 1582 1940 defingas
1592 1902 1735 1932 reimu-

275 1938 381 1970 Kidd.
414 1939 561 1980 diffingas
575 1943 733 1972 retrusum
748 1941 850 1973 Harl.
865 1946 896 1973 5.
928 1942 1079 1984 diffingas
1094 1951 1235 1974 recusum
1251 1941 1331 1973 Vet.
1343 1940 1463 1973 Comb.

929 2027 962 2058 N
969 2026 1072 2058 OTAE

1030 2098 1126 2129 tralis
1152 2099 1342 2137 Τεκνία-ς
1378 2100 1452 2130 aliis
1479 2103 1607 2139 autem,
1630 2099 1735 2131 Palu-

273 2098 412 2139 templis
439 2102 541 2139 atque
562 2098 629 2128 aris
654 2097 831 2138 violandis,
857 2098 976 2138 impie-

1030 2147 1107 2179 dem
1117 2147 1316 2178 Maeoticam
1327 2147 1534 2186 incolentes;
1552 2150 1648 2189 quasi
1657 2158 1734 2190 gra-

272 2155 339 2188 que
355 2146 542 2178 diruendis.

313 2199 356 2228 38
381 2197 411 2228 0
436 2197 556 2228 utinam
579 2206 658 2228 nova
688 2196 806 2227 Incude
830 2196 976 2238 diffingas

269 2242 420 2282 refusum,
433 2247 502 2288 εμπ]
525 2246 674 2280 Quidam
695 2247 816 2287 legunt
841 2247 975 2277 distrin-

266 2308 341 2338 gas,
357 2306 407 2336 et,
421 2307 572 2330 recumm.
615 2297 743 2329 Sensus
757 2301 828 2328 est:
843 2295 875 2327 Ο
894 2296 974 2327 For-

270 2353 366 2388 tuna,
381 2347 474 2389 finge
489 2347 533 2378 de
554 2356 641 2378 novo
664 2351 701 2378 et
718 2345 857 2386 ,fabrica
877 2344 973 2376 nobis

269 2398 412 2439 gladios,
422 2398 568 2439 gloriose
579 2396 714 2439 quidem
728 2396 762 2427 in
780 2397 891 2427 hostes
907 2395 974 2426 Im·

271 2449 356 2490 perii
385 2448 530 2479 Romani
555 2445 798 2487 stringendos:
823 2454 899 2476 nam
923 2445 972 2476 illi

270 2499 362 2540 prius
379 2508 398 2529 a
414 2498 509 2529 nobis
527 2499 615 2529 male
638 2497 736 2529 retusi
759 2501 838 2528 sunt
853 2496 972 2527 adver-

269 2558 326 2579 sus
340 2548 477 2588 fratres,
488 2549 595 2588 cives,
609 2549 816 2589 propinquos
830 2557 838 2578 ε
854 2546 972 2579 civiles

269 2598 458 2630 discordias
475 2600 638 2641 extingue
653 2607 788 2641 semper
806 2597 972 2638 funestas,

269 2654 307 2680 nt
331 2654 477 2681 externa
495 2650 665 2682 duntaxat
693 2650 784 2682 bella
809 2648 972 2690 deinceps

267 2698 444 2730 moliamur
453 2699 616 2742 signaque
625 2700 778 2732 Romana
788 2708 863 2730 cum
872 2698 972 2730 deco·

267 2756 304 2778 re
320 2752 356 2778 et
372 2748 479 2788 gloria
491 2748 674 2781 inferamus
692 2749 724 2781 in
742 2749 968 2790 Massagetas,

267 2797 415 2840 Scythiae
431 2799 587 2839 populos,
602 2799 658 2830 ubi
676 2808 765 2831 nnnc
784 2808 861 2840 pars
879 2798 966 2831 Aus-

1029 2207 1089 2229 ves
1104 2197 1212 2229 Getas
1228 2197 1442 2238 appellatos:
1460 2198 1470 2214 ‘
1483 2197 1610 2228 massa'
1627 2198 1732 2238 enim,

1029 2248 1192 2288 Scythica
1215 2249 1344 2288 lingua,
1365 2256 1467 2287 grave
1489 2246 1673 2287 significat,
1689 2257 1731 2278 ex

1028 2298 1163 2330 Isidoro
1180 2298 1314 2338 Origin.
1327 2300 1361 2329 9.
1378 2296 1556 2329 claudian.
1571 2298 1581 2316 ‘
1600 2298 1733 2330 Massa-

1027 2352 1183 2388 getaeque
1216 2352 1344 2385 truces,
1372 2346 1458 2377 duro
1492 2355 1577 2387 gens
1609 2356 1730 2387 aspera

1028 2396 1140 2429 bello!
1184 2395 1274 2427 Item
1298 2395 1330 2426 in
1348 2393 1481 2426 Arabes
1503 2395 1593 2436 gazis
1617 2405 1656 2428 ac
1679 2397 1730 2428 di-

1027 2446 1119 2478 vitiis
1143 2445 1302 2476 famosos.
1339 2444 1470 2476 Arabia
1490 2445 1583 2477 inter
1610 2448 1731 2487 praeci-

1027 2506 1112 2538 puas
1130 2496 1221 2527 Asiae
1249 2498 1365 2536 partes
1384 2499 1554 2527 censetur.
1598 2497 1729 2529 Termi-

1026 2557 1086 2579 nos
1100 2547 1204 2578 habet
1226 2555 1246 2576 a
1260 2545 1516 2586 Septemtrione
1534 2547 1669 2587 Syriam
1690 2553 1728 2580 et

1025 2596 1163 2629 fluvium
1193 2595 1414 2636 Euphratem,
1441 2595 1485 2626 ab
1511 2595 1659 2628 Oriente
1681 2598 1727 2629 si-

1025 2657 1104 2679 num
1122 2646 1312 2684 Persicum,
1333 2645 1377 2675 ab
1399 2645 1594 2678 Occidente
1616 2647 1726 2679 sinum

1025 2697 1224 2737 Arabicum,
1252 2705 1273 2727 a
1302 2694 1449 2726 Meridie
1480 2705 1573 2728 mare
1606 2695 1726 2729 Arabi·

1024 2756 1112 2784 cum,
1123 2746 1194 2778 sive
1207 2749 1340 2788 partem
1354 2744 1464 2776 Indici
1475 2744 1618 2778 Oceani.
1638 2745 1724 2778 For-

1022 2807 1060 2830 ro
1076 2797 1119 2830 ad
1136 2806 1205 2830 rem
1231 2799 1435 2838 praesentem
1455 2794 1542 2829 facit
1562 2796 1652 2840 qnod
1665 2790 1723 2829 n·-
