1916 3190
257 241 344 283 412
733 255 776 291 Q.
809 253 1019 284 uonATu
1056 255 1228 288 rusco!

487 344 657 389 Pacem'
672 347 822 388 duello
843 349 1031 391 miscuit.
1092 350 1131 391 Ο
1154 351 1324 404 pudor!

543 412 583 454 Ο
605 425 763 466 magna
782 413 1017 468 Carthago,
1037 417 1271 470 probrosis

602 480 745 522 Altior
765 480 911 523 Italiae
932 482 1073 524 ruinis
1091 484 1100 524 !

487 548 643 589 Fertur
664 547 841 600 pudicae
864 549 1067 603 conjugis
1089 551 1307 601 osculum,

487 613 751 667 Parvosque
769 619 917 665 natos,
934 621 987 656 ut
1007 618 1167 671 capitis
1186 619 1344 668 minor,

1657 487 1715 528 40

259 736 290 766 0
301 736 442 774 gloriosa
457 737 617 778 Carthago
628 737 770 778 turpibus
786 737 891 769 Italioe
906 737 1044 769 cladibus
1054 740 1203 770 excelsior
1217 739 1232 772 !
1257 740 1409 780 Regulus,
1420 741 1502 772 velut
1514 741 1614 780 capite
1624 739 1718 770 ‹limi-

257 781 363 819 nutus,
377 790 398 810 α
409 789 442 811 se
456 779 573 811 dicitur
588 780 737 821 repulisse
751 780 892 811 suavium
907 783 1001 812 castae
1016 781 1137 822 uxoris,
1150 785 1242 823 atque
1248 782 1389 823 filiolam
1415 786 1443 814 et
1452 782 1573 821 faciem
1585 792 1715 822 genero·

878 875 896 887 0
900 875 1079 888 ‘OOO‘ONO
1083 877 1121 888 θ’

257 938 363 971 libros
379 939 533 979 venerit;
557 939 743 979 suspiceris
758 938 862 977 forte,
878 940 932 970 vel
951 939 1087 980 poetam
1105 940 1286 980 scripsisse
1300 940 1429 978 anxius,
1456 940 1547 972 unde
1588 950 1626 972 er
1641 950 1716 972 cor-

258 982 412 1022 ruptelas
427 980 528 1012 facile
543 987 688 1022 utraque
705 982 823 1019 lectio,
837 981 942 1021 aptius
954 986 990 1013 et
1004 981 1135 1021 inscius,
1149 982 1231 1013 oriri
1249 987 1384 1023 posset;
1401 982 1468 1020 vel,
1484 993 1550 1024 qno
1588 984 1715 1023 malim,

256 1024 456 1065 ascripsisse
471 1022 738 1055 Grammaticum
753 1024 799 1062 τῷ·
813 1023 929 1054 inscius
945 1023 1288 1063 interpretamentum
1304 1028 1313 1042 ⁴
1327 1024 1470 1064 anxius,’
1487 1030 1524 1056 et
1545 1025 1624 1056 inde
1639 1031 1716 1066 post

259 1066 364 1107 aptius
395 1065 551 1097 factum!
572 1066 751 1097 dmm—38
774 1065 891 1096 Pacem
917 1070 947 1097 et
973 1066 1109 1097 duellum
1135 1067 1283 1107 conject.
1318 1076 1373 1108 ap.
1399 1066 1603 1099 Jonas—43
1626 1068 1656 1099 A
1682 1077 1716 1100 se

261 1109 374 1149 vnlgg.
395 1108 447 1140 Ab
473 1118 506 1140 se
533 1107 634 1139 Harl.
659 1110 689 1138 l.
713 1110 746 1138 2.
771 1110 804 1140 3.
829 1110 862 1139 4.
881 1112 912 1140 5.
937 1111 969 1140 6.
995 1109 1176 1140 Pulmanni
1202 1108 1380 1141 Gemblac.
1410 1113 1439 1140 1.
1465 1111 1497 1142 2.
1526 1113 1562 1141 et
1586 1109 1715 1141 Beller.

258 1150 411 1182 Bentleii
427 1150 544 1182 Graev.
558 1149 656 1182 Leid.
674 1149 809 1182 Zulich.
826 1151 946 1191 Regin.
973 1156 1010 1182 et
1033 1151 1164 1183 Battel.
1189 1152 1338 1193 quinque
1362 1151 1463 1184 codd.
1485 1161 1541 1193 ap.
1569 1151 1715 1193 Cuning.

258 1202 346 1224 unus
368 1193 584 1228 Bersmanni,
609 1202 726 1224 omnes
755 1202 812 1233 ap.
837 1193 931 1233 Jani‚
950 1203 1027 1225 cum
1054 1193 1133 1225 edd.
1158 1194 1299 1226 Veneti.
1317 1196 1414 1226 1478.
1431 1197 1528 1226 1559.
1551 1193 1716 1226 Glarean.

257 1234 376 1268 Lamb.
392 1236 510 1268 Bentl.
526 1235 672 1277 Cuning.
686 1235 811 1267 Sanad.
829 1235 937 1268 Gesn.
953 1235 1072 1268 Jones.
1088 1237 1176 1268 Sivr.
1193 1236 1285 1278 Jani,
1306 1237 1447 1278 Bipont.
1466 1236 1604 1269 Mitscli.
1619 1237 1718 1269 Wet·

912 1321 1056 1354 NOTAE

258 1393 334 1417 esse
347 1383 516 1416 duntaxat
528 1384 711 1423 tuendam3
734 1384 848 1416 Pacem
862 1385 963 1416 duello

258 1435 397 1471 miscuit,
426 1434 524 1466 unius
557 1434 601 1466 ab
629 1435 739 1466 altero
780 1434 963 1465 discrimen

258 1485 347 1516 male
378 1489 545 1524 statuens,
571 1490 753 1525 utrumque
781 1483 961 1516 confudit:

1017 1386 1120 1418 simus
1135 1386 1355 1427 Imperator,’
1367 1389 1435 1419 ὅτε.

1058 1438 1097 1466 41
1125 1435 1242 1466 Fertur
1255 1436 1376 1476 pudice
1387 1436 1538 1476 coniugis,
1552 1435 1624 1476 ξω]
1653 1435 1716 1468 At-

1017 1484 1109 1516 tilius
1136 1485 1192 1516 ille
1220 1485 1370 1526 Regulus
1399 1489 1407 1503 ⁸
1424 1495 1489 1517 nec
1520 1486 1619 1517 uxori
1646 1495 1717 1518 suae

258 1544 336 1566 nam
361 1535 396 1566 in
419 1534 531 1566 medio
554 1534 647 1566 bello
670 1534 802 1574 abjecit
819 1544 913 1566 arma
927 1535 963 1566 in

258 1594 343 1626 pace
368 1589 499 1616 tantum
525 1584 754 1624 deponenda;
778 1589 815 1616 et
845 1585 880 1616 in
907 1594 961 1616 ar-

259 1633 460 1665 dentissimo
483 1633 642 1666 conflictu
667 1635 780 1674 segnis
797 1633 886 1673 fuit;
910 1643 963 1666 se-

260 1693 329 1725 que
351 1689 423 1716 tum
446 1684 534 1716 hosti
561 1684 694 1716 dedidit
715 1693 792 1716 cum
815 1683 963 1716 maxime

259 1734 518 1776 repugnandum
536 1734 671 1766 fuisset.

300 1787 343 1816 39
366 1785 492 1824 Magna
516 1784 694 1826 Carthago]
730 1785 902 1827 Carthago
919 1795 964 1817 aa·

260 1835 351 1866 mula
366 1835 458 1867 urbis
472 1835 566 1867 orbis
578 1835 739 1875 dominae,
755 1836 853 1877 cujus
866 1841 965 1868 tauta

258 1884 324 1916 fuit
341 1885 421 1917 olim
435 1886 601 1927 potentia,
618 1890 657 1917 ut
669 1890 742 1918 tota
758 1885 881 1917 Africa
895 1887 964 1917 cul-

261 1936 351 1967 tiore
367 1936 556 1976 potiretur:
586 1937 620 1968 in
641 1937 810 1978 Hispania
825 1947 906 1970 vero
922 1937 965 1969 ab

260 1984 422 2016 Herculis
449 1986 613 2017 columnis
642 1986 686 2017 ad
722 1996 829 2028 usque
858 1986 967 2028 Pyre·

260 2043 357 2065 naeos
373 2040 505 2066 montes
521 2036 678 2067 maximis
690 2036 890 2068 civitatibus
904 2036 966 2067 im-

259 2088 411 2124 peraret.
457 2084 636 2125 Polybius,
652 2085 790 2118 Strabo.
835 2085 892 2117 Ab
909 2087 964 2117 ΙΕ-

259 2134 400 2166 miliano
421 2134 582 2174 Scipione
597 2135 737 2166 tandem
753 2135 844 2167 bello
858 2136 965 2167 Puni-

261 2193 303 2215 co
318 2184 421 2216 tertio
437 2184 553 2215 excisa
570 2188 606 2215 et
621 2185 632 2202 ⁴
646 2184 743 2215 finita
758 2189 811 2216 est
824 2185 848 2216 :'
865 2190 902 2216 ut
919 2185 966 2217 ait

261 2234 353 2266 Flor.
369 2243 411 2266 11.
425 2236 478 2266 15.
499 2238 509 2252 ·
523 2234 664 2268 Quanta
679 2243 760 2266 vero
775 2234 855 2265 urbs
871 2235 965 2265 dele-

262 2289 299 2322 ta
311 2283 377 2325 sit:
391 2284 505 2325 inquit
519 2283 578 2315 ille
591 2283 674 2316 ibid.
701 2284 712 2302 ‘
726 2283 855 2324 ignium
870 2293 964 2315 mora

260 2334 401 2375 probari
416 2338 534 2375 potest
547 2346 556 2364 z
571 2334 699 2375 quippe
712 2343 773 2375 per
785 2333 964 2365 continuos

263 2383 385 2415 decem
409 2388 446 2415 et
464 2388 597 2424 septem
613 2383 689 2415 dies
713 2383 770 2414 vix
791 2383 966 2424 potnitin-

263 2433 424 2465 cendium
440 2433 620 2474 extingui!

303 2487 346 2515 40
368 2483 477 2515 Altior
504 2483 611 2515 Italiae
638 2482 756 2523 ruinis]
795 2482 883 2515 Post
913 2481 967 2514 fu·

263 2543 337 2565 sum
370 2533 556 2564 Romanum
585 2533 790 2573 exercitum,
812 2536 966 2574 captum-

264 2593 330 2625 que
348 2584 597 2624 Imperatorem
614 2583 796 2624 Regfflum,
817 2582 827 2601 ‘
838 2582 966 2623 spiran-

265 2634 358 2665 tibus
374 2634 476 2665 aitius
491 2632 636 2673 Poenis,'
651 2637 690 2664 ut
704 2633 753 2664 ait
769 2633 860 2664 Flor.
876 2640 918 2663 ιι.
933 2633 965 2663 2.

264 2683 326 2715 cit.
349 2682 407 2714 ubi
423 2687 460 2714 et
482 2683 532 2715 sic
556 2682 722 2714 habetur:
747 2682 759 2700 ‘
773 2682 859 2714 Tum
873 2680 968 2715 foeda

264 2731 392 2772 clades,
422 2732 648 2775 Romanisque
684 2742 748 2765 usu
782 2732 966 2774 incognita.

265 2782 371 2814 Vivus
386 2781 421 2814 in
435 2791 554 2814 manus
575 2783 722 2816 hostium
739 2784 833 2816 venit
851 2782 967 2816 fortis-

1015 1534 1108 1576 loqui
1122 1534 1241 1574 voluit,
1256 1543 1319 1566 uec
1334 1534 1463 1567 intrare
1476 1535 1609 1576 urbem,
1620 1536 1716 1576 quasi

1016 1585 1096 1615 exul
1108 1584 1220 1616 esset!
1236 1585 1318 1617 Dio.
1343 1586 1467 1625 Reguli
1483 1587 1608 1628 conjux
1623 1586 1719 1618 Mar-

1016 1634 1067 1665 tia
1094 1634 1274 1666 dicebatur
1294 1644 1336 1665 ex
1362 1634 1444 1666 Silio
1473 1635 1531 1668 lib.
1559 1644 1608 1667 vr.
1637 1638 1716 1668 403.

1015 1684 1024 1700 ‘
1034 1684 1125 1716 Ecce
1134 1684 1271 1715 trahens
1278 1685 1447 1724 geminum
1459 1690 1616 1718 natorum
1623 1686 1718 1718 Mar-

1017 1735 1065 1768 tia
1089 1735 1227 1776 pignus,
1252 1733 1381 1766 Infelix
1404 1734 1508 1766 nimia
1522 1736 1636 1776 magni
1650 1737 1716 1768 vir·

1017 1790 1095 1817 tute
1124 1785 1248 1824 mariti,
1276 1784 1497 1830 §qualentem
1527 1785 1654 1818 crinem
1682 1791 1720 1819 et

1019 1835 1129 1867 tristis
1153 1834 1330 1867 lacerabat
1345 1834 1502 1867 amictus.
1518 1858 1528 1867 .
1539 1855 1548 1865 .
1563 1856 1573 1871 .
1603 1835 1720 1877 Atque

1019 1894 1061 1916 ea
1087 1888 1265 1926 postquam
1290 1883 1410 1916 habitu
1432 1884 1536 1925 juxta
1564 1889 1602 1916 et
1630 1885 1721 1917 vela-

1019 1935 1110 1966 mine
1125 1934 1232 1966 Poeno
1257 1933 1457 1965 Deformem
1475 1933 1620 1975 aspexit,
1636 1933 1720 1966 fusis

1019 1984 1206 2016 ululatibus
1230 1993 1322 2025 aegra
1344 1983 1502 2024 Labitur,
1523 1988 1560 2016 et
1589 1984 1720 2026 gelidos

1019 2035 1138 2066 mortis
1168 2034 1264 2066 color
1291 2039 1440 2074 occupat
1464 2038 1571 2068 artus.
1587 2055 1597 2065 .
1613 2056 1623 2067 .
1639 2057 1648 2067 .
1664 2043 1721 2066 me

1020 2093 1105 2116 voce
1121 2084 1238 2125 quieta
1252 2082 1404 2124 Affatus‚
1411 2083 1513 2125 jubet
1525 2092 1562 2116 et
1577 2088 1721 2123 vestros,

1019 2137 1055 2165 et
1084 2133 1240 2174 conjugis
1271 2142 1339 2164 una
1368 2134 1498 2165 Arcere
1529 2134 1720 2174 amplexus.

1019 2184 1128 2215 Patet
1155 2182 1425 2224 impenetrabilis
1447 2183 1506 2214 ille
1531 2180 1720 2222 Luctibus:

1018 2235 1082 2264 ὅτε.

1060 2285 1103 2314 42
1131 2283 1177 2314 Ut
1199 2283 1314 2323 capitis
1336 2284 1452 2324 minor]
1477 2283 1602 2324 Capite
1622 2281 1718 2313 dirui-

1019 2335 1135 2371 nutus,
1158 2331 1191 2361 id
1209 2337 1274 2370 est,
1289 2336 1422 2362 mutata
1442 2336 1536 2363 sorte
1552 2337 1588 2363 et
1604 2331 1719 2363 condi·

1020 2380 1126 2413 tione.
1169 2380 1249 2413 Jam
1269 2389 1337 2411 non
1356 2381 1438 2411 civis
1455 2381 1638 2418 Romanus,
1659 2390 1718 2411 ne-

1019 2430 1099 2462 dum
1114 2430 1273 2469 Senator,
1299 2430 1432 2462 scilicet
1450 2429 1559 2462 faetus
1575 2441 1595 2463 e
1610 2431 1718 2464 libero

1019 2490 1150 2520 servus,
1163 2490 1207 2512 ex
1224 2480 1438 2521 Imperatore
1449 2487 1485 2513 et
1497 2482 1594 2513 Duce
1609 2481 1720 2522 capti-

1019 2540 1080 2562 vus
1107 2531 1431 2571 Carthaginensium.
1475 2530 1607 2571 Capitis
1622 2530 1720 2562 dimi-

1018 2582 1115 2613 nutio
1129 2585 1272 2612 vocatur
1296 2580 1415 2621 prioris
1440 2583 1548 2612 status
1563 2581 1719 2613 mutatio.

1019 2631 1132 2672 Caput
1157 2630 1246 2662 enim
1270 2634 1396 2661 statum
1419 2629 1599 2671 siguificat.
1644 2630 1719 2662 Cic.

1017 2682 1106 2722 Top.
1128 2681 1187 2713 ‘Si
1209 2680 1330 2712 mulier
1354 2684 1597 2712 testamentum
1621 2680 1719 2721 fecit,

1017 2741 1094 2774 quae
1123 2740 1160 2763 se
1192 2731 1306 2772 capite
1335 2739 1505 2772 nunquam
1533 2729 1719 2769 diminuit‚’

1019 2781 1055 2815 id
1070 2785 1137 2824 est,
1151 2791 1226 2824 quae
1242 2790 1305 2823 per
1321 2780 1514 2822 conjugium
1524 2779 1560 2813 in
1571 2779 1636 2813 viri
1647 2788 1718 2812 ma·
