1916 3190
197 233 282 275 302

679 242 722 280 Q.
754 241 963 272 HORA'ru
999 241 1172 272 FnAcct

431 336 590 378 Rebus
613 337 807 390 angustis
826 337 1054 378 animosus
1075 340 1206 391 atque

431 405 579 446 Fortis
599 417 793 459 appare3
825 404 1049 457 sapienter
1068 403 1187 445 idem

430 472 684 524 Contrahes·
696 477 835 514 vento>
849 472 1036 513 nimium
1056 471 1253 514 secundo

770 540 968 595 Turgida
987 540 1101 582 vela.

197 642 231 671 et
243 641 432 672 constantem
446 639 557 671 exhibe
566 649 578 671 .·
598 649 675 671 aura
691 648 762 672 vero
774 639 913 681 propitia
928 638 994 680 ipse
1005 639 1177 679 prudenter
1191 637 1382 677 constringes
1396 639 1464 671 vela
1485 638 1656 679 plusculum

201 682 326 724 inflata.

806 733 1044 747 &mmm

199 779 242 809 23
268 777 416 810 Contineo
429 782 521 810 vento
536 778 570 809 in
587 788 652 810 uno
668 784 787 810 vetere
803 778 892 810 libro
908 778 1039 819 reperit
1052 777 1194 809 Canter.
1207 775 1296 809 unde
1310 777 1367 809 ille
1380 776 1471 809 Nov.
1482 778 1593 809 Lectt.
1605 786 1657 809 lv.

199 822 231 853 2.
244 821 334 862 conj.
359 821 493 853 Contine
507 825 610 853 vento.
631 822 642 839 ‘
656 821 887 854 Intolerabilis
902 820 1033 853 lectio.’
1054 820 1144 851 Jani.

863 895 894 928 N
901 894 1005 928 01·AE

202 966 239 994 et
262 959 398 1002 sagittis
422 959 549 1000 Apollo
573 957 768 1000 haecss‘ponit
798 960 904 991 inter-

203 1011 296 1052 dum,
311 1015 348 1042 et
363 1010 406 1042 ad
422 1009 630 1041 hilaritatem
646 1015 814 1051 provocat
827 1011 906 1041 Mu-

201 1072 268 1098 sas,
292 1061 458 1093 citharam
475 1059 567 1100 prior
581 1059 754 1100 accipiens
770 1064 807 1091 et
831 1059 905 1100 pul-

202 1121 292 1144 sans.
336 1110 443 1142 Paean
460 1119 480 1140 a
499 1107 612 1149 παίειν,
631 1109 747 1150 ferire,
774 1108 906 1150 dictus3

201 1172 246 1195 ex
263 1162 379 1193 Festo.
425 1161 536 1201 Neque
561 1169 680 1201 semper
702 1169 811 1191 arcum
827 1159 907 1191 Ten-

200 1213 265 1255 dit]
291 1213 371 1245 Non
386 1220 523 1252 semper
535 1213 649 1242 nocet.
672 1210 830 1242 Macrob.
846 1210 906 1242 Sa-

202 1268 294 1295 turn.
326 1272 352 1294 ι.
378 1265 431 1295 17.
455 1267 463 1280 ·
479 1260 675 1302 Apollinem
697 1259 906 1300 adoramus,’

202 1313 324 1355 inquit,
353 1310 638 1354 ‘cognominibus
667 1309 769 1342 modo
799 1310 907 1351 sospi-

203 1368 323 1402 tatem,
339 1362 440 1394 modo
463 1366 595 1402 pestem
611 1359 908 1401 significantibus!

201 1412 292 1444 Vide
305 1422 330 1444 ι.
348 1411 417 1443 Od.
434 1413 487 1442 12.
498 1412 553 1442 23.
597 1410 812 1450 pingebatur
826 1410 907 1442 olim

203 1462 330 1504 Apollo
345 1460 470 1493 dextra
485 1460 635 1496 Gratias,
653 1460 742 1492 laeva
764 1460 907 1500 sagittas

203 1517 241 1545 et
256 1522 372 1545 arcum
389 1517 535 1550 tenens;
565 1511 655 1552 quod
681 1510 781 1542 modo
804 1510 907 1542 radiis

205 1567 243 1595 et
270 1563 386 1594 calore
413 1566 569 1592 naturam
599 1565 735 1593 recreet
759 1570 799 1591 ac
827 1560 908 1591 beet

204 1612 417 1651 nniversam3
441 1610 541 1642 modo
565 1614 672 1642 aestus
699 1609 909 1650 immodicos,

205 1662 354 1701 morbos,
368 1661 459 1692 luem
475 1660 606 1702 gignat.

248 1714 290 1743 23
316 1711 490 1742 Contrane-3
512 1714 604 1743 vento
625 1710 756 1742 nimium
776 1711 909 1742 secundo

208 1762 349 1802 Turgida
376 1760 461 1801 vela]
500 1761 537 1792 Si
566 1770 734 1802 prospero
763 1759 908 1792 fortunae

204 1812 310 1845 utaris
332 1810 430 1849 flatu,
455 1811 545 1854 quod
568 1811 616 1843 ait
636 1810 778 1849 Tullius,
801 1810 831 1843 si
853 1820 908 1844 res

957 958 1067 991 fluant
1077 959 1121 991 ad
1132 959 1325 995 arbitrium,
1335 967 1380 990 ne
1389 957 1563 1000 superiora
1574 967 1659 989 sem-

959 1019 1022 1050 per
1050 1014 1088 1041 et
1114 1009 1278 1041 ulteriora
1306 1017 1534 1050 prosequere:
1556 1009 1660 1040 immo

960 1059 1181 1092 ambitionem
1211 1059 1333 1091 coerce
1362 1063 1399 1091 et
1419 1059 1663 1099 arrogantiam,

961 1109 1050 1141 unde
1066 1108 1131 1141 tibi
1146 1109 1193 1141 sit
1210 1111 1317 1142 ruinae
1333 1119 1446 1142 cansa.
1489 1109 1662 1143 Quemad-

961 1159 1098 1191 modum
1113 1165 1242 1201 nautae,
1264 1170 1343 1193 cum
1364 1159 1510 1192 remittit
1526 1164 1662 1199 ventus,

961 1210 1121 1252 expansis
1143 1211 1229 1242 velis
1256 1215 1399 1253 captant
1421 1219 1558 1243 euram:
1582 1214 1619 1242 at
1633 1210 1662 1241 si

961 1261 1197 1294 vehementior
1232 1262 1370 1303 evadat,
1406 1261 1485 1294 vela
1527 1266 1664 1293 contra-

958 1312 1045 1344 hunt
1065 1322 1075 1351 3
1106 1321 1149 1343 ne
1180 1312 1347 1345 validiore
1370 1312 1506 1354 abrepti
1529 1312 1661 1352 impetu

959 1362 1072 1393 navim
1087 1362 1176 1394 haud
1193 1363 1323 1404 possint
1344 1371 1479 1404 regere,
1504 1366 1608 1403 atque
1624 1362 1661 1392 in

960 1413 1119 1453 scopulos
1144 1413 1376 1454 impellantur,
1405 1411 1662 1453 illidanturqne.

961 1461 1067 1494 Ovid.
1096 1462 1200 1494 Trist.
1226 1471 1284 1494 ιιι.
1307 1466 1339 1495 4.
1353 1465 1407 1493 31.
1430 1463 1440 1479 ‘
1455 1461 1505 1493 Tu
1525 1469 1661 1503 quoque

961 1511 1112 1543 formida
1146 1512 1285 1544 nimium
1317 1511 1474 1544 sublimia
1501 1521 1661 1552 semper:

962 1562 1204 1604 propositique
1234 1571 1357 1603 precor
1384 1561 1549 1594 contrahe
1586 1562 1662 1593 vela

962 1611 1034 1643 tui?
1076 1611 1251 1643 Isocrates
1263 1611 1306 1643 ad
1319 1612 1547 1643 Demonicum
1561 1621 1570 1641 z
1586 1611 1662 1642 oth-²

962 1659 1104 1700 εὓτυχῶν
1117 1659 1298 1701 περιχαρὴς,
1314 1660 1387 1692 οὔτε
1399 1661 1564 1701 δυστυχῶν
1577 1659 1662 1700 περί-

961 1715 1060 1741 λυπος
1073 1708 1140 1754 ἔσῃ.
1187 1710 1297 1751 Neque
1311 1710 1418 1742 beatu
1430 1719 1527 1751 supra
1538 1712 1662 1743 modum

962 1761 1081 1791 exultes
1091 1770 1104 1798 ;
1129 1769 1226 1800 neque
1254 1759 1466 1798 infortunatus
1485 1761 1553 1792 eine
1573 1761 1662 1791 modo

961 1819 1091 1842 nioereas
1105 1813 1136 1843 et
1150 1809 1357 1842 contristeris.

760 1999 763 2001 Α
813 1943 944 1986 om:
986 1943 1080 1985 XI.

711 2036 776 2068 AD
808 2038 853 2075 Q.
886 2037 1163 2068 HlRPtNUM.

207 2102 387 2137 Quintium
413 2102 597 2143 Hirpinum
621 2102 766 2134 amicum
789 2113 886 2134 suum
910 2103 1080 2142 hortatur,
1103 2108 1153 2143 ut,
1177 2103 1364 2135 accedente
1379 2104 1453 2144 jam
1475 2107 1666 2143 senectute,

271 2165 371 2188 curas
385 2159 455 2188 tam
471 2155 626 2196 publicas
642 2165 742 2197 quam
754 2156 905 2197 privatas
919 2157 1039 2188 missas
1050 2155 1170 2196 faciat,
1185 2161 1221 2188 et
1234 2156 1399 2198 hilaritati
1415 2165 1451 2188 oe
1465 2155 1590 2187 tradat.

437 2229 575 2281 Qum
597 2230 839 2272 bellicosus
861 2230 1081 2273 Cantaber
1102 2235 1147 2272 et
1167 2230 1375 2285 Scythes,

256 2320 286 2351 0
298 2318 411 2355 Quinti
426 2318 579 2360 Hirpine,
601 2318 705 2350 desine
722 2319 900 2360 percontari
913 2319 988 2361 quid
1001 2318 1168 2351 meditetur
1182 2318 1258 2351 bello
1271 2322 1417 2350 strenuus
1441 2318 1610 2359 Cantaber,
1624 2328 1661 2350 ac

820 2394 839 2406 0

1033 2391 1054 2403 O

254 2445 333 2478 Ode
354 2446 487 2478 decima
511 2450 634 2487 quarta
659 2446 752 2479 Libri
778 2447 890 2489 quarti
914 2447 951 2479 in
976 2447 1137 2479 Editioue
1159 2446 1285 2478 Sanad.
1327 2446 1534 2478 Inscribitur
1549 2446 1604 2478 Aa
1620 2447 1661 2483 Q.

215 2489 387 2530 Hirpinum
395 2489 429 2520 in
440 2489 556 2520 Lamb.
564 2490 668 2531 Cruq.
681 2494 716 2521 et
732 2490 885 2530 plurimis
897 2490 976 2522 edd.
987 2490 1041 2522 Aa
1051 2489 1233 2526 Quinctium
1245 2489 1418 2529 Hirpinum
1426 2489 1495 2520 dno
1503 2490 1662 2521 Torrent.

214 2532 267 2563 Aa
284 2532 467 2568 Quinctium
479 2531 664 2572 Hirpinum,
671 2533 710 2563 de
717 2533 791 2564 laeta
799 2532 866 2564 vita
876 2532 1018 2565 venett.
1031 2533 1177 2564 Locher.
1188 2536 1224 2563 et
1234 2531 1375 2563 Ascens.
1383 2532 1436 2564 Aa
1443 2531 1610 2563 Evina-tum
1619 2533 1660 2568 Q.

213 2574 388 2616 Hirpinum
395 2575 549 2617 quaedam
558 2574 637 2607 edd.
645 2580 809 2617 corrupte
819 2586 828 2608 ς
839 2577 889 2608 Ad
898 2575 1068 2612 Quinclum
1077 2575 1257 2616 Crispinum
1267 2574 1337 2606 vult
1344 2575 1447 2616 Cruq.
1463 2573 1552 2606 Vide
1559 2574 1602 2606 ad
1613 2584 1661 2606 vs.

869 2646 901 2678 N
907 2645 1010 2678 0¹1*AE

255 2695 406 2726 Mettum
422 2695 511 2727 idem
527 2697 618 2738 qnod
634 2706 736 2739 supra
751 2707 775 2730 1.
792 2697 861 2731 Od.
877 2701 909 2731 9.

257 2747 274 2776 l
301 2743 385 2780 Quid
402 2744 563 2778 bellicosus
578 2748 751 2788 Cantaber,
763 2749 834 2791 ξω]
856 2748 911 2781 Ne

964 2703 1035 2730 tam
1060 2697 1162 2730 anxie
1185 2707 1329 2740 quaeras,
1353 2707 1374 2729 ο
1391 2697 1553 2738 Hirpine,
1577 2695 1662 2738 quid

964 2749 1146 2782 moliantur
1161 2748 1271 2780 exteri
1287 2748 1405 2789 populi
1422 2751 1543 2779 contra
1559 2746 1662 2778 Rem-
