1916 3190
263 247 349 290 308
741 259 783 297 Q.
817 258 1028 290 ΗοηΑΤιι
1064 259 1237 290 ηΑοοι

494 354 637 397 Poeno
660 367 928 408 purpureum
949 354 1178 406 sanguine,
1199 353 1403 396 mollibus

663 420 826 475 Aptari
845 421 1023 463 citharae
1045 420 1215 472 modis;

492 490 591 535 Nec
612 502 759 531 saevos
780 490 1012 543 Lapitham,
1031 494 1077 530 et
1094 489 1276 530 nimium
1298 501 1418 530 mero
1694 489 1723 530 5

492 556 724 610 Hylaeum,
746 556 1023 610 domitosque
1044 555 1272 598 Herculea
1290 569 1425 598 manu

490 624 683 666 Telluris
706 624 907 678 juvenes,
929 624 1045 665 unde
1066 624 1311 677 periculum

664 691 856 745 Fulgens
876 692 1137 732 contremuit
1157 690 1316 732 domus

491 759 669 800 Saturni
688 760 861 800 veteris.
907 759 1065 812 Tuque
1086 758 1366 812 pedestribus

490 827 628 868 Dices
647 826 844 868 historiis
872 825 1031 879 praelia
1051 825 1261 876 Caesaris,
1666 827 1723 869 10

259 946 399 988 mantia,
415 948 466 979 vel
478 956 597 979 soevum
617 947 843 984 Hannibalem,
869 946 918 976 vel
940 956 1025 977 mare
1038 945 1159 977 Siciliae
1181 946 1479 986 Carthaginensium
1500 953 1610 976 cruore
1635 942 1721 974 rubi-

260 991 408 1029 cundum,
419 990 468 1021 vel
484 990 634 1021 immanes
649 989 817 1029 Lapithas,
831 991 862 1019 et
877 987 1028 1030 Hylaeum
1044 989 1116 1019 vino
1131 989 1378 1029 immoderatum,
1390 991 1422 1020 et
1435 987 1578 1020 subactu
1592 986 1719 1018 Hercu-

259 1031 301 1062 lis
314 1033 430 1063 dextra
433 1031 526 1074 filios
538 1035 643 1071 terrae,
659 1041 679 1062 a
694 1030 804 1071 quibus
815 1031 932 1061 cladem
943 1030 1051 1062 timuit
1064 1031 1173 1062 domus
1185 1031 1347 1071 splendens
1361 1029 1485 1071 antiqva
1499 1029 1644 1061 Saturni.
1674 1028 1721 1059 Tu

258 1083 331 1106 vero
342 1075 500 1106 Moecenas
512 1075 626 1106 solutis
635 1073 870 1105 namtionibue
885 1072 1002 1112 referes
1019 1074 1250 1105 convenientius
1262 1073 1341 1105 bella
1355 1073 1507 1113 Cauris,
1517 1081 1554 1103 ac
1565 1080 1655 1111 reges
1668 1079 1721 1102 eu·

864 1169 881 1180 o

258 1236 338 1268 Lat.
356 1235 412 1270 ed.
429 1236 567 1269 Harles.
584 1247 617 1277 p.
634 1239 775 1268 110.-4
792 1235 915 1277 Aptare
931 1237 1034 1269 Dess.
1050 1239 1081 1268 2.
1097 1237 1193 1278 Lips.
1209 1239 1238 1268 1.
1255 1241 1290 1267 et
1306 1235 1516 1268 [melnen—5
1532 1233 1643 1267 Codd.
1659 1243 1716 1275 ap.

258 1279 340 1312 Jani
357 1279 510 1310 variant:
527 1279 699 1321 Laphytas,
714 1279 883 1320 Laphitae,
897 1279 1070 1321 Lapythas,
1087 1280 1176 1312 sicut
1189 1289 1214 1311 1.
1230 1279 1300 1311 od.
1314 1282 1367 1311 18.
1379 1281 1413 1311 8.
1433 1279 1443 1296 ‘
1459 1277 1587 1309 Parum
1607 1276 1720 1317 abest,

260 1322 343 1362 quin
363 1321 560 1360 Horatium,
577 1323 633 1362 qui
651 1331 843 1353 sermonem
867 1332 962 1353 suum
987 1322 1159 1362 poeticum
1177 1322 1226 1353 sic
1243 1322 1382 1362 penitus
1398 1331 1417 1353 e
1433 1320 1562 1353 Groeco
1577 1318 1727 1351 formas·-

259 1368 327 1403 set,
340 1364 517 1405 scripsisse
534 1365 702 1404 suspicer,
717 1365 850 1395 nimium
865 1364 967 1396 meri!
982 1364 1142 1396 ‚lauh—6
1159 1364 1269 1397 Codd.
1287 1374 1342 1405 ap.
1355 1363 1437 1397 Jani
1451 1372 1488 1395 et
1504 1363 1549 1395 al.
1562 1363 1696 1394 variant
1706 1372 1716 1392 ε

258 1405 410 1446 Ηῃῑεαηι,
426 1406 568 1445 Hileum,
583 1407 738 1444 Hiloeum,
753 1407 868 1443 Reum,
889 1407 1013 1438 Yleum.
1057 1407 1184 1438 Similis
1206 1405 1281 1438 fere
1298 1407 1442 1438 varietas
1458 1407 1492 1437 in
1509 1406 1673 1445 Proper-t.
1690 1413 1718 1435 ι.

259 1450 291 1479 l.
309 1450 361 1480 13.
385 1448 444 1480 ubi
460 1449 539 1481 vide
555 1449 674 1480 Burin.
690 1454 726 1481 et
742 1449 902 1481 Kuinoel.
927 1449 1053 1481 Ὑλαῖος
1069 1449 1217 1481 Graecis.
1238 1446 1409 1480 domito-sve
1425 1447 1573 1488 Cuning.
1589 1445 1716 1479 Sanad.

924 1534 1066 1566 NOTAE

257 1595 443 1628 inhumana
476 1596 675 1637 crudelitas,
699 1596 844 1637 perfidia
872 1597 962 1638 plus-

258 1656 360 1688 quam
380 1646 534 1686 Punica;
567 1647 616 1678 nil
641 1647 725 1688 veri,
751 1646 799 1678 nil
825 1646 961 1687 sancti,¹

259 1699 323 1729 &c-

301 1747 443 1779 Siculum
461 1757 546 1779 mare
563 1748 658 1779 Poeno
676 1755 870 1788 purpureum
890 1756 962 1779 san·

255 1798 368 1838 guine]
392 1799 432 1830 C.
451 1798 596 1830 Duillius
613 1798 737 1830 consul
753 1798 786 1829 in
802 1797 887 1831 mari
908 1798 960 1829 Si-

257 1850 334 1881 culo
372 1850 500 1890 primus
536 1849 686 1880 omnium
717 1848 961 1890 Carthaginen-

257 1908 311 1931 ses
341 1900 452 1931 navali
483 1901 603 1941 praelio
632 1899 821 1940 superavit,
849 1899 961 1940 captis

256 1948 399 1980 navibus
437 1950 589 1990 triginta,
625 1949 743 1981 mersis
782 1949 962 1990 tredecim,

258 1999 368 2030 tribus
384 1999 557 2030 homInum
578 1999 677 2030 caesis
702 1999 865 2038 millibus,
881 2009 960 2040 cap-

258 2048 303 2079 tis
316 2053 462 2089 septem.
507 2048 609 2080 Unde
627 2053 816 2089 perpetuus
840 2048 889 2079 illi
902 2049 960 2079 ho*-

257 2107 318 2129 nos
330 2098 466 2130 habitus
481 2103 549 2138 est,
564 2102 602 2129 ut
623 2097 815 2129 revertenti
828 2107 848 2128 a
862 2107 959 2129 coena

255 2148 417 2179 tibicines
431 2148 674 2189 praecinerent,
688 2152 724 2179 et
738 2147 855 2179 funale
871 2157 960 2188 prae-

257 2197 421 2230 ferretur.
445 2198 563 2231 Aurei.
584 2198 707 2230 Victor
727 2198 770 2229 de
797 2197 891 2229 Viris
917 2198 962 2229 Il·

258 2248 357 2281 lusfr.
370 2248 470 2280 Oros.
484 2258 535 2280 ιν.
550 2251 582 2280 7.
594 2249 686 2279 Flor.
705 2257 746 2279 11.
760 2251 793 2279 2.
809 2251 874 2279 ὅτε.

301 2303 321 2330 5
345 2299 455 2331 Soevos
475 2299 644 2340 Lapithas]
667 2297 758 2330 Vide
778 2307 804 2329 1.
820 2298 890 2332 Od.
906 2301 959 2331 18.

261 2353 293 2381 8.
309 2349 413 2382 Ovid.
426 2349 514 2380 Met.
533 2358 602 2380 xn.
617 2351 692 2380 220.
730 2381 734 2386 ,

303 2399 449 2430 Nimium
459 2408 542 2429 mero
554 2398 720 2440 Hylaeum]
737 2399 766 2429 E
778 2398 959 2430 Centauris

259 2459 361 2481 unum
378 2449 448 2480 vini
465 2453 549 2489 potu
570 2449 674 2479 nimio
697 2448 843 2487 ebrium,
863 2453 961 2489 petu-

257 2501 399 2539 lantem,
415 2498 614 2540 superbum,
629 2497 858 2529 libidinosum.
883 2498 960 2529 Vir·

259 2551 318 2591 gil.
347 2550 454 2581 Geor.
480 2557 521 2580 11.
544 2551 620 2580 457.
645 2549 655 2564 ⁴
673 2548 718 2579 Et
743 2557 866 2588 magno
889 2547 967 2589 Hy-'

257 2600 358 2631 laeum
376 2598 530 2639 Lapithis
540 2603 676 2629 cratere
692 2597 899 2630 minantem.’

301 2652 322 2680 6
346 2649 550 2690 Domitosque
567 2648 725 2680 Herculea
743 2657 835 2679 manu
857 2648 959 2679 Tellu-

257 2698 455 2740 rujam-erues]
482 2699 651 2739 Gigantes
666 2699 778 2729 Terrae
798 2697 859 2729 filii
874 2698 960 2730 dicti

259 2749 304 2782 ob
315 2750 487 2789 ingentem
499 2750 652 2792 corporis
669 2750 804 2791 molem,
814 2751 961 2790 γηγενεῖς

259 2800 401 2833 Homer.

1056 1600 1076 1629 ⁷
1097 1598 1189 1629 Unde
1197 1597 1368 1638 periculum
1382 1596 1519 1635 Fulgem
1531 1595 1718 1627 contremuit

1013 1649 1122 1679 domus
1137 1647 1271 1679 Saturni
1285 1646 1416 1687 veterio]
1443 1645 1476 1678 A
1490 1646 1612 1688 quibus
1629 1646 1720 1686 peri-

1015 1698 1129 1729 culum
1151 1697 1341 1729 timuerunt
1361 1697 1435 1733 Dii,
1450 1700 1628 1738 totumque
1649 1706 1718 1728 coe-

1016 1749 1085 1779 lum
1100 1748 1318 1787 contremuit,
1333 1756 1411 1778 cum
1434 1746 1483 1777 illi
1506 1746 1633 1779 bellum
1647 1756 1719 1779 mo-

1017 1804 1159 1838 verent;
1177 1802 1213 1830 at
1227 1798 1386 1830 Herculis
1402 1796 1528 1828 auxilio
1544 1796 1720 1829 domitiac

1016 1848 1182 1880 debellati
1207 1853 1299 1880 sunt.
1335 1847 1425 1879 Vide
1447 1847 1591 1880 Diodor.
1615 1847 1719 1879 Sicnl.

1015 1898 1076 1931 lib.
1094 1908 1130 1931 v.
1146 1902 1184 1930 et
1199 1903 1320 1940 postea
1335 1897 1405 1930 Od.
1417 1905 1497 1930 xix.
1513 1898 1612 1939 hujus
1627 1897 1719 1930 libri.

1057 1952 1079 1981 9
1094 1949 1230 1981 Saturni
1243 1948 1375 1990 veteris]
1390 1948 1481 1982 Quia
1493 1948 1622 1990 primus
1637 1952 1719 1979 ante

1014 1999 1137 2032 Jovem
1150 1999 1322 2039 regnavit.
1345 1999 1438 2031 Hinc
1454 2002 1491 2030 et
1506 1998 1629 2039 Virgil.
1641 1997 1720 2031 AEu.

1017 2057 1086 2080 vn.
1104 2051 1177 2079 180.
1191 2050 1202 2067 ‘
1217 2050 1454 2090 Saturnusque
1470 2050 1599 2080 senex)

1058 2098 1162 2138 Tuque
1172 2094 1384 2138 pedestribus]
1407 2100 1454 2130 Et
1469 2103 1566 2130 certe
1581 2098 1655 2139 ipse
1670 2103 1721 2140 tu,

1014 2147 1205 2187 Maecenas,
1219 2148 1340 2179 melius
1356 2153 1394 2178 et
1412 2148 1564 2179 ornatius
1588 2146 1717 2179 referes

1014 2197 1153 2237 egregia
1179 2197 1326 2229 Caesaris
1351 2195 1506 2228 facinora
1533 2200 1571 2228 et
1598 2196 1717 2228 trium-

1015 2247 1112 2286 phos.

1057 2296 1262 2328 Pedestribus
1281 2297 1439 2338 historiis]
1463 2296 1577 2328 Prosa
1590 2297 1716 2329 oratio-

1014 2356 1057 2378 ne
1071 2358 1080 2386 ;
1102 2357 1202 2389 quarn
1219 2348 1336 2379 Graeci
1356 2346 1456 2387 πεζὸν
1469 2346 1570 2387 λόγον
1586 2348 1717 2389 dicunt,

1013 2402 1134 2429 contra
1144 2397 1282 2428 Poesim
1293 2396 1617 2437 {noxomorationem
1625 2407 1715 2440 equo

1015 2449 1108 2480 velut
1122 2448 1346 2487 insidentem3
1363 2449 1564 2489 solitamque
1577 2449 1716 2480 recitari

1014 2498 1046 2538 ἐξ
1057 2497 1182 2538 ἁμάξης,
1195 2497 1383 2539 ἐξάρματος,
1394 2509 1411 2530 e
1423 2508 1528 2539 curm,
1537 2509 1554 2530 e
1562 2500 1716 2540 plaustr-03

1014 2553 1049 2580 et
1071 2549 1243 2591 quadrigis
1266 2550 1359 2580 velut
1381 2549 1566 2581 invectam.
1612 2550 1714 2582 Unde

1014 2599 1088 2631 Cic.
1105 2598 1147 2630 ad
1163 2599 1283 2632 Quint.
1297 2599 1465 2639 Fratrem,
1477 2608 1518 2630 n.
1531 2602 1582 2631 14.
1599 2603 1609 2618 ‘
1621 2601 1715 2633 Quo-

1013 2650 1102 2680 niam
1117 2650 1150 2680 in
1165 2649 1230 2680 isto
1243 2649 1379 2681 homine
1403 2649 1547 2681 colendo
1570 2654 1641 2682 tam
1663 2650 1714 2684 in—

1013 2699 1157 2730 dormivi
1172 2699 1242 2739 diu,
1255 2703 1291 2731 te
1307 2699 1499 2731 mehercule
1513 2700 1638 2741 saepius
1653 2703 1713 2732 ex'·

1013 2749 1157 2790 estante,
1181 2758 1284 2780 cursu
1307 2749 1475 2790 corrigam
1499 2750 1711 2790 tarditatem,⁴

1013 2804 1085 2832 tum
1101 2799 1196 2843 equis
1213 2802 1283 2832 tum
1299 2809 1381 2832 vero
1397 2798 1710 2843 (quoniam-crisin
