1916 3190
639 255 911 289 estanum
949 254 1047 288 mn.
1079 254 1133 286 11.
1161 244 1233 286 13.

1574 241 1661 285 313

441 352 724 408 Quicumque
743 353 948 407 primum,
968 355 1015 393 et
1032 349 1251 403 sacrilega
1268 361 1404 391 manu

497 420 733 471 Produxit,
753 420 901 473 arbos,
921 419 968 460 in
987 423 1199 473 nepotum

551 487 799 530 Perniciem
820 484 1195 542 opprobriumque
1213 483 1332 539 pagi.

437 555 571 597 Illum
590 558 635 596 et
653 555 847 609 parentis
867 553 1127 595 crediderim
1146 551 1220 593 sui
1632 551 1662 592 5

438 621 643 674 Fregisse
661 621 895 670 cervicem,
913 623 958 661 et
976 617 1224 673 penetralia

492 687 726 743 Sparsisse
745 691 966 728 nocturno
986 698 1140 728 cruore

553 753 776 807 Hospitis.

207 890 387 922 adraim

834 752 919 794 Ille
938 765 1107 794 venena
1122 750 1304 801 Colcha,

402 859 609 932 posterorum,
623 898 661 920 ac
673 887 736 920 vici
749 888 891 920 aedem.
937 887 1022 919 Εκιιι
1040 887 1135 919 etim
1153 887 1259 927 patris
1280 887 1332 919 sui
1350 889 1465 927 guttur
1474 886 1660 928 proesocusse

206 933 407 974 crediderim,
427 935 520 973 atque
540 933 649 963 donas
670 930 822 962 interiora
845 930 996 970 sanguin
1019 929 1152 971 hospitis
1179 933 1271 962 nocta
1296 931 1452 971 polluisse.
1496 930 1531 961 Is
1554 930 1659 961 toxica

207 1090 331 1130 nefasto
344 1091 437 1132 conj.
451 1091 561 1123 With.
605 1091 665 1123 1112
678 1094 713 1122 ut
726 1090 849 1128 nefasto
864 1099 936 1121 var.
950 1090 1034 1121 lect.
1046 1099 1103 1130 ap.
1112 1089 1233 1122 Jones.
1234 1091 1298 1121 -2
1322 1089 1660 1130 Quia-unquentum

208 1134 364 1173 sacrilega
387 1133 523 1166 emend.
547 1133 683 1165 Marcil.
707 1138 744 1164 et
770 1133 819 1164 sic
840 1132 929 1164 Sivr.
952 1137 1074 1164 contra
1098 1141 1216 1163 omnes
1238 1130 1340 1163 codd.
1366 1137 1403 1162 et
1423 1131 1504 1163 edd.
1530 1136 1658 1162 vett.—

209 1178 229 1206 ³
252 1175 413 1208 Per-duxit
428 1177 525 1208 Dess.
540 1177 572 1207 2.
594 1179 626 1207 et
639 1185 715 1217 nepo

717 1179 783 1207 tum
794 1184 881 1206 nnus
894 1174 1098 1206 Bersmanni
1112 1178 1149 1206 et
1168 1174 1267 1206 Dess.
1278 1176 1312 1205 2.
1334 1177 1366 1205 et
1379 1177 1523 1215 nepetam
1534 1173 1569 1204 in
1578 1173 1659 1204 Per-

207 1217 321 1250 nicien-
335 1218 482 1260 Cuning.
483 1220 548 1249 —8
573 1218 731 1258 Colchica,
744 1218 816 1250 sive
833 1216 1013 1258 Cholchica,
1033 1225 1150 1249 omnes
1163 1216 1322 1249 Torrent-
1339 1216 1453 1258 Lipss.
1467 1216 1567 1249 Harl.
1580 1218 1612 1247 2.
1626 1217 1660 1245 4

866 1322 1009 1355 NOTAE

207 1396 293 1428 Rem
307 1405 390 1428 vero
402 1400 511 1429 totam
526 1397 610 1428 mira
619 1397 828 1439 expolitione
839 1406 907 1428 am·

203 1444 347 1488 plitieat.
382 1446 472 1478 'rnen
484 1446 528 1478 de
543 1447 644 1478 variis
653 1448 808 1479 bumana
822 1446 905 1478 vitae

204 1494 341 1527 ensibus
356 1494 447 1527 belle
462 1495 612 1528 disserit.
649 1497 818 1539 Denique,
835 1497 906 1528 vel·

203 1550 244 1578 ut
263 1547 299 1578 ἐν
319 1546 464 1588 παρέργῳ
482 1552 520 1580 et
539 1547 674 1589 παρόδῳ,
689 1548 905 1581 occasionem

203 1596 326 1638 arripit
342 1597 450 1630 Alcaei
472 1603 512 1630 et
533 1599 692 1640 Sapphus
715 1609 830 1631 versus
846 1609 906 1632 ex·

204 1646 368 1679 tollendi:
391 1649 503 1680 omnia
524 1649 662 1689 quidem
678 1658 746 1680 non
758 1649 830 1679 sine
845 1649 906 1680 mi-

203 1695 304 1727 rabili
320 1696 478 1729 artificio.
514 1698 642 1729 Valeat
656 1707 739 1739 ergo
754 1698 907 1738 Scaliger

206 1745 265 1786 qui
290 1751 328 1777 et
348 1746 383 1776 in
412 1747 500 1778 banc
523 1747 683 1779 eximiam
707 1747 811 1780 Oden
834 1753 906 1789 sty-

204 1794 275 1825 lum
291 1801 389 1827 suum
405 1797 556 1835 strinxit,
571 1802 609 1829 ut
629 1797 765 1830 dicetur
780 1797 823 1829 ad
838 1798 906 1829 cal·

208 1852 296 1875 cem.

249 1893 399 1934 Nesatto]
423 1895 515 1928 Quid
532 1897 670 1937 proprie
689 1895 735 1927 sit
750 1895 905 1928 nefastus

206 1942 295 1983 dies,
305 1943 339 1975 in
354 1954 420 1986 quo
436 1945 596 1977 nimirum
610 1946 748 1978 Praetor
760 1946 825 1979 Jus
835 1956 906 1979 non

206 1994 361 2034 dicebat,
392 1995 484 2027 Gall.
511 1996 586 2039 ,ἱρω-
616 2006 679 2029 aon
699 1997 906 2038 plaidoyaue,

207 2044 312 2077 docet
325 2045 647 2079 Ovid.Fast.r.-1⁷.
682 2047 775 2078 ‘lue
790 2046 905 2079 nefas-

207 2099 263 2126 tm
276 2096 356 2135 erit,
379 2105 441 2136 per
461 2106 561 2138 quem
585 2097 654 2128 tria
678 2097 783 2129 verba
803 2098 905 2129 silen-

206 2144 286 2177 tur-¹
322 2145 472 2187 Scilicet,
486 2145 544 2184 do,
557 2146 648 2186 dieo,
658 2146 794 2179 addico.
817 2147 906 2180 Con-

204 2200 259 2227 tra
271 2194 342 2226 dies
360 2194 481 2234 fastus,
501 2196 594 2228 Gall.
607 2196 685 2235 jour
703 2195 907 2231 d‘Andience.

205 2244 309 2277 Ovid.
334 2244 418 2278 ibid.
447 2246 457 2263 ‘
472 2246 594 2285 Fastus
624 2247 692 2278 erit
720 2256 782 2288 per
806 2257 908 2290 quem

203 2295 280 2336 lege
302 2294 419 2327 licebit
440 2295 522 2336 agi!
557 2295 608 2328 At
630 2302 800 2338 praeterea
821 2301 832 2316 ‘
845 2308 904 2330 ne-

202 2343 314 2377 fastus
332 2344 432 2383 dies:
454 2350 492 2376 nt
519 2350 556 2377 et
575 2346 640 2378 hoc
665 2347 801 2379 Horatii
816 2348 905 2389 loco,

155 2407 157 2409 ¹
202 2394 374 2435 siguificat
386 2393 647 2435 infortunatum,
662 2402 700 2428 et
715 2398 803 2429 male
821 2398 904 2430 omi-

203 2451 339 2486 natum:
352 2445 477 2483 ,Graeci
493 2446 674 2488 ἀποφράδας
692 2447 817 2489 ἡμέρας,
836 2450 906 2480 dies

204 2495 350 2533 Nur-dos
362 2499 393 2527 et
418 2498 652 2538 consceleratos,
665 2498 798 2530 dixere.
837 2499 904 2530 Ro-

206 2545 296 2576 mani
306 2546 434 2586 pariter
448 2546 612 2587 quosdam
630 2552 721 2579 atros
743 2553 778 2579 et
794 2546 905 2579 nefas-

204 2596 259 2624 tos
274 2593 434 2633 habuere,
449 2604 490 2626 eo
505 2596 595 2636 quod
614 2597 648 2628 in
664 2597 704 2628 iis
719 2596 835 2629 clades
850 2606 904 2629 ac-

204 2647 389 2681 ceperant:
405 2644 440 2674 iu
451 2645 566 2684 primis
578 2646 829 2687 postriduanos,
843 2656 904 2678 seu

206 2691 361 2731 quisunt
381 2693 543 2731 postridie
567 2695 755 2734 Kalendas,
772 2696 902 2734 Nonas,

206 2740 310 2778 Idus;
328 2741 409 2772 item
430 2742 513 2773 alios
537 2745 686 2786 aliquot:
710 2746 754 2778 de
779 2746 902 2788 quibus

159 2817 162 2819 .
206 2789 282 2822 fuse
297 2790 450 2823 Macrob.
466 2801 544 2824 mox
558 2794 685 2827 citaud.
703 2796 788 2828 Coel.
809 2796 902 2828 Rho-

959 1396 1030 1437 dig.
1052 1405 1135 1428 xiv.
1157 1399 1191 1429 9.
1213 1395 1316 1428 Alex.
1339 1395 1383 1427 ab
1410 1395 1509 1427 Alex.
1531 1404 1584 1427 tv.
1606 1399 1662 1428 2⁰.

961 1448 1118 1480 Mserob.
1139 1448 1314 1480 Saturnal.
1336 1457 1362 1480 1.
1378 1450 1430 1479 16.
1453 1449 1464 1465 ‘
1479 1447 1566 1479 Dies
1582 1457 1661 1489 pos·

960 1496 1136 1529 triduanos
1164 1497 1208 1529 ad
1238 1497 1350 1530 omnia
1379 1496 1527 1538 majores
1553 1497 1660 1528 nostri

958 1548 1129 1580 cavendos
1144 1552 1326 1589 putarunt:
1350 1556 1435 1589 quos
1450 1547 1553 1579 etiam
1570 1552 1662 1578 atros

959 1598 1052 1629 velut
1085 1596 1235 1629 infausta
1262 1597 1498 1638 appellatione
1525 1596 1662 1628 damna-

959 1646 1061 1677 runt.’
1083 1646 1216 1678 Gellius
1231 1655 1284 1678 ιν.
1301 1649 1334 1678 9.
1347 1647 1430 1678 item
1445 1655 1480 1678 v.
1497 1649 1548 1678 17.
1572 1646 1582 1662 ‘
1595 1647 1660 1677 Re-

960 1696 1109 1737 ligiosos,
1139 1707 1200 1728 seu
1231 1697 1322 1728 tristi
1347 1697 1460 1727 omine
1495 1695 1661 1727 infames'

958 1753 1154 1790 nuncupat3
1184 1748 1371 1789 additque:
1393 1749 1404 1766 ‘
1421 1749 1515 1782 Quos
1540 1749 1662 1788 vulgus

961 1807 1079 1838 prave,
1092 1808 1287 1839 perperam,
1311 1803 1347 1830 et
1371 1798 1532 1838 imperite
1550 1797 1663 1829 nefas·

960 1853 1014 1880 tos
1036 1847 1145 1879 dicit?
1177 1848 1266 1880 Non.
1281 1847 1438 1880 Marcell.
1464 1847 1476 1864 ‘
1492 1847 1571 1879 Atri
1586 1849 1660 1880 dies

959 1897 1143 1937 dicuntur-‚³
1157 1897 1282 1939 inquit,
1292 1898 1304 1915 ⁴
1315 1907 1400 1939 quos
1409 1906 1499 1929 nunc
1508 1896 1661 1930 nefastos

960 1948 1015 1980 vel
1042 1952 1198 1989 posteros
1219 1947 1368 1980 vocant.¹
1403 1946 1563 1979 Afranius
1578 1948 1661 1980 Fra-

960 1998 1055 2029 triis:
1094 1997 1332 2038 ‘Septembris
1361 1997 1436 2029 heri
1468 1997 1658 2030 Kalendae:

958 2047 1060 2079 hodie
1074 2051 1151 2078 ater
1162 2046 1259 2079 dies:
1291 2047 1439 2079 Claudat
1452 2058 1590 2080 scenam
1608 2049 1663 2080 Ci-

959 2106 1052 2137 cero,
1064 2097 1115 2128 ita
1129 2096 1297 2138 scribens,
1323 2106 1365 2129 11.
1390 2097 1433 2129 de
1454 2098 1541 2139 Leg.
1559 2107 1593 2129 ιι.
1606 2101 1660 2130 21.

960 2146 972 2164 ‘
987 2148 1075 2182 Quae
1100 2157 1209 2189 augur
1232 2148 1374 2189 injusta,
1395 2147 1542 2190 nefasta,
1562 2149 1661 2180 vitio-

959 2207 1011 2236 sa,
1032 2197 1151 2229 dirave
1176 2197 1316 2238 dixerit,
1343 2198 1441 2230 irrita
1464 2197 1662 2240 infectaque

960 2247 1087 2279 sunto!

1000 2302 1020 2330 5
1043 2298 1139 2329 Illam
1161 2302 1192 2330 et
1204 2298 1360 2339 parentis,
1382 2296 1453 2337 tra]
1476 2296 1586 2337 Epod.
1603 2305 1660 2329 ιιι.

958 2350 991 2379 1.
1015 2348 1025 2365 ‘
1040 2347 1203 2379 Parentis
1218 2348 1297 2379 olim
1313 2347 1342 2377 si
1357 2347 1432 2387 quis
1446 2346 1550 2386 impia
1560 2356 1662 2378 manu

956 2397 1073 2428 Senile
1087 2402 1208 2438 guttur
1223 2395 1389 2436 fregerit‚’
1404 2398 1470 2426 ἃς.

1001 2450 1023 2478 6
1045 2446 1228 2478 Peneia-azia
1243 2446 1404 2486 Sper-sisse
1425 2448 1574 2477 metune
1586 2456 1658 2478 crn-

957 2506 1010 2527 ore
1032 2494 1195 2535 Hospitis]
1222 2494 1286 2526 Jus
1312 2494 1482 2534 hospitale
1505 2495 1660 2532 violasse,

957 2546 1094 2586 hospite
1118 2549 1223 2575 noctu
1256 2542 1455 2584 interfecto,
1474 2544 1510 2575 in
1537 2543 1660 2576 edium

958 2594 1207 2636 penetralibus,
1223 2592 1279 2623 ubi
1291 2593 1493 2624 colebantur
1507 2593 1660 2626 Penates

958 2645 1025 2683 Dii,
1050 2643 1140 2684 qnod
1166 2642 1289 2674 sceleri
1315 2643 1424 2674 scelus
1446 2642 1573 2675 addere
1590 2649 1658 2676 est.

955 2693 1079 2734 Virgil.
1098 2692 1229 2723 IEneid.
1242 2701 1268 2724 1.
1283 2694 1359 2724 735.
1391 2693 1403 2710 ‘
1415 2692 1568 2733 Jupiter,
1583 2693 1659 2724 bos·

955 2743 1085 2785 pitibus
1102 2751 1178 2774 nam
1194 2746 1231 2774 te
1252 2742 1336 2774 dare
1351 2743 1434 2784 jura
1448 2743 1657 2785 loquuntur.²

956 2793 1000 2825 Α.
1019 2792 1114 2826 Gell.
1137 2801 1171 2824 v.
1195 2795 1248 2827 1³.
1281 2793 1291 2811 ‘
1309 2793 1459 2827 Primum
1477 2793 1580 2834 juxta
1597 2802 1656 2834 pa-
