1916 3190
288 250 374 292 402
765 262 808 299 Q.
842 260 1051 291 HoRATH
1088 260 1259 291 ηΑοοι

517 355 605 397 Sed
627 355 732 409 quid
755 354 1015 409 Typhoeus,
1035 359 1080 396 et
1100 354 1272 395 validus
1297 353 1478 404 Mimas,

518 422 608 463 Aut
628 422 733 475 quid
754 422 918 463 minaci
943 421 1222 475 Porphyrion
1243 425 1376 471 statu,

574 488 691 540 Quid
715 489 922 539 Rhoetus,
941 489 1193 542 evulsisque
1213 489 1383 529 truncis

634 556 884 598 Enceladus
899 557 1124 611 jaculator
1145 556 1313 606 audax,

517 623 684 664 Contra
705 628 936 665 sonantem
958 623 1159 665 Palladis
1181 623 1327 675 aegida

516 691 708 732 Possent
727 691 936 732 ruentes?
969 691 1091 733 Hinc
1111 691 1270 733 avidus
1290 690 1410 731 stetit

1686 489 1745 529 55

283 846 434 878 umbroso.
485 846 599 879 Verum
613 847 689 887 quid
707 846 833 887 Typhon
849 849 880 877 et
894 845 996 884 fortis
1011 846 1142 884 Mimas,
1157 847 1205 877 vel
1229 844 1306 885 quid
1320 844 1521 886 Porphyrion
1538 847 1662 876 statura
1676 848 1744 876 ter-

283 889 383 930 ribili,
395 889 470 930 quid
491 890 623 920 Rhoetus
636 893 668 920 et
692 889 864 920 Enceladus
879 889 1054 919 eradicatae
1068 889 1194 919 arbores
1210 892 1351 927 torquere
1375 887 1476 925 πίευο,
1490 889 1614 918 valeant
1629 888 1742 918 adver-

282 940 334 962 sus
348 935 525 973 crepantem
540 931 696 963 Miner-vce
710 932 850 972 clypeum
863 930 1091 970 irrumpentes?
1136 930 1191 961 Ex
1205 930 1261 962 hac
1273 933 1365 970 parte
1378 929 1518 962 certabat
1532 931 1646 961 ardens
1666 929 1741 962 Vul-

891 1042 1133 1056 OOOO‘ONONO

282 1135 467 1171 tendentem
490 1133 584 1174 Lips.
599 1136 632 1165 4.
656 1134 970 1165 contendentem—53
994 1132 1059 1164 Sed
1082 1134 1164 1174 quod
1184 1133 1287 1165 Dess.
1312 1135 1343 1165 l.
1371 1142 1391 1163 n
1413 1141 1458 1164 m.
1481 1141 1534 1174 pr.
1554 1135 1592 1164 et
1615 1132 1742 1166 Venet-

283 1179 381 1208 1492.
428 1176 591 1217 Displiceas,
611 1176 767 1218 Typheus,
791 1175 961 1218 Typhoeeus
975 1177 1145 1207 variantes
1160 1175 1320 1216 ap..lnni.
1364 1175 1428 1207 Est
1447 1174 1608 1216 Typho'e‘uo
1623 1174 1684 1206 trie
1709 1174 1745 1207 u.

281 1223 320 1250 ut
337 1222 433 1250 recte
451 1219 568 1251 Lamb.
583 1219 685 1251 Brut.
702 1218 822 1250 Heius.
837 1218 959 1259 Steph.
974 1218 1112 1251 Fabi-ic.
1128 1219 1257 1259 Delph.
1275 1217 1420 1259 Cuning.
1436 1217 1562 1249 Sauad.
1574 1217 1670 1256 Jani,
1714 1216 1744 1248 ί-

281 1265 378 1301 pont.
395 1261 536 1294 Mitsch.
552 1266 589 1293 et
615 1261 758 1294 Wetzel.
783 1266 820 1292 ut
844 1271 882 1292 en
907 1261 942 1292 in
966 1260 1212 1302 diphthongum
1235 1260 1414 1301 jungatur,
1427 1269 1495 1292 non
1509 1269 1558 1297 ως
1579 1265 1636 1291 eet
1651 1258 1742 1292 enim

282 1303 439 1344 Τυφωεύς.
489 1304 644 1345 Typhoeus
660 1304 790 1335 dedere
818 1313 895 1335 cum
919 1303 1034 1335 multis
1053 1307 1139 1335 vett.
1151 1303 1324 1335 Schrevel.
1337 1303 1453 1335 Bentl.
1466 1300 1607 1334 Wakef.
1620 1301 1742 1334 Comb.

284 1351 321 1377 et
335 1346 446 1377 Kidd.
488 1347 611 1382 Minas,
627 1347 754 1382 Menas,
771 1346 944 1377 variantes
961 1356 1014 1386 ap.
1029 1346 1209 1379 ,lauh—54
1236 1346 1442 1386 Porphirioh,
1455 1344 1660 1386 Pmphirion.
1683 1353 1743 1376 va-

284 1388 413 1419 riantes
437 1397 494 1429 ap.
516 1389 693 1421 ‚lauh—55
718 1388 829 1420 Codd.
855 1398 911 1428 ap.
935 1388 1080 1419 eundem
1097 1388 1247 1419 variant:
1276 1388 1423 1423 Rhoetue,
1447 1387 1583 1428 Rhetus,
1602 1387 1745 1424 Raetus,

282 1430 418 1467 Remus,
440 1431 507 1471 (ita
521 1430 627 1462 Bmd.
644 1441 700 1471 ap.
714 1429 880 1470 Gesner.)
906 1430 1088 1466 ahenam,-
1112 1431 1209 1461 multi
1227 1430 1331 1462 codd.
1347 1434 1384 1462 et
1400 1430 1479 1461 edd.
1499 1429 1656 1465 Rhoecuu
1672 1428 1741 1460 Cn-

281 1473 376 1514 niug.
392 1473 533 1504 Rhoetos.
580 1473 667 1505 Vide
683 1472 766 1508 ‚Van
783 1473 896 1504 Leett.
913 1472 954 1503 ad
973 1481 1014 1503 ιι.
1027 1471 1097 1503 Od.
1114 1474 1164 1503 19.
1179 1474 1319 1504 23.-56
1342 1471 1461 1504 Codex
1481 1480 1540 1512 ep.
1557 1469 1652 1510 Juni,
1674 1470 1742 1501 En-

944 1590 1084 1623 NOTAE

280 1687 361 1718 liam
378 1696 398 1718 a
411 1686 617 1718 Macedonia
638 1686 779 1724 dirimit,
806 1687 912 1719 nubes
935 1691 987 1718 at-

283 1737 388 1777 tingit
403 1737 546 1769 vertice.
584 1736 685 1768 Unde
701 1746 764 1778 pro
780 1737 875 1768 Coelo
891 1736 987 1778 poni-

283 1792 341 1820 tur
356 1787 481 1828 saepius
497 1786 588 1828 apud
605 1785 741 1819 Paetus.
777 1788 863 1818 Sunt
878 1790 915 1818 et
928 1787 986 1818 alii

283 1843 415 1870 montes
433 1836 588 1878 ejusdem
603 1836 746 1868 nominis
762 1828 845 1875 tree,
860 1836 988 1877 primus

283 1889 319 1920 in
342 1888 468 1929 Mysia,
492 1888 580 1918 alter
601 1887 635 1918 in
659 1886 780 1928 Lycia,
807 1887 929 1919 tertius
952 1887 987 1918 in

285 1938 412 1979 Cypro.
457 1938 524 1968 Sed
542 1937 584 1968 de
597 1937 648 1968 his
661 1946 727 1968 non
743 1937 868 1978 agitur.

327 1989 370 2017 53
387 1986 450 2018 Sed
465 1987 539 2026 quid
556 1986 730 2028 Typho'e'us]
753 1987 844 2020 Quid
861 1986 988 2028 Gigan-

216 2051 218 2053 ·
284 2040 358 2067 tum
376 2036 437 2073 vis,
455 2036 648 2073 insolentia,
664 2037 854 2077 temeritas,
869 2037 987 2069 adver-

285 2095 342 2117 sus
359 2085 474 2117 Deos?
509 2086 564 2116 Ne
590 2087 683 2126 legas
707 2095 784 2117 cum
806 2088 908 2127 vulgo
926 2087 988 2128 Ty-

279 2134 401 2176 phoeus.
416 2132 570 2172 Τυφωεὺς,
581 2135 682 2175 quiet
689 2135 796 2175 Τυφὼς
807 2136 860 2167 vel
870 2136 991 2176 Τυφὼν,

284 2193 305 2215 a
319 2182 430 2224 τύφος,
444 2183 641 2224 arrogantia,
666 2183 795 2224 duplici
812 2185 917 2217 fuisse
931 2195 990 2217 na-

285 2237 377 2273 tura,
407 2234 554 2264 humana
579 2238 616 2263 et
645 2230 766 2271 ferina,
791 2233 919 2264 dicitur
945 2235 988 2265 ab

286 2281 501 2324 Apollodoro
522 2281 581 2313 lib.
596 2290 622 2313 1.
646 2284 682 2313 et
705 2291 726 2312 a
745 2281 835 2314 Jove
853 2291 988 2322 percus-

286 2342 343 2364 sus
359 2332 490 2363 eminus
505 2330 642 2373 quidem
664 2330 819 2372 fulmine,
834 2331 988 2363 cominus

288 2386 404 2414 autem
420 2381 639 2412 adamantina
653 2379 754 2413 falce.

339 2431 470 2462 Validus
484 2429 618 2470 Mimas]
635 2429 701 2462 Hic
714 2434 820 2462 totam
836 2431 989 2463 Lemnon

287 2480 587 2521 insulamjaculari
603 2481 637 2511 in
650 2481 741 2512 Deos
757 2481 847 2511 nisus
862 2480 990 2512 dieitur

289 2530 380 2572 apud
397 2531 620 2562 Claudianum
635 2541 644 2562 :
667 2535 702 2561 at
714 2530 788 2571 ipse
804 2530 989 2573 Procliytae

287 2582 457 2622 Tyrrheni
470 2581 571 2612 maris
588 2581 706 2612 insulae
719 2581 906 2622 subjectus.
927 2581 989 2613 Sil.

289 2632 371 2663 Ital.
385 2641 452 2663 xn-
466 2634 540 2663 147.
555 2631 565 2648 ‘
575 2630 732 2672 Apparet
743 2631 915 2671 Prochyte
927 2641 992 2663 sae-

289 2690 368 2712 vum
386 2682 506 2713 sortita
520 2680 747 2712 Mimantem.’

333 2734 376 2764 54
391 2733 512 2765 Minaei
520 2733 719 2775 Porphyrion
730 2733 831 2775 stata]
856 2733 994 2774 Ingenti

290 2786 423 2815 statura
450 2783 599 2816 insolens
628 2789 664 2816 et
693 2784 819 2815 minax.
867 2784 923 2816 De
952 2793 993 2816 eo

1042 1685 1220 1718 claudian.
1237 1685 1272 1717 in
1289 1685 1550 1726 Gigantomacli.

1083 1741 1124 1768 55
1142 1735 1288 1776 Rhoetus]
1303 1735 1338 1767 Is
1351 1738 1389 1767 et
1403 1735 1536 1767 Rkaeem.
1551 1743 1597 1768 n:
1605 1734 1675 1769 od.
1687 1737 1743 1767 19.

1083 1789 1126 1818 56
1149 1785 1326 1818 Enceladus
1340 1785 1499 1826 jaculator
1511 1784 1635 1826 audax]
1656 1785 1743 1819 'rem

1041 1836 1203 1869 robustus
1216 1840 1254 1867 ut
1268 1836 1402 1867 evulsas
1419 1834 1558 1867 arbores
1571 1834 1745 1877 intorque-

1043 1892 1116 1919 ret:
1139 1886 1289 1918 omuium
1305 1886 1492 1928 Gigantum
1513 1885 1678 1918 maximus
1692 1880 1746 1919 fu-

1041 1937 1109 1969 isse
1138 1936 1349 1978 perhibetur.
1396 1936 1454 1968 De
1482 1945 1524 1968 eo
1551 1940 1672 1977 poste·
1698 1936 1744 1969 ad

1042 1996 1158 2027 voces,
1174 1988 1184 2003 ‘
1197 1995 1261 2018 nee
1277 1985 1415 2027 peredit
1427 1985 1634 2029 ‚Impositum
1648 1986 1742 2019 celer

1043 2037 1132 2078 iguis
1147 2035 1309 2068 AEtnam.'

1085 2089 1126 2118 57
1153 2087 1300 2118 Palladis
1325 2087 1447 2128 aegida]
1484 2085 1558 2118 lete
1589 2084 1745 2118 Palladis

1043 2136 1200 2177 clypeus,
1216 2145 1283 2177 quo
1304 2135 1432 2168 dicitur
1450 2136 1591 2177 Jupiter
1612 2134 1745 2177 Gigam

1043 2191 1115 2218 tum
1132 2186 1334 2227 repressisse
1346 2186 1492 2218 audaces
1506 2189 1660 2220 conatae.
1676 2185 1744 2224 sig-

1043 2235 1162 2266 nificat
1181 2235 1320 2276 sapiens
1341 2234 1517 2266 consilium
1532 2233 1670 2266 virtutis
1687 2242 1744 2264 eo-

1042 2294 1113 2315 mes
1124 2289 1160 2316 et
1167 2286 1373 2325 praesidium,
1383 2285 1453 2316 sine
1463 2285 1612 2325 quoipsn
1622 2291 1743 2324 pamm

1042 2334 1146 2365 valet.
1184 2334 1373 2374 Utrumque
1391 2343 1473 2365 vero
1485 2333 1643 2374 Angusto
1657 2329 1743 2364 affu-

1042 2383 1123 2422 isse,
1136 2388 1174 2414 ut
1189 2387 1269 2414 ante
1286 2382 1360 2423 jam
1384 2382 1558 2422 annotavi,
1576 2381 1743 2414 Horatius

1042 2433 1184 2465 indicat.
1230 2432 1282 2463 De
1297 2431 1429 2472 AEgide‚
1443 2440 1468 2463 1.
1484 2431 1553 2463 Od.
1571 2434 1622 2464 15.

1085 2485 1128 2514 58
1153 2482 1190 2514 H
1191 2483 1242 2514 ine
1255 2481 1365 2513 avidus
1376 2482 1466 2514 stetit
1485 2482 1652 2518 trutannus,
1665 2483 1739 2524 ξω]

1043 2532 1114 2564 Pro
1137 2531 1227 2564 Jove
1251 2531 1429 2563 dimicavit
1455 2531 1644 2571 Vulcanus,
1672 2531 1742 2563 avi·

1043 2583 1113 2622 dus,
1137 2590 1196 2613 seu
1216 2581 1306 2623 quod
1329 2582 1418 2622 iguis
1438 2581 1552 2613 omnin
1573 2581 1742 2623 corripiat

1044 2636 1083 2664 et
1103 2631 1320 2673 depascatur,
1344 2641 1403 2662 seu
1427 2631 1517 2673 quod
1540 2631 1597 2662 ille
1618 2639 1742 2672 pugna

1045 2681 1179 2722 avidus,
1209 2682 1432 2724 praeliumque
1463 2681 1586 2714 ardeus
1622 2689 1743 2723 capen-

1045 2737 1150 2765 seret.
