1916 3190
273 229 358 271 464
749 243 794 281 Q.
826 242 1032 272 ΗοΒΑτιι
1068 241 1240 272 amco!

502 333 598 376 Nec
625 334 708 376 fios
728 347 973 388 purpureus
987 347 1122 385 -rosae,

560 401 659 443 Nec
681 402 789 455 poti,
809 401 1015 452 vetulam,
1033 402 1145 443 faece
1166 405 1296 442 tenus
1318 399 1433 441 cadi.

272 515 463 557 rubicundis,
485 518 533 548 cel
546 518 692 558 amphora
706 518 746 548 ad
753 516 892 555 fundum
907 515 1069 547 exhausta.

882 610 1118 623 eeeeeeeeeee

272 693 362 716 νοσεῖ.
405 685 535 717 Versus
551 690 603 718 15.
619 690 671 719 16.
684 688 869 727 permutati
881 691 959 719 suut
972 687 1005 718 in
1025 687 1137 726 Lipss.
1152 689 1182 717 l.
1197 687 1320 717 4.-16
1334 683 1396 717 Sed
1407 684 1477 724 poti
1492 682 1614 714 Faern.
1631 683 1727 715 Lam-

274 727 357 759 bini.
404 729 446 758 Et
458 727 610 769 fuerunt,
625 730 679 770 qui
694 730 743 760 sic
760 731 826 770 legi
844 730 986 767 vellent,
1009 734 1151 760 notante
1165 727 1356 759 Torrentio.
1403 725 1538 758 Probat
1560 730 1596 756 et
1611 725 1726 757 Klotz.

272 768 386 800 Lectt.
407 771 533 802 Venus.
558 782 592 811 p.
614 775 688 803 320.
711 777 747 803 et
768 773 816 803 sic
836 771 946 803 edidit
973 771 1115 802 Sivrius.
1164 769 1207 801 Te
1227 769 1296 809 poti
1321 768 1456 800 emend.
1481 768 1534 799 vir
1551 767 1643 799 doct·
1671 776 1727 808 ap.

272 811 422 842 Schmid.
443 814 453 829 ‘
468 813 607 853 Negant
621 814 700 845 VV.
714 814 796 845 DD.
809 824 846 845 se
862 814 991 854 videre,
1005 822 1066 844 cur
1079 811 1155 843 cadi
1168 811 1253 843 faece
1264 816 1363 842 tenus
1376 810 1450 851 poti
1461 810 1570 841 miuus
1585 810 1732 840 deceant

272 854 437 885 vetulam.
481 855 576 886 Alias
593 856 695 887 etiam
712 857 844 886 vetulas
860 861 899 887 ut
915 855 1053 886 bibaces
1069 854 1231 894 describi,
1246 862 1299 885 lv.
1315 852 1384 884 Od.
1404 855 1455 883 la.
1470 856 1502 885 5.
1545 851 1670 891 Itaque
1691 856 1730 883 et

271 894 306 926 h.
321 896 344 926 1.
360 896 556 928 Chloridem
573 898 616 928 ab
629 907 742 928 amore
758 897 800 928 ad
818 898 1013 937 amphoram
1028 896 1179 936 ablegari
1194 906 1203 934 ;
1227 895 1263 926 iu
1278 904 1387 936 eoque
1403 894 1510 926 multo
1526 893 1729 925 amariorem

274 937 512 979 aptioremque
527 939 718 970 irrisionem
740 948 826 971 esse.
871 939 939 970 Sed
951 938 1080 978 optime
1092 937 1197 968 habet
1210 946 1278 976 nec,
1292 941 1329 968 et
1343 937 1419 977 ipso
1429 936 1505 967 loco
1519 945 1572 967 lv.
1589 935 1659 967 Od.
1676 937 1728 967 13.

271 983 303 1010 5.
334 979 563 1012 confirmatur.
619 981 704 1012 Mox
732 981 838 1011 vetula
862 990 949 1011 unus
975 980 1091 1011 Vatic.
1113 978 1235 1010 FaErn.
1263 987 1348 1008 unus
1373 978 1488 1010 Nicot.
1509 982 1545 1008 et
1565 976 1730 1008 Russard.

274 1021 396 1060 Lamb.
414 1032 499 1052 unus
525 1023 650 1054 Bland.
670 1027 707 1053 et
722 1022 830 1053 Mart.
853 1022 958 1063 Cruq.
981 1022 1096 1053 Pulm.
1119 1021 1236 1052 Hunn.
1258 1019 1435 1051 Gemblac.
1450 1021 1482 1050 1.
1496 1021 1530 1051 2.
1545 1023 1582 1050 et
1602 1019 1728 1050 Beller.

273 1063 392 1094 Bentl.
406 1064 523 1095 Graev.
540 1065 639 1095 Leid.
656 1069 692 1095 et
709 1064 831 1105 Regin.
852 1073 872 1093 a
887 1073 932 1095 m.
950 1073 1001 1103 pr.
1013 1063 1154 1104 aliique,
1170 1061 1271 1094 Harl.
1286 1064 1316 1092 1.
1331 1063 1363 1093 2.
1375 1064 1408 1092 3.
1419 1065 1452 1092 5.
1463 1063 1495 1092 6.
1518 1059 1629 1092 codex
1645 1061 1732 1099 Cau-

274 1105 341 1136 teri
356 1106 446 1137 Nov.
461 1106 574 1137 Lectt.
587 1116 637 1138 vr.
650 1108 701 1138 14.
721 1106 829 1138 Brod.
851 1106 930 1137 Sax.
945 1105 1092 1137 Mentel.
1108 1106 1256 1145 Franeq.
1272 1105 1375 1135 Dess.
1385 1106 1417 1134 1.
1431 1105 1465 1134 2.
1481 1103 1502 1134 a
1514 1112 1559 1134 m.
1570 1111 1624 1144 pr.
1635 1102 1731 1144 Lips.

273 1149 306 1178 3.
321 1146 394 1179 Alt.
410 1151 442 1179 2.
471 1147 621 1180 Helmst.
649 1148 792 1180 Locher.
815 1148 905 1180 Flor.
929 1149 1056 1180 Venet.
1082 1150 1177 1179 1486.
1203 1149 1298 1178 1492.
1324 1145 1469 1177 Laudin.
1488 1144 1567 1177 Jam
1590 1143 1728 1176 Acron:

271 1191 283 1206 ‘
299 1198 374 1229 qnae
406 1199 485 1220 vasa
511 1191 590 1222 vino
616 1195 735 1223 vetere
768 1190 920 1232 potando
952 1188 1136 1222 vacuaret-²
1178 1189 1236 1220 De
1270 1187 1509 1229 Porphyrioue
1538 1195 1593 1218 res
1617 1185 1731 1217 dubia.

273 1231 363 1262 Nam
377 1231 405 1261 is
421 1232 587 1272 primum:
612 1234 622 1250 ‘
636 1233 714 1264 Hoc
730 1243 795 1264 non
812 1233 914 1264 decet
929 1237 1067 1264 aetatem
1082 1230 1201 1270 tuam‚’
1225 1235 1259 1262 et
1275 1239 1352 1261 mox
1367 1241 1375 1260 ι
1396 1231 1406 1247 ‘
1421 1238 1483 1270 per
1497 1228 1618 1260 fecem
1636 1232 1732 1260 vetu-

272 1273 341 1303 lam
358 1278 456 1304 vetus
471 1274 584 1306 vinum
599 1275 743 1316 accipe!
775 1275 947 1316 Apparet,
958 1275 1013 1305 hic
1027 1275 1110 1305 duas
1123 1278 1223 1305 notas
1240 1272 1391 1303 diversas
1400 1271 1538 1313 junctas
1552 1279 1640 1310 esse,
1651 1280 1733 1312 qua-

273 1324 348 1346 rum
373 1319 448 1347 utra
465 1326 484 1347 a
496 1317 733 1358 Porphyrione
750 1317 806 1355 sit,
823 1327 887 1348 non
905 1317 1022 1358 liquet.
1057 1317 1157 1347 Esset
1173 1317 1290 1356 itaque
1299 1313 1514 1354 jungendum
1528 1313 1734 1350 vetulasoece,

272 1356 376 1397 idque
390 1357 433 1388 de
447 1363 580 1390 vetusto
596 1361 675 1390 vino
688 1359 945 1400 accipiendnm3
968 1364 1007 1391 ut
1023 1359 1148 1389 Catuli.
1163 1365 1283 1388 xxvu.
1295 1359 1327 1388 1.
1339 1357 1350 1373 ⁴
1366 1356 1515 1387 vetulum
1528 1354 1733 1386 Falernum!

272 1398 340 1428 Sed
355 1400 508 1439 quamvis
523 1400 608 1432 bene
619 1401 747 1432 habeat
761 1402 770 1417 ‘
787 1401 900 1432 vinum
921 1400 1094 1432 vetulum'
1116 1405 1229 1431 tamen
1246 1398 1429 1430 admodum
1442 1397 1527 1428 dure
1543 1402 1579 1428 et
1593 1397 1732 1428 indocte

272 1440 354 1470 hinc
375 1442 385 1456 ‘
396 1440 464 1471 faex
479 1444 594 1473 vetula
604 1442 614 1457 ’
632 1442 782 1474 dicatur.
828 1443 971 1473 Rectius
985 1451 1066 1482 ergo
1079 1446 1115 1472 et
1134 1440 1382 1480 significantius
1395 1440 1529 1470 vetulam
1540 1439 1731 1470 comment.

274 1481 380 1522 Crnq.
404 1482 433 1524 (‘
447 1485 570 1524 supple
586 1483 654 1525 ιε’)
677 1493 794 1515 omnes
815 1484 923 1515 ceteri
937 1483 1054 1514 Lamb.
1072 1489 1108 1514 et
1124 1484 1228 1523 Cruq.
1243 1490 1360 1512 omnes
1374 1482 1534 1511 Torrent.
1551 1480 1734 1511 Pulmauni

274 1524 406 1555 Diestli.
421 1534 538 1556 omnes
554 1527 688 1558 Bersm.
704 1526 842 1567 plurimi
854 1526 968 1557 Bentl.
981 1526 1080 1556 Desa.
1097 1528 1129 1556 2.
1141 1534 1162 1555 a
1173 1534 1218 1555 m.
1236 1533 1264 1555 S.
1282 1522 1355 1554 Alt.
1371 1524 1402 1554 1.
1418 1523 1510 1563 Lips.
1524 1524 1555 1552 1.
1568 1524 1601 1553 2.
1614 1524 1648 1554 4.
1660 1522 1732 1563 Ve-

274 1569 347 1596 net.
361 1568 455 1596 1478.
478 1567 630 1598 Mancin.
646 1568 726 1599 Asc.
749 1567 867 1598 Basili.
892 1567 1010 1598 Lamb.
1033 1567 1138 1607 Cruq.
1151 1567 1309 1597 Torrent.
1328 1565 1367 1596 Τ.
1388 1563 1474 1596 Fab.
1489 1564 1592 1604 Rutg.
1610 1563 1731 1595 Heius.

273 1606 411 1638 Fabric.
433 1608 560 1640 Dacer.
583 1610 686 1640 Baxt.
707 1609 823 1640 Bentl.
838 1609 936 1640 Talb.
952 1610 1042 1640 Cun-
1062 1614 1098 1639 et
1119 1608 1199 1640 Jou.
1245 1607 1359 1638 Facile
1379 1607 1468 1647 lapsi
1494 1611 1574 1637 sunt
1589 1605 1732 1644 librarii,

273 1649 352 1679 dum
369 1654 404 1679 et
421 1650 589 1689 putabant
596 1651 809 1693 jungendum
823 1651 1020 1690 vetulasaece
1035 1654 1071 1682 et
1085 1649 1250 1690 virgulam
1267 1657 1372 1689 super
1384 1658 1405 1679 a
1417 1649 1452 1680 iu
1464 1648 1570 1680 vetula
1584 1647 1728 1688 positam

274 1691 519 1732 negligebant.'
539 1694 631 1725 Jani.

936 1755 1077 1788 NOTAE

1031 1829 1178 1871 ignotus,
1189 1837 1234 1860 ne
1256 1827 1392 1859 scilicet
1414 1827 1448 1859 in
1473 1826 1612 1869 aliquod
1630 1825 1735 1859 dedc-

271 1829 437 1861 retu-ices:
463 1834 560 1870 patet
586 1840 606 1862 e
631 1830 977 1872 Terentio,'aliisque
1391 1871 1394 1874 Δ
1659 1872 1662 1874 q

1030 1887 1090 1910 cus
1113 1877 1396 1918 prolaberentur:
1421 1877 1499 1919 quia
1524 1875 1734 1918 proximusa

273 1879 411 1918 passim.

318 1930 357 1958 15
384 1929 452 1959 Nec
466 1928 533 1969 flos
554 1938 730 1971 purpureus
747 1931 843 1971 rosoe]
873 1930 977 1962 Coro-

274 1986 327 2007 nae
345 1982 380 2008 et
395 1984 487 2009 serta
497 1988 516 2010 e
529 1979 614 2010 rosis
628 1980 661 2010 in
675 1979 840 2010 conviviis
853 1978 978 2010 usitata

277 2025 339 2056 tibi
369 2027 507 2059 minime
543 2029 773 2067 conveniunt3
809 2027 977 2068 siquidem

273 2075 367 2105 aetati
385 2074 518 2108 florenti
530 2076 629 2108 flores
644 2077 815 2108 duntaxat
830 2076 955 2108 idonei.

319 2126 361 2154 16
384 2124 452 2154 Nec
464 2126 543 2164 poti,
563 2128 711 2166 vetulam,
730 2127 801 2167 Sym]
826 2126 973 2160 Quidam

274 2173 395 2213 legunt
415 2172 491 2213 Sed,
516 2183 578 2214 pro
595 2175 684 2211 Nec,·
707 2180 746 2205 ut
771 2175 901 2206 bibacis
920 2185 976 2206 ve-

274 2223 359 2255 tuLae
375 2222 494 2254 vitium
511 2228 660 2254 notetur.
694 2223 762 2253 Sed
785 2223 896 2255 Poeta.
918 2233 976 2254 vo-

274 2271 340 2302 luit
354 2271 460 2311 magis
475 2271 626 2303 indicare
651 2271 797 2302 vetulam
822 2270 969 2302 Chlorim

274 2319 386 2350 minus
405 2320 476 2360 jam
502 2320 682 2352 bibacitati
705 2325 838 2361 aptam:
862 2322 972 2351 mere-

274 2369 400 2400 tricum
415 2379 517 2410 porro
533 2370 566 2401 id
581 2370 757 2411 proprium
773 2368 878 2400 fuisse
893 2378 972 2401 con-

275 2424 358 2451 stat.
381 2419 471 2451 Vide
487 2430 512 2453 1.
529 2420 595 2452 od.
609 2423 662 2453 36.
679 2423 731 2452 13.
744 2424 781 2452 et
792 2429 865 2461 seq.
887 2419 975 2451 Con·

277 2473 332 2500 tra
359 2471 512 2503 honestis
543 2470 753 2509 mulieribus,
779 2474 815 2501 et
840 2469 977 2511 quidem

276 2511 287 2528 ‘
302 2523 470 2555 matronis
486 2522 648 2555 Romanis
669 2530 748 2554 usus
763 2520 831 2552 vini
849 2519 979 2563 pridem

1024 1930 1155 1962 ‘Libero
1180 1934 1280 1970 patre
1302 1929 1580 1970 intemperantiae
1608 1927 1734 1971 gradus

1032 1979 1074 2011 ad
1100 1980 1331 2012 inconcessam
1358 1979 1530 2010 Venerem
1553 1987 1630 2009 esse
1651 1979 1735 2009 cou-

1030 2028 1166 2070 suevit,'
1178 2029 1288 2070 inquit
1303 2029 1381 2060 Val.
1397 2029 1495 2060 Max.
1511 2036 1552 2059 ιι.
1569 2030 1600 2058 1.
1634 2025 1734 2057 Idem

1030 2083 1181 2111 testatur
1213 2079 1336 2120 Polyb.
1370 2078 1428 2110 lib.
1461 2086 1512 2110 vr.
1552 2073 1735 2108 Plutarcli.

1031 2128 1158 2160 Athen.
1171 2128 1232 2159 lib.
1248 2137 1286 2159 x.
1301 2130 1367 2159 ὅτε.

1078 2177 1233 2212 Vetuzam,
1250 2176 1335 2214 foece
1364 2179 1466 2215 tenue,
1487 2174 1559 2216 ξω]
1585 2173 1730 2208 Quidam

1030 2227 1161 2266 legunt,
1183 2227 1288 2257 vetula
1304 2226 1390 2264 saece
1417 2229 1520 2264 tenus,
1546 2223 1732 2264 voluntque

1029 2277 1201 2316 designari
1218 2282 1317 2307 vetus
1333 2277 1465 2308 vinum:
1488 2275 1562 2315 sed,
1575 2284 1596 2306 o
1608 2277 1730 2315 uugae!

1025 2330 1062 2354 tn
1088 2326 1197 2356 lector
1220 2325 1363 2356 adverte
1388 2325 1501 2365 potins
1531 2332 1730 2364 expressam

1026 2374 1201 2405 Theocriti
1226 2373 1428 2404 sententiam
1444 2373 1546 2414 Idyll.
1565 2381 1631 2404 vu.
1656 2372 1730 2403 Πίο-

1029 2433 1095 2461 μαι,
1108 2442 1118 2452 .
1136 2443 1145 2453 .
1164 2444 1173 2453 .
1191 2443 1200 2453 .
1216 2420 1379 2452 κυλίκεσσι
1391 2420 1442 2452 καὶ
1457 2422 1490 2452 ἐς
1503 2421 1605 2462 τρύγα
1622 2422 1731 2460 χεῖλος

1032 2469 1162 2511 ἐρείδων.
1202 2469 1326 2509 Bibam,
1343 2469 1490 2502 calicibus
1502 2470 1544 2502 ad
1555 2470 1671 2508 soeeem
1685 2469 1730 2500 la-

1034 2521 1120 2552 brum
1133 2520 1277 2563 infigens.
