1916 3190
273 232 329 274 38

293 2238 407 2270 litera.
451 2238 611 2269 Chartam
641 2236 746 2276 ipsam
777 2234 812 2265 in
838 2231 995 2265 Archivis

295 2287 462 2320 tutissime
479 2285 654 2318 recondidi
668 2295 678 2324 ;
695 2283 995 2324 transcriptionem

294 2337 358 2368 tibi
374 2336 498 2367 amoris
516 2345 596 2375 ergo
612 2334 799 2366 committo.
843 2332 995 2364 Clarissi-

295 2396 349 2418 me
365 2390 512 2427 apparet
526 2395 545 2416 e
563 2385 669 2416 titulis
685 2392 844 2424 superne,
860 2382 996 2423 paginae

296 2437 399 2475 ηοῑὶε,
414 2436 554 2477 aliisque
577 2434 712 2466 indiciis
735 2435 920 2465 laceratam
938 2441 996 2462 ex-

295 2491 518 2527 cerptamque
533 2495 576 2516 ex
591 2485 706 2526 aliqua
717 2484 870 2516 editione
886 2483 994 2515 Hora-

545 241 655 272 01)AE
688 241 802 272 DUAE
835 240 1058 271 HORATlO
1091 241 1388 272 SUPPOSITAE·

444 336 474 379 J
478 349 548 377 am
567 336 671 377 licet
693 335 924 390 Nymphas
945 334 1116 388 trepide
1137 333 1321 387 fugaces

446 404 642 457 Insequi‚
659 403 776 444 lento
794 402 904 455 pede
925 401 1202 452 detinendas;

447 470 505 512 Et
523 470 662 511 labris
683 474 847 522 captae,
869 468 1118 510 simulantis
1135 467 1262 517 iram,

1018 534 1187 576 Oscula
1203 534 1294 588 figi.

448 606 478 647 J
483 617 551 646 am
577 604 685 645 licet
705 603 807 644 vino
827 603 1030 644 madidos
1050 606 1232 643 vetusto

450 672 520 713 De
541 671 612 713 die
631 671 778 712 laetum
797 671 983 712 recitare
1003 682 1205 719 carmen;

451 738 595 788 Flore,
617 738 655 779 si
676 743 717 780 te
737 738 816 780 des
836 737 1036 787 hilarem,
1057 736 1210 778 licebit

1020 805 1203 846 Sumere
1223 806 1408 844 noctem.

452 872 481 914 J
486 886 557 913 am
579 871 680 913 vide
700 884 830 913 curas
851 871 1073 925 Aquilone
1091 871 1295 923 sparsas!

454 939 588 980 Mens
610 939 692 980 viri
713 939 839 981 fortis
861 940 949 980 sibi
968 942 1155 987 constat,
1174 941 1318 978 utrum

455 1006 607 1048 Serius
628 1006 703 1047 leti
725 1006 915 1047 citiusve
935 1006 1074 1046 tristis

1023 1071 1220 1112 Advolat
1237 1071 1359 1111 hora.
1393 1076 1395 1078 '

898 1204 1008 1244 One
1041 1214 1126 1244 XL.

772 1303 840 1333 AD
875 1301 1066 1331 LIBRUM
1103 1300 1259 1330 SUUM.

460 1372 624 1412 Duum
647 1370 798 1411 libello
818 1381 944 1409 nemo
966 1367 1189 1408 sodalium

461 1438 632 1479 Forsan
653 1450 845 1478 meorum
867 1435 1012 1477 carior
1033 1435 1206 1475 extitit:

518 1506 588 1547 De
609 1509 651 1546 te
673 1504 852 1546 merenti
874 1502 981 1557 quid
1000 1501 1144 1543 fidelis

631 1571 840 1612 Officium
860 1570 1038 1611 domino
1054 1567 1297 1623 rependes?

461 1640 527 1681 Te
548 1639 695 1680 Roma
715 1644 898 1680 cautum
916 1637 1086 1679 territat
1105 1635 1273 1676 ardua?

463 1707 651 1760 Depone
673 1719 811 1747 vanos
830 1705 1011 1746 invidiae
1031 1709 1200 1755 metus;

523 1773 764 1827 Urbisque,
783 1773 928 1813 fidens
948 1771 1166 1824 dignitati,

635 1840 720 1881 Per
740 1839 914 1893 plateas
935 1839 1160 1879 animosus
1179 1836 1300 1878 audi.

464 1907 531 1948 En
553 1919 643 1959 quo
663 1906 860 1946 furentes
884 1904 1170 1945 Eumenidum
1194 1903 1356 1945 choros

467 1972 659 2025 Disjecit
679 1972 795 2011 almo
814 1970 996 2010 fulmine
1017 1969 1218 2022 Jupiter!

526 2039 647 2080 Huic
669 2050 746 2079 ara
767 2037 922 2085 stabit,
943 2035 1063 2076 fama
1082 2040 1211 2076 cantu

639 2105 859 2159 Perpetuo
878 2101 1143 2144 celebranda
1159 2106 1338 2142 crescet.

296 2534 386 2565 tiana
406 2535 485 2565 olim
508 2534 626 2575 fuisse,
648 2539 686 2566 et
706 2533 849 2566 forsitan
871 2533 996 2576 prima,
1049 2536 1222 2569 Sub-Liba

1049 2229 1185 2272 quando
1207 2239 1373 2270 nusquam
1396 2229 1489 2270 alibi,
1504 2231 1558 2261 vel
1574 2228 1678 2262 antea
1691 2230 1749 2262 lias

1051 2286 1148 2318 Odas
1165 2287 1197 2317 in
1214 2286 1407 2318 memoriam
1426 2296 1586 2319 revocare
1604 2296 1751 2328 possum.

1050 2336 1189 2368 Mecum
1202 2346 1282 2376 ergo
1293 2336 1448 2367 literatos
1458 2346 1574 2368 omnes
1589 2336 1751 2376 gratulari

1051 2386 1235 2426 videbitur,
1251 2386 1460 2427 recuperatis
1474 2386 1526 2417 his
1539 2386 1751 2426 elegantissi-

1050 2437 1113 2467 mis
1129 2436 1344 2467 Carminibus
1362 2435 1566 2468 Horatianis.

1049 2484 1176 2517 fruere.
1201 2485 1328 2526 Gaspar
1337 2484 1541 2525 Ραὶιαοίσίηί,
1548 2484 1654 2515 Palae.
1663 2484 1752 2515 Bibl-

1610 2435 1698 2466 Vale
1714 2440 1751 2467 et
