1916 3190
296 247 382 290 370
777 264 820 303 Q.
852 262 1064 294 nonum
1099 263 1272 296 nacci

526 357 767 400 Districtus
787 358 906 400 ensis
928 359 999 400 cui
1018 371 1154 413 super
1171 359 1310 413 impia

525 426 709 468 Gervice
731 426 906 480 pendet,
927 439 1015 467 non
1036 427 1200 469 Siculae
1221 427 1362 482 dapes

582 493 772 535 Dulcem
792 494 1082 536 elaborabunt
1103 508 1332 550 saporem;
1358 508 1360 510 ’

640 561 746 602 Non
768 562 915 602 avium
936 561 1207 616 citharaeque
1228 566 1384 604 cantus

523 628 733 670 Somnum
754 628 985 671 reducent:
1015 641 1195 671 somnus
1216 629 1450 682 agrestium

1689 567 1746 609 20

295 760 384 798 caput
401 758 528 790 strictus
551 759 677 798 gladius
699 759 865 800 impendet,
879 763 1007 799 gustum
1020 769 1143 791 suavem
1158 761 1242 792 haud
1254 761 1472 800 comparabunt
1492 761 1590 801 epuioe
1604 759 1720 792 Siculae
1733 771 1745 797 ,0

296 808 351 831 nec
364 810 498 842 soporem
513 802 666 833 revocabit
677 803 831 833 volucrum
843 805 898 834 aut
910 803 987 843 lyroe
1000 803 1180 835 modulatio.
1227 803 1359 839 Quietus
1371 813 1460 844 sopor
1470 804 1553 835 haud
1563 806 1747 844 aspertmtur

906 907 1143 920 eeeeeeeeeeee

295 985 395 1015 tendit
422 984 519 1015 Harl.
536 986 652 1015 4.-17
681 983 857 1015 Districtus
881 983 1027 1015 Mentel.
1055 982 1125 1016 Ait.
1149 984 1259 1024 Lipss.
1275 986 1309 1015 2.
1324 987 1356 1016 3.
1381 984 1493 1015 Pulm.
1517 984 1694 1017 Gemblac.
1712 988 1745 1016 2.

294 1027 421 1058 Beller.
440 1031 474 1057 ct
490 1026 623 1056 Diestli.
640 1026 738 1057 Harl.
755 1029 787 1057 3.
803 1030 835 1056 5.
862 1026 986 1067 aliique
1002 1026 1123 1064 multi;
1146 1026 1228 1056 item
1257 1026 1305 1058 sic
1330 1026 1472 1058 Venett.
1495 1025 1576 1058 Asc.
1603 1027 1744 1058 Lot-lter.

291 1068 414 1100 Basill.
431 1068 531 1099 Fabr·
549 1068 654 1108 Crnq.
665 1069 822 1099 Torrent.
837 1069 943 1099 Baxt.
959 1068 1038 1099 San.
1053 1068 1134 1101 ,1οη.
1151 1068 1279 1108 Delph.
1297 1068 1409 1099 Bond.
1424 1068 1598 1100 Schrevel.
1609 1068 1744 1101 Wakef.

297 1113 341 1142 al.
369 1114 378 1128 ‘
394 1111 437 1141 Et
453 1115 506 1142 est
521 1110 593 1141 fen-e
608 1111 713 1141 lectio
731 1111 819 1150 vulg.
864 1110 931 1142 Sed
948 1113 1105 1151 praestat,
1119 1115 1158 1141 ut
1174 1111 1374 1151 exquisitius
1389 1115 1426 1142 et
1439 1110 1564 1151 aptius,
1577 1111 1746 1143 destrictus

294 1154 454 1192 (strictus
470 1153 512 1184 de
536 1151 689 1193 vagina),
705 1153 755 1184 uti
772 1159 824 1184 est
850 1153 883 1184 in
897 1153 1010 1184 Pulm.
1029 1152 1150 1184 Hunn.
1172 1158 1210 1184 et
1235 1153 1414 1185 Gemblac.
1430 1156 1461 1184 1.
1486 1153 1632 1195 Franeq.
1650 1154 1747 1187 Desa.

294 1196 405 1236 Lipss.
423 1199 453 1226 l.
470 1198 501 1227 4.
547 1195 694 1226 Helmst.
708 1195 841 1227 dnobus
853 1196 1032 1227 Bersm.et
1045 1196 1078 1226 in
1091 1195 1243 1235 pluribus
1256 1195 1331 1226 aliis
1355 1195 1443 1226 haud
1460 1195 1577 1234 dubie,
1594 1205 1660 1230 non
1676 1196 1746 1227 ani-

293 1238 370 1269 mad
378 1248 509 1270 versum
526 1237 739 1269 editoribus:
749 1238 838 1270 Jani.
871 1237 928 1268 Sic
940 1242 975 1269 et
988 1238 1111 1269 Heius.
1128 1238 1244 1269 Bentl.
1255 1238 1595 1276 Cun-Jani‚Mitsch.
1609 1238 1747 1279 Bipont.

294 1288 330 1312 et
345 1282 578 1312 Wetze1.-19
593 1280 604 1297 ‘
616 1281 747 1312 Dulcem
761 1280 958 1311 elaborarunt
973 1280 1066 1321 quid.
1081 1280 1237 1311 Lambini
1254 1281 1380 1322 aliique
1396 1279 1497 1313 codd.
1513 1279 1616 1312 Haud
1632 1280 1748 1321 dubie,

292 1323 381 1364 quod
399 1323 553 1354 librarius
567 1327 720 1363 putaret,
737 1322 779 1353 ad
797 1323 998 1354 Damoclem
1015 1322 1128 1354 omnia
1145 1323 1333 1363 pertinere.
1355 1322 1457 1354 Unde
1469 1323 1520 1355 sic
1533 1323 1632 1362 vulgo
1645 1322 1746 1355 editt.

293 1374 372 1396 saec.
390 1374 470 1396 xv1.
498 1370 578 1396 ante
605 1365 734 1396 Lamb.'
756 1365 848 1396 Jani.
893 1365 957 1395 Sed
967 1364 1173 1396 elaborabunt
1189 1369 1335 1406 quatuor
1358 1365 1478 1397 Lamb.
1501 1374 1618 1396 omne·
1643 1365 1747 1407 Cruq.

293 1406 405 1438 Pulm.
421 1407 520 1437 Torr.
538 1408 653 1437 Bentl.
676 1413 709 1437 et
736 1406 835 1438 Jani:
861 1407 944 1437 item
967 1407 1065 1437 Harl.
1083 1410 1111 1437 l.
1126 1410 1159 1437 2.
1172 1410 1204 1438 4.
1219 1411 1250 1438 6.
1275 1412 1310 1438 et
1326 1407 1426 1438 editt.
1447 1407 1583 1447 priscae,
1607 1407 1747 1438 Venett.

294 1450 375 1480 Asc.
391 1449 532 1480 Locher.
544 1451 608 1479 &c.
623 1453 658 1479 et
674 1453 752 1488 post
769 1448 920 1480 Lambin.
931 1449 1069 1487 vulgata
1084 1449 1158 1479 haec
1174 1448 1499 1479 lectio.‘elaborm·int
1515 1449 1661 1488 Cuning.
1683 1450 1745 1480 elu-

294 1491 446 1522 borahunt
460 1500 597 1531 soporem
619 1500 691 1522 var.
714 1491 795 1521 lect.
820 1499 876 1530 ap.
899 1490 1076 1523 Jani.--21
1102 1490 1249 1523 Quidam
1269 1490 1368 1520 codd.
1385 1499 1440 1530 ap.
1455 1491 1570 1522 Lamb.
1598 1491 1748 1528 reducet,-

299 1534 431 1565 Muret.
447 1536 575 1565 reducat
585 1543 599 1570 ,·
634 1542 704 1564 var.
720 1533 802 1568 lect.
819 1542 874 1574 ap.
889 1532 1031 1573 Cuning.
1048 1533 1198 1564 reducunt
1208 1541 1221 1570 ‚·
1255 1531 1346 1564 unde
1361 1532 1419 1564 ille
1432 1532 1567 1565 emend.
1582 1533 1743 1566 reducant.

947 1637 1090 1669 NOTAE

291 1702 406 1734 fatalis
423 1712 505 1733 urna
522 1702 689 1742 continet,
705 1702 814 1734 donec
827 1711 888 1733 suo
900 1711 993 1743 quae·

294 1761 359 1792 que
385 1757 538 1791 tempore
559 1751 760 1783 educantur.
807 1750 922 1792 Atque
944 1751 993 1782 ita

293 1804 406 1835 cuncti
426 1804 532 1834 serius
565 1813 668 1844 ocyus
691 1802 822 1834 ultimae
845 1802 994 1834 necessi-

292 1854 356 1885 tati
372 1854 611 1894 mancipantur
625 1857 663 1884 et
677 1851 873 1884 traduntur.
902 1852 992 1883 Vide

291 1912 333 1935 ιι.
352 1903 419 1935 Od.
435 1907 467 1934 3.

338 1955 377 1984 17
404 1954 577 1984 Districtus
604 1953 689 1984 ensis
716 1953 767 1984 cui
793 1962 896 1993 super,
925 1951 994 1993 ξω]

293 2001 392 2033 Quod
411 2002 438 2032 si
460 2003 612 2042 legitima
627 2002 817 2033 dominatio
832 2012 899 2033 non
916 2001 990 2032 red-

293 2050 344 2081 dit
378 2049 599 2088 fortunatum‚
631 2055 668 2081 ut
707 2051 804 2081 initio
835 2051 991 2090 asseruit,

292 2100 400 2130 multo
422 2099 531 2130 minus
548 2100 726 2140 tyrannica
748 2103 784 2130 et
807 2108 867 2139 per
883 2100 992 2131 scelus

292 2154 469 2188 occupata.
513 2148 618 2186 Nam,
641 2157 684 2178 ex
709 2148 824 2179 Tullio
844 2158 923 2179 mox
945 2150 991 2181 ci·

292 2198 411 2237 tando,
427 2199 436 2215 ‘
451 2198 514 2228 Cui
529 2207 663 2238 semper
675 2197 796 2238 aliquis
808 2203 918 2229 terror
932 2199 992 2230 im—

292 2241 455 2289 pendeat,
471 2248 551 2278 nihil
565 2248 595 2278 ei
609 2248 747 2279 beatum
759 2246 780 2278 :'
795 2247 822 2277 is
834 2257 897 2279 nec
910 2257 993 2288 epu-

291 2300 400 2331 larum
415 2308 479 2329 nec
496 2299 603 2329 somni
625 2296 842 2329 dulcedinem
858 2297 993 2337 experi-

293 2356 359 2381 tur.
391 2350 489 2382 Quod
505 2359 585 2380 sane
598 2349 781 2385 Damocles
796 2348 918 2389 impius
934 2348 991 2379 ille

292 2400 453 2440 Dionysii
464 2399 708 2439 Syracusarum
717 2397 868 2438 Tyranni
882 2406 994 2429 assen-

291 2455 384 2482 tator
409 2449 594 2489 intellexit,
613 2448 666 2479 vel
682 2447 725 2478 ab
743 2448 817 2488 ipso
832 2447 991 2488 Tyranno

293 2500 449 2532 edoctus.
495 2499 579 2530 Cum
597 2497 687 2528 enim
702 2495 829 2537 regiam
843 2496 994 2536 experiri

291 2550 462 2582 fortunam
477 2548 518 2580 ab
535 2558 575 2579 eo
591 2547 761 2589 petiisset,
771 2555 873 2578 aureo
889 2546 993 2585 lecto,

292 2603 400 2631 strato
428 2599 668 2639 pulcherrimo,
692 2596 804 2628 textili
829 2596 992 2636 stragulo,

293 2650 481 2691 magnificis
509 2650 667 2690 operibus
692 2649 783 2689 picto
806 2647 991 2679 collocatus

294 2705 359 2730 est.
405 2699 560 2730 Aderant
583 2702 757 2738 unguenta
779 2701 815 2729 et
838 2693 990 2728 coronae:

294 2748 415 2780 odores
438 2748 732 2780 incendebantur:
759 2755 885 2779 mensae
912 2755 991 2778 con-

293 2799 518 2842 quisitissimis
534 2799 643 2839 epulis
657 2798 938 2830 exstruebantur:
948 2795 991 2829 ad

1043 1710 1195 1732 mensam
1218 1700 1342 1732 eximia
1362 1700 1470 1733 forma
1483 1700 1609 1733 delecti
1631 1700 1746 1732 minis-

1045 1751 1185 1784 trabant
1199 1752 1308 1793 pneri.
1334 1752 1484 1795 Jamque
1498 1752 1688 1784 fortunatus
1703 1753 1745 1784 si-

1044 1801 1080 1833 bi
1103 1803 1288 1834 Damocles
1314 1801 1508 1834 videbatur.
1551 1802 1594 1834 In
1609 1802 1671 1834 hoc
1686 1811 1745 1834 ιιι-

1043 1856 1113 1884 tem
1138 1851 1249 1884 medio
1270 1857 1438 1893 apparatu
1462 1851 1651 1892 fulgentem
1674 1853 1745 1893 gla-

1045 1902 1136 1934 dium
1159 1912 1181 1934 e
1202 1901 1351 1933 lacunari
1375 1906 1448 1932 seta
1469 1901 1592 1943 equina
1615 1910 1746 1943 appen-

1045 1962 1119 1983 sum
1139 1952 1275 1983 demitti
1290 1951 1395 1992 jussit
1417 1951 1606 1991 Tyrannus,
1628 1956 1666 1983 ut
1688 1950 1747 1982 im-

1045 2001 1214 2042 penderet
1227 2002 1317 2033 illius
1335 2001 1428 2033 beati
1442 2001 1647 2033 cervicibus.
1674 2001 1746 2033 Ita-

1046 2061 1111 2092 que
1140 2061 1204 2083 nec
1239 2059 1408 2092 pompam,
1436 2059 1501 2083 nec
1529 2051 1651 2092 dapes,
1681 2059 1745 2084 nec

1049 2111 1173 2142 pueros
1187 2101 1390 2142 aspiciebat.
1433 2100 1511 2134 Jam
1523 2100 1607 2141 ipsae
1619 2099 1747 2133 deflue-

1045 2149 1127 2181 bant
1143 2160 1289 2182 coronae.
1333 2150 1495 2191 Denique
1507 2150 1662 2182 exoravit
1675 2151 1744 2190 Ty-

1044 2209 1199 2239 rannum,
1225 2204 1264 2230 ut
1293 2199 1357 2231 sibi
1378 2199 1472 2230 abire
1496 2199 1630 2244 liceret,
1652 2198 1742 2240 quod

1036 2249 1109 2288 jam
1140 2249 1262 2280 beatus
1289 2258 1364 2281 esse
1393 2248 1510 2282 nollet.
1552 2248 1639 2280 Haec
1669 2249 1743 2280 Cic.

1044 2298 1147 2329 Tusc.
1163 2307 1201 2330 v,
1218 2308 1250 2328 n.
1267 2302 1321 2330 61.

1088 2349 1128 2377 18
1149 2346 1263 2377 Sicula
1276 2348 1387 2388 dapes]
1423 2348 1554 2380 Harum
1570 2352 1609 2380 ut
1625 2348 1742 2380 lautis-

1045 2395 1203 2426 simarum
1226 2395 1379 2427 meminit
1394 2397 1497 2428 Plato
1518 2406 1575 2429 ιιι.
1590 2397 1635 2428 de
1651 2396 1741 2437 nep.

1045 2445 1119 2476 Cic.
1130 2454 1171 2476 ιι.
1182 2445 1225 2476 de
1239 2445 1391 2482 Finibus,
1404 2451 1440 2478 et
1450 2447 1551 2478 Tusc.
1569 2456 1603 2478 v.
1617 2455 1652 2479 n.
1669 2449 1744 2479 lot).

1046 2492 1232 2526 Athenaeus
1254 2504 1279 2525 1.
1303 2496 1356 2526 19.
1401 2495 1535 2536 Coquos
1549 2497 1631 2528 item
1647 2496 1743 2529 Sicu-

1045 2543 1096 2574 los
1115 2544 1210 2575 velut
1224 2543 1376 2575 ciborum
1393 2543 1521 2585 optime
1536 2544 1743 2578 condiendo—

1045 2602 1117 2625 rum
1133 2592 1284 2625 artifices
1308 2593 1448 2625 eximios
1467 2593 1673 2626 laudat‘xrv.
1688 2595 1742 2625 23.

1086 2646 1128 2675 21
1151 2643 1300 2675 Somnum
1313 2643 1477 2686 reducent]
1503 2644 1613 2677 Quem
1629 2644 1742 2677 abstu-

1045 2695 1084 2727 lit
1099 2696 1218 2727 mortis
1233 2705 1341 2737 pavor
1356 2695 1575 2728 imminentis.

1088 2745 1222 2777 Somnus
1257 2745 1431 2784 agrestium
1461 2744 1561 2777 Lenis
1593 2744 1742 2780 uirorum.

1044 2795 1115 2838 εγω]
1153 2796 1300 2827 Rusticis
1336 2799 1457 2827 contra
1494 2794 1573 2828 viais
1606 2801 1741 2826 somnus
