1916 3190
287 210 377 253 212

770 221 814 260 Q.
846 220 1058 251 HORATH
1093 221 1271 252 FLAccl

462 314 503 357 Ο
525 313 663 356 decus
683 314 861 364 Phoebi,
881 318 926 356 et
944 314 1136 368 dapibus
1155 315 1350 370 supremi

459 381 599 423 Grata
618 381 800 423 testudo
821 381 850 422 J
854 381 968 431 ovis,
988 394 1016 422 o
1035 381 1238 423 laborum

459 448 603 491 Dulce
623 449 824 498 lenimen,
846 447 953 489 mihi
975 461 1166 502 cumque
1184 447 1317 490 salve·

1688 449 1743 490 15

800 514 905 556 Rite
924 515 1117 557 vocanti.

281 639 482 680 conspicuum.
531 641 561 671 0
577 641 647 681 lyra
665 640 820 681 Apollinis
832 642 1057 681 ornamentum,
1072 640 1243 681 summique
1257 641 1350 672 Jovis
1370 642 1457 682 epulo
1470 640 1623 680 Jucnnda,
1637 649 1706 679 ave,
1721 649 1739 669 ο

282 691 490 714 aerumnarum
504 683 642 714 levamen
656 692 748 714 suave
760 682 838 714 milei
852 683 1101 723 quandocumque
1115 682 1189 714 bene
1201 683 1377 715 advocanti.

897 786 955 798 On
959 787 1015 799 ΙΝ

270 862 431 904 Ὀιιιιίης.
476 864 523 894 Et
539 863 592 904 Ly

1017 786 1137 799 eeeee

593 872 648 895 cen
661 873 693 894 n.
708 872 738 893 ο.
752 872 785 893 n.
804 862 843 893 C.
866 863 1009 893 decoram
1030 862 1122 903 conj.
1146 872 1202 903 ap.
1224 863 1433 896 sonem—13
1457 863 1526 894 Pro
1545 866 1576 894 ee
1597 863 1739 905 dapibus,

283 906 429 946 Cuning.
447 906 577 944 mallet,
600 916 618 936 o
640 905 868 945 ‹iambum—15
894 905 1012 935 Bentl.
1028 906 1117 945 conj.
1134 905 1224 944 mihi,
1236 906 1359 946 cuique,
1373 907 1472 944 solve,
1493 905 1527 937 h.
1543 915 1574 937 e.
1599 905 1679 936 mihi
1703 912 1739 936 et

281 948 405 989 cuique
419 947 498 986 alii3
527 947 606 978 mihi
629 956 710 978 nunc
733 947 851 977 resolve
875 945 1003 977 Heum.
1034 947 1114 978 mihi
1135 956 1263 987 cumque
1277 948 1360 979 solve
1374 951 1424 988 nt,
1445 948 1467 978 i.
1484 956 1516 978 e.
1540 951 1736 990 utcumque,

282 990 419 1022 Marcil.
455 989 534 1021 mihi
547 989 642 1021 corda
655 989 751 1028 solve,
767 991 838 1029 aut,
852 987 930 1019 milti
944 987 1042 1029 iyngo
1054 990 1137 1020 solve
1152 988 1305 1021 Crusius.

941 1081 1085 1114 NOTAE

326 1161 366 1190 13
393 1158 422 1188 0
438 1158 530 1188 dem
546 1154 671 1196 Phoebi]
696 1154 872 1187 Citharam
894 1155 985 1187 enim

279 1209 356 1248 ipse
386 1207 516 1239 dicitur
545 1204 735 1243 invenisse;
770 1204 878 1246 lyram
905 1214 986 1236 vero

279 1256 344 1289 sibi
367 1263 563 1288 concessam
573 1263 594 1285 a
607 1253 783 1286 Mercurio
799 1254 895 1286 velut
910 1263 987 1295 pro—

279 1307 388 1348 priam
405 1313 598 1346 usurpasse.
634 1304 736 1337 Quod
756 1303 865 1336 fusius
882 1313 985 1345 supra

280 1356 395 1389 monui
410 1355 479 1387 Od.
494 1364 531 1388 x.

323 1406 471 1448 Dapibus
492 1405 628 1447 supremi
654 1405 759 1438 Gmta
781 1407 904 1438 testudo
926 1407 984 1438 Jo-

277 1456 344 1498 m's]
386 1456 485 1490 Jovis
515 1456 654 1497 epulum
685 1466 816 1488 summa
848 1457 984 1497 laetitia,

277 1507 436 1549 adeoque
452 1516 520 1538 non
534 1506 607 1538 sine
626 1506 772 1539 Musicae
789 1517 829 1539 ac
840 1508 981 1540 citharae

269 1559 491 1602 jucunditate
499 1558 749 1592 celebrabatur.
763 1559 891 1592 Athen.
901 1568 925 1591 x
932 1569 983 1592 iv.

277 1612 312 1641 6.
327 1619 372 1642 ex
388 1609 540 1642 Homero
557 1609 628 1641 ait:
651 1609 663 1628 ⁸
679 1610 849 1642 citharam
863 1610 982 1651 epula·

275 1669 353 1692 rum
369 1660 495 1695 sociam
508 1669 528 1691 a
542 1659 618 1691 Diis
633 1657 760 1692 factam
774 1671 782 1692 z
794 1660 804 1675 ’
822 1660 980 1702 quoniam

274 1710 372 1743 utilis
386 1709 650 1742 convivantibus
667 1720 722 1742 ars
744 1710 892 1750 Musica,
911 1714 983 1742 tum

275 1760 368 1802 quod
384 1761 650 1794 temulentorum
673 1761 902 1802 petulantiam
922 1760 985 1792 mi-

275 1811 364 1852 tiget
389 1815 427 1842 et
448 1810 622 1850 cohibeat,
654 1814 729 1842 tum
760 1809 852 1852 quod
878 1809 984 1842 tristi-

276 1861 360 1892 tiam
388 1860 564 1900 discutiat,
594 1860 838 1902 liberalemque
873 1861 984 1902 pariat

273 1910 443 1942 laetitia‘m.
495 1911 719 1951 Quapropter
750 1910 921 1942 Homerus
947 1910 986 1941 iu

274 1959 387 2000 prima
403 1958 529 1997 Iliade,
549 1964 627 1999 post
649 1959 864 1991 ambitiosam
887 1960 984 1991 illam>

274 2007 319 2039 de
333 2006 468 2039 Achille
489 2008 758 2047 contentionem,
780 2007 882 2048 fingit
903 2009 982 2039 Mu·

275 2056 346 2088 sica
369 2057 465 2088 Deos
491 2057 654 2095 recreari,
680 2056 842 2098 Apolline
871 2055 981 2087 citha-

275 2115 349 2138 ram
362 2106 531 2147 pulsante,
546 2105 657 2136 Musis
669 2105 884 2136 autemdulci
896 2114 982 2137 voce

274 2154 533 2188 accinentibus:
559 2158 597 2186 et
617 2154 721 2195 paulo
741 2158 820 2195 post
840 2153 981 2194 subjun-

274 2206 337 2248 git,
367 2205 499 2247 priscos
520 2204 680 2236 statuisse
706 2205 858 2236 Deorum
882 2203 978 2244 hym-

274 2266 336 2288 nos
351 2256 387 2288 in
401 2255 565 2287 conviviis
582 2254 726 2295 cantari,
753 2258 792 2285 ut
817 2262 978 2285 reveren-

274 2306 323 2338 tia
346 2304 520 2337 numinum
545 2304 718 2346 graviores
746 2303 871 2336 fierent
894 2313 978 2346 epu-

273 2355 420 2388 lantium
434 2364 557 2391 mores,
571 2356 637 2386 ὅτε.
722 2350 726 2354 ’

319 2409 358 2437 15
382 2405 485 2437 Dulce
498 2403 648 2444 lenionen]
672 2403 799 2436 Athen.
821 2413 901 2436 mox
915 2403 975 2435 cit.

273 2455 367 2488 Ibid.
396 2456 406 2473 ‘
424 2455 615 2487 Fon-tissimi
646 2453 783 2497 quidem
816 2454 978 2487 Laceda-

274 2505 382 2538 monii
389 2514 466 2538 cum
479 2505 562 2538 tibia
576 2504 642 2537 sub
651 2504 756 2547 signis
769 2509 869 2537 sunt:
893 2505 977 2538 Cre-

1040 1160 1156 1188 tenses
1173 1165 1250 1188 cum
1268 1156 1356 1198 lyra,
1370 1165 1446 1189 cum
1459 1156 1581 1190 fistulis
1595 1162 1634 1190 et
1648 1158 1742 1191 tibiis

1041 1207 1144 1248 Lydi,
1159 1212 1200 1240 nt
1214 1207 1336 1240 scribit
1352 1207 1559 1241 Herodotus.
1592 1209 1648 1240 Ex
1662 1210 1742 1242 har·

1042 1258 1132 1290 baris
1148 1264 1262 1291 autem
1279 1259 1377 1290 multi
1402 1259 1535 1301 legatos
1558 1260 1601 1292 ad
1622 1259 1742 1292 hostes

1039 1319 1116 1340 cum
1134 1309 1228 1340 tibiis
1252 1313 1288 1341 et
1309 1309 1442 1341 cithara
1460 1309 1615 1346 mittunt.
1630 1315 1670 1341 nt
1683 1319 1742 1342 co-

1040 1369 1113 1390 rum
1124 1358 1268 1391 infestas
1280 1359 1609 1392 mentes-emolliant.
1632 1360 1743 1393 Theo·

1039 1418 1184 1449 pompus
1203 1409 1335 1441 Histor.
1349 1409 1408 1441 lib.
1424 1417 1526 1442 nn.
1547 1409 1657 1441 tradit
1670 1410 1741 1442 Ge-

1038 1462 1150 1490 tarum
1168 1459 1300 1498 legatos
1323 1459 1473 1491 citharas
1489 1460 1667 1501 pulsantes
1681 1460 1740 1492 ad·

1039 1507 1178 1539 venire-³
1201 1508 1291 1540 Haec
1305 1508 1375 1540 ille.
1396 1509 1543 1542 Constat
1555 1515 1653 1542 certe
1667 1519 1740 1542 mu-

1037 1557 1116 1589 sicis
1127 1557 1268 1589 moduli·
1282 1566 1323 1589 ac
1347 1558 1487 1591 citharae
1512 1563 1616 1591 cantu
1640 1560 1739 1591 leniri

1039 1608 1233 1640 anxietates
1254 1607 1370 1648 animi,
1398 1617 1440 1640 ac
1462 1608 1587 1641 discuti
1610 1610 1739 1642 moesti-

1039 1658 1144 1689 tiam:
1169 1660 1268 1698 patet
1289 1665 1334 1689 ex
1356 1659 1467 1690 saeris
1490 1659 1594 1690 etiam
1610 1659 1738 1692 codici-

1037 1707 1110 1748 buu,
1125 1709 1143 1739 1
1161 1708 1248 1748 Reg.
1264 1715 1342 1740 xvr.
1360 1706 1420 1739 ubi
1432 1707 1519 1740 Saul
1530 1709 1624 1750 malo
1635 1718 1737 1741 vexa·

1038 1763 1093 1791 tus
1120 1759 1256 1800 spiritu,
1283 1759 1449 1792 citharam
1479 1760 1638 1801 pulsante
1666 1761 1736 1794 Da-

1037 1808 1130 1849 vide,
1145 1813 1323 1841 recreatur
1337 1817 1376 1840 ac
1391 1809 1633 1842 levius-haber.
1665 1811 1737 1843 Βο-

1037 1858 1146 1890 ratius
1160 1857 1241 1890 Ode
1252 1858 1468 1899 praecedenti
1486 1863 1662 1892 senceum
1674 1851 1736 1893 'ex-

1035 1913 1138 1950 optat
1152 1908 1295 1940 citharas
1318 1908 1661 1942 oblectamentum
1678 1920 1736 1943 ca-

1036 1963 1181 1990 rentem.
1489 1972 1493 1975 ·

1080 2007 1234 2049 Cumque]
1257 2009 1443 2049 Expletiva
1454 2010 1613 2042 solumvet
1626 2010 1736 2044 inanis

1035 2056 1173 2088 videtur
1190 2058 1476 2097 quibusdan->istu
1489 2069 1575 2092 νοις
1596 2061 1739 2094 sednon*

1035 2108 1134 2136 vacat
1147 2110 1282 2142 ornatu,
1297 2114 1443 2147 eamque
1454 2117 1522 2139 non
1545 2117 1624 2141 raro
1639 2111 1737 2143 adhi-

1034 2154 1118 2187 bere
1142 2155 1268 2187 amavit
1290 2160 1410 2188 noster
1429 2155 1545 2188 Poeta
1567 2167 1735 2201 nusquam

1033 2214 1149 2236 vanus.
1183 2205 1240 2237 Sic
1265 2205 1406 2237 Terent.
1434 2207 1445 2224 ‘
1458 2206 1644 2248 adesdum:
1670 2218 1734 2250 pro

1031 2255 1042 2271 ‘
1057 2254 1162 2286 ades!
1197 2254 1255 2287 Sic
1276 2256 1342 2286 πῶς
1365 2264 1477 2297 neque
1502 2257 1637 2290 Grecis
1667 2267 1732 2291 nec

1031 2305 1107 2337 aliis
1129 2305 1292 2338 hactenus
1317 2305 1476 2348 παρέλκοι*
1499 2307 1734 2342 existimatum

1031 2359 1094 2386 est.

1073 2404 1181 2446 Salve]
1203 2404 1352 2437 Videtur
1373 2404 1428 2437 hic
1450 2405 1655 2448 significare,
1680 2417 1731 2440 sa-

1029 2454 1095 2486 luti
1117 2454 1177 2491 sis,
1203 2453 1302 2496 fave,·
1323 2455 1471 2487 lenimen
1500 2459 1538 2487 et
1566 2456 1728 2489 auxilium

1031 2508 1169 2545 praesta.
