1916 3190
262 227 345 270 158
753 243 796 280 Q.
828 242 1038 273 HoRA'ru
1072 243 1244 274 nacci

431 337 549 379 Bimi
573 351 673 380 cum
694 341 848 392 patera
867 338 974 379 meti
993 350 1004 379 ε
1657 343 1720 384 15

491 403 694 445 Mactata
714 404 861 445 veniet
879 404 1022 445 lenior
1042 404 1211 446 hostia.

259 500 336 532 mihi
351 499 464 542 afferte
477 510 546 532 cum
560 505 679 532 cratere
694 500 760 532 vini
776 501 862 533 bimi.
910 502 988 532 Post
1002 502 1193 534 immolatam
1206 501 1364 535 victimam
1379 503 1487 535 mitior
1493 504 1556 545 fiet
1570 505 1717 547 Glycera.

919 585 951 618 N
958 585 1063 618 O'rAE

303 651 343 680 15
367 648 456 681 Bimi
488 659 557 681 cum
584 650 821 691 paterwmeri]
855 650 960 687 Bimi,

258 699 294 731 id
317 704 386 740 est,
409 699 553 732 duorum
575 711 758 733 annornm:
781 703 823 733 da
849 703 903 733 vin
923 703 962 734 de

258 750 342 782 deux
354 749 493 789 feuilles.
538 750 761 784 Affectabant
775 756 910 784 veteres
925 752 960 783 in

259 799 364 831 sacris
396 804 492 832 vetus
522 801 650 842 vinum,
678 805 842 843 tanquam
871 802 961 843 opti·

258 858 362 887 mum,
396 849 478 882 item
509 861 639 892 merum,
663 857 700 883 et
730 861 851 893 purum
884 852 958 884 sine

259 909 357 941 aquae
368 899 589 932 admixtione.
610 902 852 942 Quapropter‘
863 901 960 934 Grae-

258 958 299 981 ca
314 950 393 981 vina
406 950 510 981 libare
532 950 643 991 nefas,
663 951 821 992 quoniam
837 961 957 994 aquam

256 998 444 1038 habeant3'
466 1008 508 1030 ex
524 999 617 1031 Plin.
635 1009 716 1032 x1v.
734 1003 786 1032 19.

301 1051 342 1080 16
363 1049 510 1080 Mactata
530 1049 633 1081 veniet
647 1049 747 1081 lenior
761 1049 878 1091 hostia]
903 1050 958 1081 An

256 1099 373 1130 Venus
381 1108 467 1130 saeva
481 1099 670 1140 Cupidinum
679 1102 802 1137 malem
820 1109 862 1131 an
876 1099 961 1141 Gly-

257 1146 513 1190 ceraproterca2
539 1148 640 1181 Hanc
651 1157 715 1189 ego
727 1149 852 1190 potius,
860 1159 960 1191 quam

256 1199 348 1230 illam
369 1199 515 1240 intelligi
535 1199 578 1231 ab
596 1199 741 1232 Horatio
756 1200 960 1240 censuerim,

257 1249 420 1281 leniorem
446 1248 609 1289 futuram,
640 1259 717 1291 quae
747 1249 835 1281 dura
865 1250 960 1291 prius

257 1309 342 1341 erga
351 1300 446 1332 illum
462 1303 499 1332 et
514 1299 653 1331 immitis
666 1298 790 1332 fuerat.
818 1299 960 1331 Scilicet

255 1351 319 1382 hoc
331 1354 450 1391 sperat
459 1359 521 1391 per
527 1349 673 1381 Veneris
682 1347 846 1389 favorem,
857 1358 959 1390 quem

256 1409 355 1431 sacro
372 1404 514 1440 peracto
526 1398 634 1431 ambit
646 1403 682 1431 et
694 1399 758 1430 sibi
773 1399 957 1431 conciliare

255 1449 390 1482 nititur.
433 1448 573 1481 Atenim
598 1449 689 1491 quod
715 1449 798 1480 illud
829 1449 956 1481 sacrifi-

256 1497 366 1531 cium?
388 1499 476 1533 Quae
498 1499 610 1531 hostia
633 1499 835 1531 mactanda?
856 1499 957 1531 hostia

255 1549 392 1591 quidem
421 1553 458 1581 et
489 1549 628 1581 victima
663 1547 836 1589 differunt,
866 1549 957 1591 quod

256 1599 331 1631 haec
354 1599 466 1632 minor
492 1599 547 1640 sit,
569 1600 627 1631 illa
649 1600 770 1641 major.
810 1600 957 1632 Mactata

257 1659 358 1691 porro
373 1649 512 1690 dicitur,
532 1650 629 1691 qnasi
646 1650 754 1690 magis
768 1654 884 1689 aucta,
898 1659 958 1682 cu-

252 1701 307 1742 jus
323 1700 430 1742 capiti
454 1700 613 1732 nimirum
634 1700 795 1742 imposita
819 1709 861 1732 ex
883 1700 959 1732 hor-

257 1752 323 1782 deo
339 1754 431 1783 tosto
447 1751 549 1791 mola,
558 1751 628 1782 sale
641 1759 842 1791 conspersa,
857 1750 958 1783 thure

257 1802 381 1835 suffita.
427 1802 516 1834 Sunt
531 1802 589 1843 qui
604 1802 775 1833 Venerem
797 1801 959 1842 sanguine

257 1863 323 1884 non
340 1853 467 1894 placari
484 1861 547 1884 nec
563 1861 653 1884 caesa
666 1852 807 1884 victima
826 1851 960 1893 pridem

256 1903 390 1934 solitam
423 1901 658 1940 contendant3
688 1911 729 1933 eo
752 1901 841 1944 quod
867 1901 958 1942 geui-

258 1952 327 1983 trix
355 1951 479 1992 passim
502 1956 707 1989 vocaretur3
729 1960 794 1982 nec
817 1951 959 1982 deceret

257 2010 332 2031 eam
357 2000 406 2030 ita
428 1999 507 2038 coli,
533 2007 595 2038 per
618 2007 719 2039 quam
744 1999 817 2029 vita
833 1998 956 2030 datur:

258 2048 471 2089 afferuntque
505 2047 626 2086 Virgil.
658 2046 790 2078 AEneid.
825 2056 851 2078 r.
881 2050 957 2078 419.

258 2099 317 2131 nbi
331 2098 368 2130 in
396 2097 524 2138 templo
546 2095 691 2127 Veneris
711 2095 856 2136 Paphiae
879 2095 958 2127 thus

1016 655 1052 683 et
1068 655 1162 683 serta
1176 651 1346 683 duntaxat
1359 656 1589 684 memorantur
1604 664 1611 683 :
1633 654 1643 672 ‘
1659 653 1718 696 lp.

1016 711 1054 732 sa
1079 701 1236 742 Paphum
1261 701 1416 737 sublimis
1441 702 1524 742 abit,
1547 703 1717 748 sedesque

1017 751 1134 783 revisit
1159 752 1254 783 Laeta
1277 761 1366 787 suas,
1390 751 1448 783 ubi
1475 755 1640 794 templum
1655 754 1719 796 illi,

1015 806 1223 844 centumque
1238 801 1360 834 Sabaeo
1373 802 1485 834 'rhure
1502 804 1615 835 calent
1634 799 1716 843 araej

1016 851 1185 894 sertisque
1215 852 1410 884 recentibus
1438 853 1580 886 halant!
1622 855 1717 888 Hinc

1012 906 1050 933 et
1064 903 1223 934 Erasmus
1238 903 1350 934 locum
1367 903 1457 935 hunc
1471 903 1518 935 nic
1539 905 1714 946 explicat:

1012 951 1199 992 Postquam
1228 951 1401 983 Venerem
1430 952 1612 993 placavere
1640 964 1715 987 ver-

1013 1000 1121 1036 benis,
1138 1001 1249 1041 thure,
1263 1000 1354 1040 vino,
1365 1010 1409 1032 ex
1425 1011 1517 1034 more
1533 1013 1543 1041 ;
1565 1002 1717 1044 Glycera

1014 1051 1133 1082 veniet
1146 1050 1266 1091 leuior,
1291 1050 1426 1093 eritque
1452 1055 1522 1083 tam
1547 1050 1659 1086 facilis
1674 1063 1717 1087 ac

1015 1099 1158 1141 domita,
1194 1109 1294 1142 quam
1327 1100 1373 1132 sit
1408 1100 1517 1133 hostia
1551 1107 1714 1137 mactata.

1017 1149 1232 1181 Dormitasse
1247 1159 1328 1181 vero
1340 1149 1398 1181 ille
1413 1149 1520 1182 bonus
1537 1155 1620 1185 tunc
1640 1163 1716 1186 cre-

1015 1200 1157 1241 dendus,
1181 1210 1259 1232 meo
1287 1200 1426 1243 quidem
1450 1200 1599 1242 judicio.
1643 1202 1717 1236 Atii

1013 1255 1135 1282 contra
1150 1250 1316 1290 sentiunt,
1334 1250 1480 1283 hostiam
1504 1251 1559 1284 hic
1582 1252 1626 1286 ab
1642 1252 1715 1286 Ho-

1014 1302 1103 1334 ratio
1115 1312 1203 1334 vere·
1212 1302 1425 1336 mactandam
1441 1303 1641 1346 significari,
1652 1314 1714 1337 seu

1013 1353 1217 1392 columbam,
1251 1357 1371 1394 utpote
1410 1354 1537 1386 Veneri
1571 1355 1717 1395 sacram;

1013 1411 1075 1433 seu
1106 1411 1352 1444 quamcumque
1382 1403 1496 1445 aliam,
1532 1404 1716 1446 cruquius,

1009 1451 1201 1495 Turnebus.
1231 1451 1337 1483 Certe
1359 1452 1510 1484 ‘Veneri
1535 1462 1629 1485 suem
1653 1453 1714 1486 im-

1013 1500 1131 1532 molari
1153 1500 1357 1542 quandoque
1383 1501 1609 1534 Callimachus
1631 1504 1715 1536 scri-

1010 1549 1074 1582 bit.
1117 1551 1261 1582 Factum
1283 1550 1319 1582 id
1336 1549 1439 1593 Argis
1453 1553 1630 1586 annotavit
1645 1554 1712 1585 his·

1010 1600 1120 1632 toria!
1143 1601 1228 1632 Coel.
1241 1600 1385 1642 Rhodig.
1398 1609 1486 1634 xxv.
1501 1604 1555 1634 26.
1585 1603 1594 1621 ‘
1606 1601 1712 1645 Apud

1009 1651 1137 1683 'russas
1153 1655 1267 1683 autem
1277 1651 1311 1683 in
1323 1652 1472 1693 AEgypto
1482 1652 1624 1690 Veneri,
1633 1663 1710 1696 quae

1011 1700 1060 1731 ibi
1072 1700 1226 1732 Cornuta
1237 1701 1373 1743 colitur,
1387 1711 1524 1734 vaccam
1540 1703 1711 1737 sacrifica-

1012 1750 1079 1789 ri;'
1105 1749 1213 1783 refert
1237 1750 1339 1784 Alex.
1368 1751 1411 1784 ab
1441 1751 1542 1786 Alex.
1569 1762 1626 1786 nl.
1655 1757 1711 1788 12.

1011 1798 1120 1832 Aiunt
1148 1809 1241 1840 vero,
1265 1800 1381 1842 primis
1412 1801 1547 1842 quidem
1577 1804 1712 1836 naeculia

1012 1851 1192 1883 incruenta
1206 1850 1310 1882 fnisse
1330 1851 1458 1892 quaevia
1480 1851 1660 1894 sacrificia,
1672 1853 1715 1886 li-'

1012 1905 1188 1943 tatumque
1212 1900 1381 1933 duntaxat
1405 1901 1565 1934 arborum
1594 1900 1712 1936 frueti-

1013 1951 1087 1992 bus,
1112 1950 1226 1990 ramis,
1251 1949 1357 1990 foliis,
1372 1949 1508 1983 herbis:
1530 1955 1567 1983 at
1588 1957 1711 1994 postea

1012 2010 1110 2031 usum
1138 2000 1321 2031 invaluisse
1354 2001 1526 2033 mactandi
1559 2002 1711 2036 victimas

1011 2049 1090 2080 Diis
1105 2049 1326 2089 quibuslibet,
1337 2050 1470 2092 ipsique
1486 2051 1625 2086 Veneri.

841 2200 972 2244 ODE
1001 2201 1125 2245 XX.

769 2302 838 2332 AD
871 2300 1119 2332 MAEGENAT
1129 2302 1207 2333 EM.

257 2367 441 2400 Probabile
457 2371 512 2400 est
526 2352 754 2400 Maecenatem
777 2376 839 2408 per
860 2367 978 2399 literas
999 2367 1162 2399 invitasse
1182 2377 1218 2400 se
1241 2368 1285 2400 ad
1304 2368 1498 2412 Horatium,
1512 2374 1615 2413 atque
1629 2381 1707 2405 eum

599 2430 663 2463 per
677 2421 793 2453 ludum
808 2425 844 2453 et
853 2420 972 2462 jocum
989 2420 1049 2452 tali
1063 2421 1165 2453 modo
1181 2422 1408 2463 respondisse.

428 2496 562 2539 VILE
582 2496 760 2552 potabis
779 2495 970 2538 modicis
989 2496 1206 2538 Sabinum

305 2597 335 2626 0
351 2596 462 2629 dilecte
475 2597 634 2630 Maecenas
651 2596 767 2638 Eques,
789 2595 871 2637 apud
891 2604 940 2627 me
960 2594 1085 2636 quidem
1109 2595 1313 2627 mediocribus
1333 2595 1368 2627 in
1385 2596 1502 2637 poculis
1516 2594 1599 2628 bibes
1615 2596 1715 2649 ignes

1086 2679 1105 2690 ο·

304 2734 452 2765 Decima
466 2740 586 2776 quarta
599 2735 700 2776 hujus
716 2734 811 2767 Libri
828 2734 862 2767 in
875 2734 939 2767 Ed.
953 2733 1079 2767 Sanad.
1114 2733 1320 2766 Inscribitur
1335 2733 1371 2765 in
1386 2732 1590 2775 quibusdam
1603 2733 1704 2767 codd.

261 2779 312 2811 Ad
329 2777 532 2809 Maecenatcm
547 2778 684 2809 invitans
704 2787 773 2809 eum
796 2778 838 2809 ad
863 2780 1052 2810 coenam.-—1
1078 2776 1177 2809 Dulce
1203 2786 1265 2818 pro
1295 2776 1365 2809 Vile
1386 2776 1521 2810 emend.
1547 2776 1705 2810 Wakker.
