1916 3190
591 245 862 308 &sumnum
897 275 990 306 mu.
1023 263 1106 306 ιιι.
1126 263 1171 308 8,
1510 263 1598 306 433

383 369 531 412 Perfer
548 370 595 411 in
610 370 752 412 lucem
764 382 778 411 ε
801 369 956 423 procul
974 368 1115 410 omnis
1132 368 1227 408 oeto

724 435 905 477 Clamor
922 440 967 477 et
984 436 1063 476 ira.

384 499 518 543 Mitte
537 501 692 544 civiles
711 514 845 555 super
863 501 985 544 Urbe
1004 513 1158 552 ουτως

384 565 564 609 Occidit
584 567 700 608 Daci
718 566 947 609 Cotisonis
965 579 1147 620 agmen:

155 688 725 729 “flammasque-ddum.
768 687 1496 729 hup-mooeiJmei-qoessbeaeeefixa.
1540 687 1600 718 Di-

157 728 470 762 multitudines
492 730 682 763 decivitate.
727 731 1377 764 nemmem-eitncuinnist-i:
1399 729 1599 761 Medusn'bi-

159 884 377 920 benaa-bet
400 891 445 925 d.
469 897 547 921 cum
571 897 638 920 nou
662 888 709 921 sit
731 888 818 920 adeo
843 888 1018 920 effraenata
1033 888 1179 920 latitia!
1199 889 1376 920 snat—1⁶
1397 889 1408 907 ⁸
1427 888 1552 927 Proser,
1567 889 1599 919 ln.

158 927 336 1001 patrate.
359 930 504 970 produc,
529 931 704 966 continua.
721 931 883 962 volebant
908 930 975 963 Ge.
989 930 1125 962 Fabric.
1139 935 1176 962 et
1199 931 1246 962 N.
1262 930 1386 962 Heius.
1408 940 1466 971 ap.
1488 931 1601 962 Bentl.

173 973 247 1003 tn-
257 971 311 1003 sie
324 971 474 1004 Bentleii
488 972 612 1011 Regin.
626 977 663 1004 et
685 973 838 1013 Magdal.
853 973 1035 1014 Puimauui
1051 973 1229 1005 Gemblac.
1246 975 1275 1003 1.
1291 975 1323 1003 2.
1347 982 1412 1013 pro
1433 982 1504 1004 var.
1519 973 1602 1004 lect.

161 1014 200 1044 et
214 1011 309 1053 Iaips.
322 1015 357 1044 8.
371 1023 392 1044 a
406 1023 450 1045 m.
465 1023 520 1055 pr.
546 1014 679 1045 Bonum
693 1020 787 1046 esset
799 1019 984 1055 aptumque
1001 1014 1153 1052 verbum,
1167 1019 1203 1045 et
1218 1014 1418 1046 vocabulum
1432 1015 1497 1046 liae
1513 1015 1548 1045 in
1565 1023 1603 1045 re

160 1055 346 1094 proprium.
386 1055 456 1087 Sed
472 1056 516 1087 ob
531 1055 565 1086 id
582 1056 692 1096 ipsum
707 1057 811 1087 etiam
835 1060 980 1096 praestat
1004 1060 1198 1087 ceterorum
1223 1055 1324 1086 codd.
1334 1060 1372 1088 et
1384 1056 1485 1087 editt.
1500 1056 1604 1087 lectio

159 1095 277 1134 perfer.
289 1096 380 1137 quod
394 1097 598 1138 exquisitior
612 1102 676 1129 est.
721 1097 822 1131 Quod
837 1102 953 1129 autem
970 1098 1085 1128 Bentl.
1100 1102 1137 1129 et
1147 1098 1228 1129 San.
1238 1102 1391 1136 movent,
1406 1098 1603 1138 ambiguum

161 1145 237 1167 esse
246 1138 387 1178 proferre
398 1139 435 1170 ἐκ
447 1139 555 1179 been,
568 1139 602 1170 id
619 1139 722 1171 nolim
736 1149 848 1171 meum
863 1138 1003 1171 facere.’
1022 1139 1202 1170 Just-18
1225 1139 1399 1171 Cotisonis
1413 1140 1549 1181 plurimi
1565 1145 1604 1171 et

161 1178 282 1219 optimi
296 1180 397 1212 codd.
412 1190 469 1222 ap.
482 1182 639 1212 Torreat.
656 1181 716 1213 sed
731 1182 795 1213 boc
816 1190 883 1213 nou
896 1181 1008 1213 credit
1023 1181 1222 1219 Bentleius3
1244 1181 1424 1221 legebatur
1438 1187 1551 1213 tamen
1566 1182 1602 1212 iu

162 1219 243 1252 edd.
264 1225 419 1264 tempore
443 1223 610 1259 Lambini,
632 1228 670 1255 et
693 1222 889 1255 defenditur
909 1233 930 1255 a
955 1223 1147 1255 Broukbus.
1174 1223 1217 1255 ad
1239 1223 1402 1264 Propert.
1423 1232 1474 1255 lv.
1499 1226 1553 1254 10.
1569 1225 1603 1254 7.

164 1261 355 1301 Gonia-aia,
372 1265 564 1306 cationis,
579 1265 751 1307 CM«,
763 1266 937 1298 variantes
951 1270 1032 1297 sunt
1047 1274 1103 1307 ap.
1117 1265 1209 1300 Jani.
1243 1265 1402 1300 Cotisonis
1414 1274 1531 1299 omues
1546 1264 1604 1298 alii

817 1370 957 1403 NOTA-2

160 1441 318 1481 diurnam
341 1442 476 1475 stellam
499 1443 700 1475 matutinam
725 1443 855 1484 potabi-

160 1490 259 1524 mus!
292 1486 417 1525 Horat.
429 1491 500 1524 od.
522 1501 601 1524 xxi.
622 1502 695 1535 seq.
715 1494 725 1510 ‘
744 1492 855 1524 vivae·

161 1549 229 1582 que
252 1540 445 1582 producent
466 1541 630 1581 lucerne,
654 1542 747 1573 Dum
766 1541 855 1573 redi·

161 1598 224 1621 eus
250 1588 351 1630 fuget
366 1595 467 1622 astra
489 1590 662 1623 Phoebns!
696 1592 855 1632 Pmpert.

160 1647 210 1671 lv.
233 1641 267 1671 6.
288 1641 344 1672 86.
375 1641 387 1658 ‘
401 1640 459 1672 Sic
482 1644 618 1671 noctem
650 1644 781 1679 patera,
805 1641 856 1672 sic

162 1687 285 1720 ducam
299 1688 581 1727 earmine,donee
590 1688 729 1728 injiciat
744 1689 856 1720 radios

162 1737 288 1770 iumea
309 1738 389 1768 vina
414 1736 511 1769 dies:
546 1737 632 1768 Erat
658 1737 761 1769 etiam
777 1738 856 1769 olim

163 1785 369 1827 perpotandi
378 1791 567 1825 certamen,
575 1786 857 1827 propositumque

163 1835 352 1868 victoribus
364 1834 558 1867 bibiouibus
580 1835 768 1875 premium,
791 1836 861 1875 pla-

164 1888 277 1923 centa,
303 1890 343 1916 ut
369 1885 516 1925 amplius
544 1893 712 1924 exponam
745 1885 860 1925 Epist.

164 1937 220 1967 1⁹.
234 1934 277 1966 ad
287 1934 360 1966 bne
372 1934 476 1966 verba
487 1944 498 1965 ι
517 1933 528 1951 ‘
541 1939 709 1967 nocturno
725 1939 860 1966 certare

163 1982 282 2015 tuero.¹
317 1982 418 2016 Quod
432 1990 546 2015 autem
557 1988 735 2016 noeturuae
752 1994 859 2017 eoeuae

164 2032 316 2064 utiliores
330 2032 401 2063 sint
413 2031 562 2073 corpori,
577 2032 622 2063 ob
644 2033 748 2065 Lunae
764 2033 859 2065 sidus

164 2081 233 2112 vim
259 2080 389 2113 habeus
412 2080 676 2121 putrefaciendi,
705 2082 860 2124 adeoque

164 2131 258 2163 cibos
284 2132 532 2173 concoquendi,
553 2132 670 2173 crede,
693 2134 721 2164 si
749 2133 857 2175 lubet,

166 2181 329 2214 asserenti
344 2181 511 2213 Atheneo
524 2190 594 2213 vn.
608 2184 639 2213 1.
683 2182 776 2215 Quin
799 2192 860 2223 po·

166 2229 235 2260 tius
248 2230 399 2262 ausculta
413 2230 615 2263 casaubono
635 2241 677 2263 eo
691 2232 771 2270 loci,
781 2241 859 2264 eoc-

166 2279 295 2310 tiouem
315 2289 392 2311 eum
419 2279 674 2320 putrefactione
696 2281 859 2314 confundi

165 2336 360 2369 perperam,
378 2328 651 2370 Atbeuaeumque
665 2330 857 2371 philologia

165 2386 265 2420 qaam
288 2378 508 2421 pbilowpbin
539 2380 647 2412 saeris
676 2380 858 2421 auspicati·

166 2434 207 2458 us
229 2427 412 2469 initiatum,
440 2428 529 2460 bene
553 2429 720 2472 docteque
742 2431 858 2462 redar-

169 2477 296 2514 gae-ti.

213 2526 253 2554 15
275 2526 391 2558 Procul
402 2527 502 2559 mis
521 2531 585 2559 esto
609 2529 735 2560 Clamor
748 2533 779 2560 et
794 2529 859 2570 ira]

170 2572 359 2606 Ebrietatis
378 2575 587 2608 incommoda
601 2584 638 2610 et
652 2579 734 2610 vitia
749 2579 860 2610 Hora·

171 2621 240 2652 tina
268 2628 364 2654 arcet
388 2634 409 2654 a
433 2626 503 2656 suis
528 2628 656 2667 epulis:
679 2637 747 2669 qno
768 2628 859 2660 forte

171 2669 275 2701 etiam
296 2674 394 2705 notat
415 2671 603 2707 bonitatem
625 2682 661 2707 et
684 2677 860 2708 lenitatem

171 2717 240 2749 viui
254 2719 319 2759 sui,
344 2719 441 2759 eujus
463 2723 601 2761 cyathos
614 2731 717 2765 queat
732 2726 861 2757 Maece-

172 2773 382 2800 nascentum
405 2768 534 2808 bibere,
556 2771 645 2804 eitra
658 2782 800 2814 noxam;
823 2779 862 2806 ut

256 2820 372 2862 Detpfi.
384 2825 416 2853 et
434 2822 509 2853 Ver.
523 2823 610 2855 Clas.

851 2825 968 2858 Horat.

907 1452 973 1475 nec
994 1443 1037 1475 ad
1058 1443 1316 1476 vocifera-dum
1335 1454 1403 1477 uec
1424 1444 1469 1478 ad
1492 1445 1605 1477 rixan-

908 1492 988 1524 dum
1003 1493 1210 1533 impellatur.
1231 1493 1320 1526 Vide
1333 1503 1360 1526 1.
1373 1494 1444 1526 od.
1455 1497 1511 1526 2¹1.

952 1545 992 1574 17
1016 1541 1115 1574 Mitte
1140 1544 1245 1575 civiles
1264 1553 1358 1584 super
1387 1543 1471 1575 Urbe
1497 1544 1603 1584 curas]

909 1592 974 1623 His
990 1592 1101 1622 verbis
1126 1597 1223 1632 patet
1249 1592 1342 1623 urbis
1363 1591 1605 1632 prefecturam

909 1646 992 1671 tuuc
1026 1641 1169 1680 gessisse
1198 1641 1447 1672 Mmcenatem:
1484 1640 1543 1681 qui
1576 1640 1606 1671 si

910 1690 1062 1730 privatus
1093 1700 1174 1722 mox
1202 1690 1446 1730 appellabitur,
1472 1699 1516 1721 ne
1549 1699 1606 1721 ac·

909 1739 988 1779 cipe
1000 1739 1101 1770 aliter
1114 1749 1214 1780 quam
1230 1748 1293 1780 pat
1314 1745 1380 1779 est,
1402 1743 1440 1771 et
1460 1739 1530 1771 illic
1545 1747 1607 1770 ex·

909 1786 1057 1828 plicabu-

954 1839 995 1868 18
1020 1837 1147 1868 Occidit
1177 1838 1262 1869 Dm·
1292 1838 1449 1869 Cotisonis
1482 1847 1606 1878 agnen,

908 1885 976 1926 ξω]
1014 1885 1047 1917 Ο
1076 1886 1262 1925 Maecenas,
1287 1886 1408 1918 omitte
1433 1887 1607 1927 paululum

910 1944 1010 1966 curas
1022 1939 1060 1966 et
1073 1935 1314 1972 solicitudines,
1336 1936 1455 1977 quibus
1474 1937 1611 1968 civitati

910 1983 1070 2025 provides
1096 1984 1256 2016 sedulus:
1279 1995 1322 2016 eu
1344 1986 1458 2017 bootes
1481 1985 1609 2026 Populi

911 2033 1054 2065 Romani
1060 2033 1134 2074 jam
1146 2033 1267 2065 domiti
1278 2040 1378 2066 suut:
1401 2044 1465 2066 uee
1479 2034 1522 2066 ab
1537 2034 1607 2066 ullo

910 2083 1088 2124 quicquam
1113 2084 1344 2116 metuendum.
1380 2084 1521 2116 Cotison
1541 2085 1611 2116 Da-

911 2142 1026 2164 corum
1047 2133 1123 2165 Rex
1141 2133 1186 2164 ab
1198 2133 1356 2174 Augusto
1370 2134 1495 2166 victus.
1518 2135 1607 2167 Ποῖ.

913 2190 965 2214 lv.
994 2184 1048 2214 12.
1080 2185 1090 2200 ⁸
1107 2182 1198 2214 Daei
1225 2182 1395 2214 montibus
1427 2183 1606 2214 iubaerent.

910 2231 1082 2263 Cothonis
1095 2232 1202 2272 Regis
1213 2232 1371 2273 imperio,
1383 2233 1515 2273 quoties
1526 2241 1607 2263 con·

910 2285 1026 2312 cretus
1041 2281 1120 2322 gelu
1135 2281 1309 2313 Danubius
1322 2282 1487 2321 junxerat
1501 2281 1606 2320 ripas,

910 2329 1094 2362 decurrere
1117 2330 1272 2361 solebant
1301 2336 1338 2361 et
1367 2331 1478 2360 vicina
1500 2339 1607 2369 popu·

910 2381 983 2411 lari.
1004 2381 1124 2410 Visum
1132 2384 1185 2410 est
1194 2379 1350 2418 Augusto
1362 2383 1500 2419 gentem
1509 2379 1606 2410 aditu

910 2424 1141 2460 difficillimam
1161 2437 1383 2459 summovere.
1417 2428 1525 2460 Misso
1543 2429 1607 2469 igi-

911 2484 966 2508 tur
986 2477 1143 2515 Lentulo,
1163 2477 1252 2507 ultra
1267 2476 1462 2509 ulteriorem
1479 2478 1606 2517 repulit

911 2528 1041 2567 ripam3
1056 2527 1155 2564 citra,
1170 2526 1330 2566 praesidia
1342 2528 1532 2559 coustituit.
1547 2528 1606 2560 Sin

911 2581 992 2607 tuuc
1012 2575 1118 2605 Dacia
1138 2584 1206 2605 uon
1224 2575 1325 2613 victa,
1352 2576 1412 2606 sed
1438 2584 1607 2611 summota

912 2631 1014 2665 atque
1030 2624 1137 2654 dilata
1150 2623 1231 2654 est!
1265 2624 1356 2655 Illud
1382 2634 1463 2656 vero
1484 2631 1606 2665 postea

912 2674 1040 2705 factum
1057 2679 1121 2704 est.
1150 2673 1289 2705 Sueten.
1305 2683 1382 2714 cap.
1403 2677 1458 2708 21.
1478 2675 1604 2707 θεων.

913 2725 923 2741 ⁴
941 2722 1102 2754 Coei-cuit
1123 2727 1160 2753 et
1184 2722 1359 2755 Dacorum
1385 2724 1606 2765 incursiones,

914 2773 1021 2804 tribus
1034 2781 1150 2804 eorum
1164 2771 1308 2804 ducibus
1325 2782 1400 2806 cum
1415 2783 1534 2813 magna
1550 2784 1605 2806 co-

1449 2827 1522 2859 212
