1916 3190
204 221 290 263 364
799 228 1063 261 exemistis

205 324 410 358 desiderium
427 324 575 358 absentis
591 324 681 356 ferre
698 333 764 356 non
780 328 911 365 posset,
932 331 1066 363 semper
1087 320 1222 353 domum
1238 320 1414 353 reductam
1430 329 1514 353 esse.
1556 321 1658 355 Unde

208 380 437 411 Maecenatem
450 379 498 411 ait
512 379 642 411 Seneca
657 378 699 410 de
715 376 854 409 Provid.
876 386 907 408 c.
923 385 981 408 ιιι.
1011 376 1021 393 ‘
1039 374 1221 407 Amoribus
1238 374 1374 406 anxium
1390 383 1529 406 morosae
1545 375 1660 406 uxoris

207 430 404 473 quotidiana
431 432 574 473 repudia
596 428 802 468 deflevisse‚’
827 434 900 462 tum
923 428 1035 470 Epist.
1057 435 1156 460 cst.
1177 427 1326 459 ‘Millies
1346 436 1487 459 uxorem
1509 426 1660 465 duxisse,

207 495 308 527 quam
331 495 430 517 unam
458 483 637 517 habuerit!
681 485 759 517 Qua
786 492 824 515 re
847 481 1006 514 commoti
1032 480 1097 512 viri
1126 479 1221 512 docti
1247 487 1379 511 sumere
1402 483 1583 520 coguntur,
1605 479 1660 511 vel

207 538 411 579 desponsam
426 547 500 570 eam
515 537 701 570 Maecenati
715 546 757 569 eo
769 540 924 577 tempore
939 534 1057 576 fuisse,
1073 534 1127 565 vel
1146 542 1257 574 nuper
1271 536 1426 573 nuptam,
1439 532 1494 564 vel
1508 537 1588 573 post
1611 531 1662 564 di·

209 591 356 623 vortium
383 591 570 623 reductam.
614 591 752 633 Itaque,
776 599 852 622 eum
881 588 972 621 soliti
994 591 1108 620 essent
1129 585 1256 629 poetae,
1280 595 1344 627 pro
1365 584 1454 617 veris
1471 583 1662 616 nominibus

209 644 293 676 ficta
318 645 439 687 aequali
465 644 670 686 syllabarum
694 652 834 675 numero
858 646 895 674 et
917 641 1112 683 quantitate
1133 638 1353 675 substituere,
1369 641 1408 669 ut
1425 636 1583 669 Lesbiam
1599 646 1663 678 pro

210 697 343 738 Clodia,
374 696 535 729 Perillam
558 706 619 738 pro
643 696 800 731 Metella,
820 694 1002 735 Cynthiam
1033 703 1096 734 pro
1127 692 1272 731 Hostia3
1301 696 1372 723 tum
1403 699 1465 732 pro
1490 690 1662 722 Terentiae

211 749 347 782 nomine
376 749 418 782 ab
444 750 592 782 Horatio
618 748 826 790 Licymniam
849 748 995 789 positam
1017 756 1105 787 esse,
1127 755 1206 778 cnm
1227 745 1293 776 hoc
1319 745 1463 776 Carmen
1486 743 1522 775 in
1543 743 1664 785 vulgus

210 802 342 835 ederet.

255 855 484 897 Argumenta,
499 854 620 897 quibus
635 854 709 886 haec
722 853 837 896 opinio
851 852 1044 885 confirmari
1059 852 1178 887 soleat,
1194 851 1269 882 haec
1285 848 1357 882 fere
1374 853 1462 881 sunt.
1500 847 1667 888 Primum,

212 907 304 951 quod
321 918 369 940 vs.
386 911 439 940 13.
454 907 591 939 dicatur
604 907 614 925 ‘
627 906 763 939 domina
774 905 796 946 ς’
820 905 880 937 sed
896 904 940 936 ad
955 904 991 936 id
1006 913 1074 936 non
1089 913 1175 945 opus
1189 907 1243 935 est
1257 901 1476 944 respondere.
1513 900 1666 940 Deinde,

214 961 307 1003 quod
321 970 436 992 versus
452 962 591 992 17—20.
607 969 673 991 non
689 959 811 991 cadere
827 958 960 999 possint
975 956 1008 989 in
1024 956 1218 988 libertinam
1227 954 1353 996 (qualis
1365 958 1479 986 tamen
1491 952 1598 986 fuerit
1609 953 1666 986 Li-

214 1014 348 1055 cymnia
364 1022 505 1045 necesse
519 1013 575 1049 sit,
587 1012 614 1044 si
631 1021 692 1054 pro
707 1010 845 1043 Horatii
859 1010 969 1043 amica
981 1007 1188 1050 habeatur);
1211 1017 1289 1039 nam
1307 1007 1343 1038 in
1358 1006 1461 1038 sacris
1477 1005 1670 1038 solennibus

215 1077 283 1099 non
296 1066 358 1098 nisi
375 1066 536 1107 ingenuas
551 1065 698 1107 virgines
714 1067 752 1096 et
765 1067 938 1095 matronas
953 1062 1113 1094 saltasse:
1139 1070 1238 1103 quem
1254 1060 1288 1091 in
1303 1058 1406 1091 finem
1418 1057 1535 1090 Bentl.
1551 1056 1672 1090 laudat

216 1119 342 1151 Horat.
372 1117 416 1151 A.
442 1118 486 1149 P.
506 1119 580 1150 232.
607 1126 661 1148 xv.
678 1116 748 1148 od.
764 1119 797 1149 6.
811 1118 866 1148 31.
911 1114 1063 1147 Omnino
1079 1124 1122 1146 ex
1137 1114 1189 1145 his
1201 1120 1439 1154 agnoscamus,
1456 1110 1544 1153 quod
1566 1108 1670 1151 facile

217 1180 280 1212 per
305 1179 342 1203 se
363 1169 581 1210 intelligitur,
598 1179 618 1200 a
640 1167 912 1210 religiosioribus
929 1176 969 1199 ac
985 1166 1234 1198 solennioribus
1256 1163 1506 1203 saltationibus,
1524 1162 1559 1194 in
1574 1161 1671 1197 Urbe

216 1223 385 1267 inprimis,
400 1222 556 1254 exclusas
570 1220 677 1254 fuisse
696 1221 899 1261 libertinas3
919 1219 982 1252 sed
999 1219 1081 1262 quid
1103 1219 1242 1252 taudem
1257 1223 1360 1260 cogat
1380 1227 1442 1250 nos
1462 1216 1618 1255 credere,
1631 1214 1675 1247 iis

217 1276 309 1308 omni
324 1275 460 1315 omnino
474 1274 565 1308 festa
577 1274 694 1307 talium
709 1273 839 1307 dierum
853 1273 987 1314 latitia,
1002 1273 1106 1306 etiam
1122 1272 1234 1305 minus
1249 1280 1360 1313 sacra,
1373 1280 1450 1312 quae
1466 1269 1550 1302 etin
1563 1267 1674 1308 Urbe,

218 1334 253 1361 et
270 1328 353 1368 ruri,
367 1338 408 1360 ac
430 1327 464 1359 in
478 1327 673 1360 nemoribus
688 1331 859 1368 ageretur,
875 1327 1060 1358 carendum
1076 1324 1204 1357 fuisse?
1236 1324 1314 1357 Hoc
1329 1323 1425 1356 nobis
1437 1331 1539 1355 nemo
1554 1321 1676 1354 obtru-

218 1382 290 1413 det.
337 1380 498 1420 Accedit,
509 1380 600 1422 quod
615 1389 658 1412 ex
674 1380 822 1421 Augusti
836 1379 978 1411 historia
993 1383 1142 1418 constat,
1155 1378 1298 1410 libertos
1309 1377 1434 1409 multos
1449 1385 1569 1417 magna
1583 1373 1675 1415 apud

218 1434 313 1465 illum
329 1433 441 1474 gratia
456 1433 616 1473 valuisse,
632 1435 736 1474 atque
758 1431 845 1464 adeo
872 1432 1123 1473 provinciarum
1143 1434 1384 1472 procuratores
1399 1428 1443 1460 ab
1458 1437 1500 1460 eo
1513 1436 1590 1459 esse
1604 1425 1676 1458 fac·

218 1491 285 1519 tos.
329 1486 420 1518 Talis
434 1485 577 1518 bominis
597 1484 702 1518 filiam
718 1488 778 1517 aut
793 1494 943 1517 sororem
959 1485 1034 1527 quis
1050 1493 1152 1518 ausus
1167 1482 1273 1515 fuerit
1289 1481 1331 1514 ab
1346 1479 1513 1523 ejusmodi
1528 1479 1677 1512 solenni-

220 1539 284 1571 bus
310 1538 511 1571 retnovete?
554 1537 713 1580 Denique
736 1541 862 1579 urgent
883 1537 1036 1578 inprimis
1057 1537 1132 1575 boc,
1152 1534 1242 1577 quod
1261 1543 1282 1567 a
1300 1543 1350 1567 vs.
1365 1535 1421 1566 21.
1435 1537 1556 1574 aperte
1571 1531 1677 1574 ipsius

219 1591 426 1623 Maecenatis
439 1590 550 1622 amica
562 1590 787 1630 intelligenda
800 1589 856 1622 sit.
898 1589 968 1622 Sed
982 1589 1059 1622 nolo
1076 1593 1232 1630 repetere
1239 1588 1311 1629 jam
1323 1587 1420 1619 dicta
1434 1586 1470 1619 in
1485 1585 1592 1618 obss.

264 1644 393 1677 Verum
411 1643 515 1676 etiam
530 1642 711 1675 ostendere
730 1642 941 1682 volebamus,
956 1651 1058 1684 quam
1074 1649 1194 1682 parum
1215 1639 1282 1672 sibi
1297 1645 1456 1672 constare
1470 1643 1587 1680 posset
1602 1637 1678 1670 nni-

222 1707 321 1730 versa
341 1697 532 1739 descriptio
551 1696 731 1736 Carminis,
752 1695 782 1727 si
806 1695 851 1727 de
873 1694 1039 1727 Terentia
1064 1693 1295 1734 acciperetur.
1335 1692 1346 1710 ‘
1361 1691 1440 1724 Non
1465 1691 1600 1732 possnm'
1620 1700 1679 1724 res

221 1750 378 1783 heroicas
393 1754 430 1782 et
441 1749 588 1791 grandes
604 1758 742 1781 canere.
776 1748 948 1781 Victorias
961 1747 1107 1789 Augusti
1123 1746 1200 1787 tibi,
1214 1746 1403 1785 Maeeenas,
1418 1744 1576 1785 relinquo
1589 1744 1682 1776 eele-

223 1804 384 1836 brandas.
429 1804 506 1846 Ego
530 1807 665 1836 tantum
691 1801 868 1835 celebrare
890 1811 1026 1843 possum
1050 1809 1189 1833 uxorem
1212 1809 1240 1831 s.
1260 1798 1404 1830 amicam
1426 1795 1546 1829 tum!
1589 1795 1684 1830 Quid

223 1858 333 1889 minus
355 1861 473 1899 aptum
490 1856 636 1897 cogitari
658 1855 767 1898 possit
782 1856 843 1888 tali
866 1864 1024 1888 sensuum
1041 1854 1156 1887 nexu?
1186 1853 1232 1885 Et
1247 1860 1362 1884 nonne
1376 1849 1559 1892 profitetur
1572 1848 1686 1881 Hora-

225 1910 293 1942 tius
309 1909 468 1941 universa
483 1908 652 1940 Carminis
668 1908 904 1949 conversione,
919 1918 956 1940 se
970 1917 1085 1940 amare
1101 1905 1332 1948 Licymniam?
1366 1903 1490 1936 Nonne
1505 1901 1542 1934 id
1555 1901 1686 1934 docent

226 1962 337 1993 teneri
351 1969 392 1992 ac
406 1961 525 1992 molles
541 1960 645 2001 modi,
662 1961 785 2002 quibus
800 1970 876 1992 eam
891 1960 1044 1992 cecinit?
1088 1959 1174 1993 Quis
1184 1962 1254 1990 tam
1266 1962 1388 1990 acutus
1400 1960 1468 1998 est,
1481 1955 1539 1997 qui
1554 1958 1684 1988 amato—

226 2022 297 2045 rem
323 2022 344 2044 a
364 2011 477 2044 Poeta
502 2012 699 2044 discernere
725 2013 854 2053 possit?
897 2011 1074 2052 Profecto,
1096 2010 1222 2053 siquid
1237 2020 1300 2052 ego
1313 2009 1427 2050 video,
1438 2007 1686 2049 Poetaparum

226 2065 378 2108 prudens
400 2068 476 2097 erat
497 2074 684 2107 parumque
707 2064 873 2105 urbanus,
894 2065 954 2106 qui
977 2065 1021 2096 ad
1045 2064 1287 2103 Maecenatem,
1309 2070 1425 2094 amore
1440 2060 1610 2094 Terentia
1625 2057 1688 2092 fln-

229 2122 396 2161 grautem,
409 2117 472 2149 hoc
486 2117 586 2149 modo
602 2117 783 2150 scriberet.
830 2117 988 2158 Denique
1004 2116 1087 2148 illud
1098 2114 1260 2148 festivum
1276 2122 1384 2156 prope
1399 2113 1445 2147 sit
1459 2118 1496 2145 et
1508 2111 1686 2146 subridere

230 2180 292 2204 nos
315 2175 430 2211 cogat,
455 2170 544 2211 quod
564 2169 610 2209 (si
630 2178 812 2211 sequamur
830 2170 922 2201 illam
945 2168 1157 2210 opinionem)
1178 2167 1344 2201 Horatius
1365 2174 1420 2198 res
1435 2173 1586 2206 magnas,
1601 2172 1685 2204 quas

230 2224 482 2265 ipsumcanere
510 2226 602 2254 vetet
623 2221 794 2254 Terentiae
817 2220 1049 2262 pulchritudo,
1069 2230 1128 2253 eas
1147 2222 1374 2254 Maecenatem
1389 2221 1576 2252 amatorem
1597 2216 1687 2249 eele-

230 2278 332 2314 brare
345 2275 477 2319 jubeat,
492 2284 538 2308 vs.
554 2278 584 2309 9.
