1916 3190
282 197 339 237 54
746 207 916 239 Marna
948 208 1261 240 ΗοκΑΤιΑΝΑ.

336 302 375 338 5.
403 298 682 338 Tetrametrum
711 299 973 351 Dactylicum.
1029 300 1071 338 Si
1090 300 1235 339 desinit
1254 299 1293 337 in
1321 297 1572 351 Spondaeum,
1589 299 1728 338 Archi-

283 361 478 400 lochium:
500 361 613 400 sinin
634 362 863 412 Dactylum,
884 362 1146 401 Alcmanium.
1202 361 1428 400 Hexametri
1453 362 1591 412 Κάμμα
1609 364 1730 412 ἀρκτι-

282 426 358 463 κόν·
390 437 439 464 ex
475 432 583 477 parte
617 424 812 476 superiore
845 437 1004 464 versus:
1034 424 1200 476 δίμοιρον
1230 427 1355 470 ἔπους,
1384 425 1463 463 Bes
1490 424 1728 464 Hexametri.

283 485 470 527 Bucolica
496 494 614 535 tome,
651 488 690 526 in
727 488 1008 528 Tetrametrum
1040 488 1286 528 Alcmanium
1327 487 1530 526 Pastorale
1562 487 1728 526 Carmen

281 549 506 597 Theocrito,
524 563 641 602 quam
655 550 818 602 Virgilio
837 551 1080 603 frequentius
1098 551 1275 591 coeditur.
1333 550 1588 602 Postponitur
1599 551 1729 588 Hexa-

281 619 421 652 metro.
441 627 471 652 ι.
492 612 573 651 Od.
594 614 634 652 7.
654 614 721 652 28.
751 613 878 665 Epod.
901 627 988 652 xn.

336 677 375 714 6.
406 676 639 720 Heroicum:
674 676 794 728 Epos.
815 690 846 717 1.
873 677 951 715 Od.
972 679 1010 716 7.
1027 679 1093 716 28.

282 734 534 778 Praemittitur
551 738 789 778 Tetrametro
809 740 993 786 Heroieo,
1013 739 1138 791 Epod.
1163 752 1249 778 xu.
1306 738 1605 777 Penthemimeri
1627 739 1733 777 Dac-

281 801 414 852 tylico,
436 815 482 840 1v
518 802 595 841 Od.
617 805 655 841 7.
710 803 882 842 Iambico
903 804 1092 850 Dimetro,
1113 802 1243 854 Epod.
1281 815 1378 841 Χιν.
1413 815 1488 840 xv.
1543 800 1731 840 Trimetro

279 874 391 915 puro,
413 865 539 915 Epod.
561 878 658 903 Χνῐ.
716 865 932 904 Horatiano
960 879 1030 904 seu
1060 864 1306 904 Archilochio
1327 864 1545 915 composito
1563 877 1611 903 ex
1630 864 1732 902 Iam-

279 927 369 965 bico
389 927 563 966 Dimetro
582 934 623 966 et
641 927 941 967 Penthemimeri
960 927 1183 979 Dactylico,
1204 926 1331 978 Epod.
1354 939 1462 965 xul.

335 992 372 1028 7.
401 990 657 1029 Trochaicum
676 990 737 1028 vel
758 991 968 1029 Choricum
987 991 1205 1029 Dimetrum
1224 988 1521 1028 Catalecticum.
1545 987 1733 1035 Ληκύθιον

283 1052 541 1103 Euripidium.
577 1053 915 1104 Complementum
936 1052 1258 1091 Penthemimeris
1278 1052 1401 1090 lamb.
1421 1051 1474 1089 ad
1490 1051 1733 1090 Trimetrum.

282 1114 529 1166 Praeponitur
549 1116 720 1155 Iambico
738 1116 929 1155 Trimetro
948 1115 1205 1155 Catalectico.
1231 1128 1282 1153 11.
1303 1113 1382 1154 Od.
1405 1115 1468 1152 18.

338 1180 376 1216 8.
406 1179 623 1217 Dimetrum
642 1179 869 1219 Iambicum.
916 1180 1138 1218 Succinitur
1162 1179 1376 1225 Trimetris,
1394 1177 1500 1216 unde
1519 1175 1646 1228 Epodj
1666 1189 1736 1215 no-

283 1254 372 1279 men
410 1241 597 1293 inprimis.
637 1241 763 1293 Epod.
793 1255 818 1281 a
851 1256 881 1281 1.
909 1242 959 1281 ad
990 1256 1034 1282 Χ.
1069 1243 1162 1282 item
1192 1240 1455 1288 Hexameffls,
1487 1239 1612 1291 Epod.
1637 1252 1734 1277 Χιν.

286 1315 362 1341 xv.
422 1304 550 1343 Nota:
585 1304 804 1343 Dimetrum
842 1305 1098 1344 Trochaicum
1135 1304 1421 1343 Catalecticum
1454 1302 1487 1341 si
1522 1309 1736 1341 connectas

282 1379 372 1405 cum
407 1367 585 1406 Dimetro
617 1368 787 1406 Iambico
818 1368 1063 1415 Acatalecto,
1101 1368 1296 1411 exhibebit
1333 1365 1604 1417 Septenarium
1639 1365 1737 1404 Tro-

283 1429 476 1477 chaicum,
494 1430 561 1481 qui
581 1438 643 1469 est
661 1444 795 1470 versus
817 1432 989 1471 Cornicis
1008 1444 1197 1483 perquam
1217 1429 1431 1469 familiaris.

339 1493 379 1531 9.
407 1493 625 1532 Alcaicum.
675 1494 886 1533 Iambicum
912 1494 1129 1533 Dimetrum
1150 1492 1533 1546 Hypercatalectum.
1582 1491 1737 1530 Ennea—

285 1555 479 1607 syllabum
499 1556 537 1593 in
557 1556 717 1596 Alcaico
742 1557 911 1596 carmine
938 1557 1091 1596 Tricolo
1117 1555 1395 1608 Tetrastropho
1420 1556 1574 1594 tertiam
1602 1554 1737 1593 sedem

285 1630 438 1669 semper
457 1618 622 1658 obtinet.

343 1682 404 1719 10.
435 1680 648 1720 Iambicum
678 1681 909 1722 Trimetrum
946 1683 1229 1722 Catalecticum
1259 1681 1646 1734 Hendecasyllabum
1675 1680 1737 1718 bis

286 1744 390 1795 apud
410 1744 618 1782 Horatium
636 1747 845 1797 reperitur:
876 1760 906 1785 1.
928 1746 1006 1786 Od.
1024 1749 1064 1785 4.
1095 1747 1344 1798 subjunctum
1367 1745 1496 1784 versui
1519 1743 1738 1795 composito

286 1820 334 1845 ex
355 1807 542 1846 Bucolico
560 1814 601 1846 et
621 1808 882 1860 Ithyphallico
899 1822 909 1847 z
933 1822 984 1848 11.
1004 1808 1083 1848 Od.
1107 1811 1168 1847 18.
1184 1808 1398 1847 Trochaico
1419 1807 1596 1845 Dimetro
1618 1806 1738 1844 Cata-

286 1870 426 1908 lectico
446 1871 588 1920 pariter
607 1872 840 1922 subjectum.
1336 1864 1339 1866 ,

346 1934 408 1971 11.
436 1933 725 1971 Archilochium
745 1935 956 1973 Iambicum
980 1936 1214 1973 Trimetrum
1242 1934 1525 1973 Acatalectum.
1581 1934 1739 1972 Iambus

286 2007 354 2046 per
372 2007 414 2032 se
434 1994 530 2032 facit
547 1995 742 2032 canticum
763 1995 813 2032 ad
829 1991 1042 2034 'Canidiam
1070 2004 1110 2034 et
1137 1996 1407 2039 Palinodiam;
1437 1997 1527 2035 alibi
1554 1997 1742 2035 Trimeter

289 2056 466 2095 Dimetro
494 2056 752 2108 praemittitur,
776 2056 901 2107 Epod.
929 2070 953 2095 a
979 2070 1009 2095 1.
1029 2057 1077 2095 ad
1102 2071 1148 2097 Χ.
1169 2064 1237 2095 aut
1257 2058 1386 2095 Heroo
1402 2071 1520 2108 purus
1541 2058 1742 2110 subjungi-

287 2126 363 2165 tur,
393 2119 517 2170 Epod.
551 2133 647 2159 xvx.
675 2127 743 2158 aut
765 2119 933 2171 denique
957 2120 1211 2171 praetenditur
1231 2119 1448 2158 Horatiano
1469 2133 1538 2159 seu
1558 2121 1737 2160 Archilo-

287 2182 375 2228 chio
394 2182 613 2233 composito
639 2196 687 2221 ex
710 2182 1009 2226 Penthemimeri
1038 2183 1242 2235 Dactylico
1275 2191 1316 2222 et
1344 2183 1514 2222 Iambico
1548 2184 1737 2229 Dimetro.
1768 2189 1770 2192 “

290 2245 417 2296 Epod.
439 2259 505 2285 xx.

347 2310 409 2347 12.
440 2308 739 2360 Asclepiadeum
776 2308 1155 2361 Dodecasyllabum;
1189 2310 1314 2359 ipsam
1345 2309 1580 2347 cantilenam
1607 2309 1739 2347 absol-

289 2372 358 2418 vit,
381 2385 411 2410 1.
433 2372 511 2409 Od.
535 2373 572 2410 1.
603 2371 839 2423 Glyconium
859 2372 1120 2423 subsequitur,
1144 2385 1175 2410 1.
1209 2371 1288 2410 Od.
1309 2373 1347 2410 3.
1366 2374 1440 2410 διο.
1459 2377 1571 2410 terna
1594 2383 1742 2422 praece-

289 2435 390 2473 dunt
409 2435 660 2487 Glyconium,
681 2448 712 2473 1.
733 2434 813 2473 Od.
834 2435 874 2474 6.
894 2437 970 2474 διο.
1000 2435 1093 2473 bina
1114 2434 1186 2473 sibi
1207 2441 1425 2486 aggregant
1450 2433 1740 2472 Pherecratium

290 2510 378 2536 cum
400 2498 608 2550 Glyconio‚
628 2511 660 2537 1.
681 2498 759 2537 Od.
782 2500 820 2537 5.
840 2504 880 2537 et
901 2498 1061 2550 saepius.
1737 2543 1752 2548 λ

349 2563 411 2600 13.
440 2562 681 2614 Sapphicum
701 2561 1108 2615 Hendecasyllabum:
1134 2561 1250 2600 unius
1270 2559 1427 2599 omnino
1445 2559 1582 2610 figuroe
1599 2564 1740 2610 quarto

290 2624 485 2663 clauditur
503 2625 657 2664 Adonio
678 2638 688 2663 τ
720 2625 880 2677 passim.
1407 2653 1415 2662 .

348 2688 412 2726 14.
440 2687 641 2726 Alcaicum
681 2687 1087 2740 Hendecasyllabum:
1120 2687 1263 2738 ubique
1303 2685 1376 2724 sibi
1409 2697 1479 2736 par
1508 2691 1665 2724 constat
1691 2697 1740 2724 ex

291 2750 599 2790 penthemimere
629 2751 800 2791 Iambica
817 2759 858 2791 et
875 2752 966 2791 Basi
985 2751 1206 2804 Dactylica.
1261 2748 1392 2788 Prima
1416 2748 1653 2788 combinatio
1677 2755 1740 2788 est
