1916 3190
290 246 378 288 446
768 258 814 296 Q.
846 257 1056 287 HoRATn
1093 257 1266 288 snAcci

493 388 496 391 .
519 350 711 406 Spiritus
731 354 837 393 teter
858 351 1094 404 saniesque
1111 353 1260 392 manet

863 417 952 458 Ore
971 417 1176 470 trilingui.

525 483 648 535 Quin
671 489 719 526 et
738 484 872 526 Ixion
891 484 1138 537 Tityosque
1159 483 1282 525 vultu

519 551 639 594 Risit
659 552 800 593 invito
817 565 828 592 ς
861 551 979 592 stetit
998 564 1107 592 urna
1127 551 1308 604 paulum

521 618 668 669 Sicca,
691 619 795 660 dum
815 623 937 672 grato
963 618 1110 660 Danai
1130 617 1301 672 puellas

862 684 1067 725 Carmine
1088 683 1278 726 mulces.

521 749 691 793 Audiat
709 750 834 804 Lyde
855 750 1001 791 scelus
1021 754 1156 805 atque
1177 753 1303 791 notas

1687 417 1744 458 20

1686 750 1743 792 25

292 880 448 917 serpentes
469 876 572 916 multi,
597 878 628 906 et
652 885 692 906 ex
716 884 768 906 ore
789 878 852 906 tres
877 875 1003 914 linguas
1025 874 1156 906 habente
1176 874 1292 906 halitus
1309 875 1459 915 pestilens
1479 879 1510 907 et
1528 875 1634 907 tabum
1643 875 1743 917 fluat.
1790 865 1795 867 ”

296 919 479 954 Quinetiam
502 919 597 949 Ixion
621 921 653 948 et
677 917 789 957 Tityus
800 915 889 954 facie
907 916 1049 956 pretulit
1067 916 1263 947 hilaritatem
1284 927 1345 948 non
1365 920 1493 957 sponte.-
1514 918 1605 949 stetit
1627 918 1743 949 dulium

294 961 448 1002 tantisper
461 960 597 1000 aridum,
611 960 682 990 dum
702 958 792 990 suavi
805 961 902 989 cantu
916 957 1025 989 Danai
1034 956 1127 999 filias
1140 958 1306 990 detineres.
1350 958 1465 991 Discat
1478 959 1568 1001 Lyde
1581 960 1697 991 crimen
1712 962 1743 991 et

901 1050 1137 1064 ΜΝ,

293 1119 481 1162 Aliquanto
496 1119 707 1151 tolerabilius
724 1119 810 1151 Viro
825 1118 1022 1151 doctissimo
1039 1118 1221 1151 videbatur
1235 1118 1317 1151 illud
1333 1118 1411 1159 eius,
1426 1119 1454 1150 si
1471 1119 1680 1160 jungeretur
1693 1129 1745 1151 se-

295 1162 489 1203 quentibus.
533 1161 677 1194 Interim
695 1171 757 1202 pro
771 1161 838 1200 eius
851 1165 944 1202 atque
966 1161 1106 1202 conjicit
1129 1162 1219 1193 idem
1234 1165 1418 1203 tenuatque,
1437 1162 1519 1194 item
1534 1162 1618 1204 <fid
1630 1165 1745 1202 atque,-

294 1213 372 1236 nam
388 1205 491 1246 efflare
505 1204 719 1236 intransitive
745 1205 847 1236 etiam
870 1204 990 1236 Poe'tis
1010 1204 1150 1242 dicitur,
1173 1210 1212 1235 nt
1234 1204 1400 1236 stat.·rh.
1418 1212 1455 1235 x.
1478 1206 1552 1237 loz.
1575 1206 1745 1246 asinaeque

295 1255 410 1288 recep.
425 1247 505 1278 San.
522 1252 559 1278 et
574 1247 664 1279 Sivr.
687 1248 851 1289 effluutque
866 1247 958 1288 conj.
975 1246 1082 1279 Gesn.
1118 1246 1199 1278 Vid.
1214 1246 1294 1278 Seu.
1309 1246 1435 1278 Troad.
1450 1249 1526 1278 396.
1565 1246 1744 1288 Optimum

293 1298 313 1320 e
331 1290 464 1321 ratione
479 1289 613 1329 critica,
627 1297 796 1330 sensuque
813 1289 934 1330 lyrico,
949 1289 1086 1320 videtur
1100 1298 1174 1320 esse
1190 1289 1428 1320 Bentleiannm
1443 1292 1605 1329 exeantque.
1640 1289 1745 1320 Forte

293 1336 407 1362 tamen
429 1341 493 1363 nec
515 1331 702 1372 displiceat
722 1331 900 1372 emicetque,
922 1337 1089 1373 quatenus
1112 1332 1122 1349 ‘
1138 1330 1306 1363 emicare'
1328 1331 1500 1371 dicuntur,
1523 1341 1601 1373 quae
1617 1340 1694 1363 cnm
1710 1331 1745 1362 vi

293 1373 441 1414 quadam
458 1374 719 1413 protruduntnr‚
734 1383 760 1404 s.
787 1378 1012 1415 prorumpunt
1035 1374 1069 1404 in
1094 1383 1204 1405 auras.
1248 1373 1315 1405 Sed
1338 1373 1488 1405 dubitari
1505 1375 1606 1405 etiam
1626 1374 1746 1414 possit,

294 1424 336 1446 an
361 1424 423 1455 pro
445 1415 510 1454 ejus
529 1419 621 1456 atque
643 1416 796 1446 Verbum
820 1415 981 1447 substitui
999 1416 1135 1446 omnino
1152 1416 1365 1448 necesseesit.
1412 1416 1514 1455 Nam,
1530 1416 1618 1456 quod
1637 1415 1746 1454 aiunt,

293 1457 304 1474 ‘
320 1465 460 1488 manare
476 1457 651 1497 spiritum'
667 1457 735 1488 dici
751 1466 818 1487 non
835 1466 947 1497 posse,
962 1458 995 1487 id
1018 1458 1142 1487 nullius
1159 1458 1320 1488 momenti
1336 1462 1401 1489 est.
1447 1458 1592 1488 Doctius
1608 1459 1693 1488 adeo
1708 1462 1746 1489 et

292 1498 400 1540 magis
408 1499 514 1540 lyrice
528 1499 658 1541 spiritns
674 1504 710 1530 et
723 1499 826 1530 sanies
836 1500 893 1530 uni
907 1499 1012 1530 verbo
1027 1499 1263 1540 manarejungi
1282 1499 1453 1531 videntur.
1476 1499 1539 1530 Est
1555 1509 1611 1540 ap.
1624 1499 1745 1532 Jones.

292 1541 464 1581 suspicio:
496 1545 589 1582 caput
613 1545 645 1573 et
667 1541 792 1582 Jubam,
819 1541 880 1572 sed
906 1551 983 1582 quae
1010 1541 1066 1572 vix
1096 1541 1232 1581 probari
1251 1545 1366 1583 queat.
1412 1541 1526 1572 Possit
1551 1541 1656 1572 etiam
1678 1542 1745 1580 <ins

293 1593 368 1614 esse
383 1592 403 1614 e
418 1583 555 1614 Scholio
567 1583 809 1623 Grammatici,
825 1583 900 1614 voci
913 1586 1006 1623 eaput
1020 1583 1183 1622 ascripto,
1199 1587 1234 1613 et
1250 1588 1328 1624 post
1340 1586 1433 1624 atque
1456 1583 1626 1615 interiisse
1650 1583 1744 1616 alind

293 1624 510 1657 vocabulum.
554 1625 633 1657 Hoc
649 1629 762 1656 autem
778 1625 852 1666 quis
866 1624 1030 1666 indaget?
1074 1624 1186 1657 Quid?
1206 1625 1233 1655 si
1253 1626 1454 1665 suspiceris:
1476 1629 1569 1666 atque
1588 1626 1720 1657 monstri
1730 1637 1743 1663 ,-

293 1672 333 1699 nt
353 1665 416 1699 inf.
436 1670 489 1699 27.
502 1670 558 1699 45.
581 1667 592 1685 ‘
610 1666 745 1699 infamis
764 1666 959 1707 juvencus:
984 1672 1020 1698 et
1043 1676 1121 1698 mox
1149 1676 1199 1697 vs.
1215 1668 1269 1698 48.
1291 1668 1301 1685 ‘
1318 1667 1529 1699 monstrum!
1570 1667 1640 1700 Sed
1664 1668 1746 1699 talia

294 1714 463 1751 praestare
487 1719 551 1750 ego
571 1709 687 1741 nolim.
733 1709 770 1740 Si
793 1716 907 1750 putes,
933 1708 1127 1745 Horatium.
1149 1718 1224 1740 cum
1249 1713 1341 1740 esset
1361 1710 1472 1744 homo,
1488 1717 1564 1740 esse
1584 1709 1648 1741 hoe
1669 1710 1744 1742 loco

292 1753 437 1792 lapsum,
458 1751 613 1783 omnibns
636 1751 844 1792 conjecturis
868 1757 905 1782 et
927 1750 1222 1782 emendationibus
1247 1760 1366 1782 carere
1386 1749 1588 1792 possumus!
1609 1751 1746 1783 Just—-

293 1797 333 1826 21
359 1794 444 1826 Ision
468 1794 578 1826 codex
598 1804 654 1835 ap.
677 1793 770 1826 Jani.
818 1794 932 1834 fitius,
950 1793 1070 1835 Tytios,
1086 1793 1209 1835 Tycivs,
1227 1793 1349 1825 Titkt'os
1372 1793 1544 1824 variantes
1563 1802 1620 1834 ap.
1641 1793 1742 1825 eund.

295 1837 407 1878 Tityos
431 1846 547 1868 omnes
573 1836 722 1868 Blandd.
759 1835 899 1878 Cruquii
925 1836 1101 1878 ceterique
1131 1835 1276 1877 optimi;
1313 1840 1350 1867 et
1376 1835 1428 1867 ita
1453 1835 1532 1867 Nic.
1554 1835 1674 1867 Heins-
1698 1835 1743 1867 ad

942 1920 1088 1954 NOTAE

337 1987 378 2016 21
405 1985 491 2021 Quin
517 1989 548 2017 et
575 1986 670 2017 Ixion
709 1985 874 2026 Tityosque
906 1985 995 2016 vultu
1047 1989 1124 2018 tum·

296 2034 400 2074 Risit]
426 2034 588 2066 Pulsante
604 2035 769 2066 citharam
785 2035 926 2075 Orpheo
942 2044 993 2066 re-

294 2085 404 2115 creari
428 2084 489 2114 visi
517 2089 595 2115 sunt
621 2084 682 2120 ini,
705 2094 851 2126 suasque
876 2094 992 2125 poenas

295 2132 464 2171 oblivisci,
483 2137 521 2163 ut
540 2133 638 2163 vultu
655 2134 807 2173 quaedam
821 2133 919 2175 signa
933 2134 991 2166 lae-

294 2182 383 2213 titiae
399 2181 572 2212 dederint.

326 2233 380 2262 -22
391 2229 511 2270 Invito]
529 2229 586 2260 Ob
598 2229 821 2260 acerbitatem
834 2231 993 2270 supplicii

295 2280 466 2312 tristitiam
489 2279 671 2320 exigentis.
716 2280 770 2311 De
791 2280 893 2319 Tityo
914 2280 992 2312 Ode

296 2338 347 2361 xv.
361 2329 464 2370 hujus
482 2328 562 2360 libri
580 2328 644 2359 sub
658 2328 772 2360 finem.
816 2328 916 2359 Ixion
930 2328 993 2360 Ju-

295 2378 375 2410 noni
391 2383 547 2418 stuprum
563 2376 687 2408 inferre
705 2382 847 2409 conatus
870 2377 913 2408 ad
936 2377 994 2408 In·

296 2426 387 2459 feros
411 2427 528 2468 pulsus
553 2430 619 2465 est,
643 2431 681 2457 et
705 2431 790 2457 rotae
815 2426 904 2457 inter
925 2434 995 2457 ser-

296 2482 418 2520 pentes
447 2477 603 2517 alligatus
631 2476 766 2508 assidue
796 2475 996 2507 circumvol-

297 2527 400 2558 vitur.
423 2526 546 2559 Tibull.
562 2535 587 2558 1.
604 2529 636 2558 3.
648 2529 701 2558 73.
717 2530 726 2544 ¹
737 2526 812 2558 Illic
826 2525 994 2559 Junonem

297 2581 433 2609 tentare
447 2575 576 2607 Ixionis
598 2576 670 2607 ausi
686 2576 875 2607 Versantur
890 2575 996 2607 celeri

297 2626 401 2657 noxia
429 2626 582 2658 membra
611 2626 705 2658 rota.’
742 2625 831 2657 vide
855 2625 995 2658 Pindar.

299 2676 402 2717 Pyth.
413 2676 481 2708 Od.
493 2685 534 2708 ιι.
547 2676 606 2707 ubi
619 2676 743 2716 refert,
753 2675 861 2716 Ἰξίονα
875 2677 909 2707 ὲν
920 2687 995 2721 ηε-

298 2724 399 2766 ρόεντι
413 2727 523 2766 τροχῷ
537 2727 640 2757 wavra
661 2725 886 2766 κυλινδόμενον,
904 2726 992 2757 Ixio-

297 2785 368 2807 nem
387 2776 420 2806 in
440 2776 524 2807 alata
546 2779 617 2808 rota
639 2777 871 2817 circumquaque
889 2785 991 2808 versa-

1089 2038 1132 2067 22
1157 2034 1257 2067 Stetit
1283 2043 1364 2066 urna
1389 2033 1517 2074 paulum
1541 2032 1645 2071 Sicca,
1673 2030 1745 2072 ξω]

1048 2085 1160 2116 Danai
1190 2084 1390 2125 Argivorum
1421 2083 1526 2124 Regis
1547 2082 1632 2114 filiae
1649 2082 1743 2113 labo-

1047 2134 1154 2167 riosos
1184 2135 1355 2166 cruciatus
1384 2133 1598 2165 intermisere
1625 2131 1743 2172 paulu-

1045 2184 1128 2224 lum,
1141 2184 1220 2215 dum
1233 2186 1374 2215 caneret
1388 2182 1561 2224 Orpheus.
1595 2180 1686 2212 Vide
1699 2189 1742 2212 11.

1047 2233 1117 2264 od.
1134 2236 1187 2264 14.
1215 2233 1353 2264 Lucret.
1376 2240 1434 2264 1¹1.
1457 2235 1553 2264 1021.
1576 2231 1690 2271 ‘Hoe,
1704 2235 1743 2262 ut

1047 2282 1179 2320 opinor,
1196 2281 1231 2312 id
1253 2287 1318 2319 est,
1343 2291 1416 2313 aevo
1441 2280 1588 2313 florente
1611 2281 1741 2321 puellas

1047 2330 1147 2362 Quod
1181 2336 1368 2361 memorant
1401 2331 1536 2362 laticem
1566 2335 1742 2370 pertusum

1045 2386 1233 2418 congerere
1261 2379 1295 2409 in
1323 2388 1393 2416 vas,
1417 2379 1518 2411 Quod
1543 2384 1656 2410 tamen
1681 2387 1742 2409 ex-

1046 2428 1134 2468 pleri
1158 2428 1251 2459 nulla
1277 2428 1408 2459 ratione
1429 2427 1604 2468 potestur?
1649 2428 1741 2459 Hinc

1046 2477 1212 2510 Proverb.
1242 2479 1330 2518 apud
1360 2477 1474 2509 Plaut.
1505 2476 1631 2508 Pseud.
1657 2486 1682 2509 1.
1707 2479 1740 2508 8.

1046 2529 1119 2559 135.
1147 2528 1157 2545 ‘
1173 2527 1213 2559 In
1243 2531 1415 2568 pertusum
1439 2526 1622 2567 ingerimus
1646 2525 1741 2558 dieta

1046 2576 1186 2618 dolium,
1202 2585 1339 2617 operam
1354 2575 1524 2607 ludimus?

1088 2629 1128 2658 25
1152 2626 1273 2658 Audiat
1294 2625 1381 2667 Lyde
1400 2625 1507 2663 scelus,
1527 2624 1599 2666 ξω]
1620 2625 1741 2658 Dine-t

1045 2676 1141 2717 Lyde
1155 2685 1237 2717 quas
1254 2685 1368 2716 poenas
1384 2675 1441 2707 Dii
1461 2673 1652 2706 attribuant
1666 2683 1742 2707 mn-

1043 2725 1183 2758 lieribus
1197 2726 1230 2757 in
1244 2735 1322 2757 snos
1339 2730 1506 2757 amatores
1521 2724 1736 2758 crudelibus:

1044 2775 1191 2818 hincque
1205 2775 1341 2807 desinat
1356 2774 1436 2806 mihi
1452 2773 1537 2806 dura
1551 2782 1634 2806 esse.
