1916 3190
289 250 347 293 98

767 263 811 302 Q.
844 263 1058 294 HORATH
1093 264 1269 295 FLAGG!

406 356 488 400 Nil
507 357 829 412 desperandum
849 356 1023 398 Teucro
1044 357 1174 408 duce,
1195 362 1242 400 et
1260 358 1445 412 auspice
1464 358 1665 411 Teucro;

462 424 621 467 Certus
640 426 756 465 enim
776 424 982 477 promisit
1001 422 1174 479 Apollo
1434 431 1444 438 ‘

406 490 673 544 Ambiguam
694 492 851 533 tellure
870 504 991 534 nova
1011 492 1240 535 Salamina
1258 492 1465 535 futuram.

460 557 501 598 Ο
521 558 671 609 fortes,
692 559 933 612 pejoraque
955 560 1076 612 passi

1685 559 1743 601 30

401 624 579 666 Mecum
599 638 720 678 saepe
740 625 837 675 viri,
857 637 971 666 nunc
992 625 1097 667 vino
1117 626 1263 680 pellite
1283 639 1437 668 curas:

459 690 569 757 Cras
589 692 742 745 ingens
762 692 1019 735 iterabimus
1036 706 1200 748 aequor.

283 823 340 846 nos
353 815 444 846 ducet
459 814 594 852 fortuna
616 818 706 855 patre
728 815 899 855 benignior.

945 815 1006 847 Nil
1019 825 1080 848 non
1093 817 1280 858 sperandum
1291 817 1389 848 ductu
1403 820 1436 848 et
1454 816 1605 858 auspiciis
1620 814 1744 848 Teucri.

284 857 370 888 Nam
384 858 520 889 Phoebus
534 858 689 889 veridicus
702 858 861 898 pollicitus
875 862 923 889 est
937 859 1104 899 ancipitem
1122 860 1197 898 fore
1221 859 1412 890 Salaminem
1426 859 1461 891 in
1475 863 1561 891 terra
1575 869 1664 890 nova.
1712 858 1743 888 Ο

282 900 347 930 viri
360 900 481 931 strenui
496 903 525 931 et
542 901 656 940 saepius
670 901 825 931 deteriora
840 910 958 932 mecum
969 902 1120 942 perpessi,
1131 904 1203 941 J'am
1216 902 1288 933 vino
1302 911 1463 934 maerorem
1477 902 1647 943 detergite,
1672 909 1744 932 cras

282 941 398 973 iterum
411 941 628 982 navigabimus
634 940 787 982 ‘magnum
797 953 893 975 mare.

898 1037 1019 1051 eeeeee

289 1104 469 1140 pungunt:
506 1099 635 1132 Ibimus.
690 1101 720 1131 Ο
744 1100 836 1141 socii,

1021 1038 1140 1051 αααααα

865 1102 1007 1141 &tu—2⁶7
1038 1100 1108 1132 Nec
1132 1102 1357 1142 desperandum
1385 1101 1500 1134 codex
1528 1100 1745 1134 Bersmanni.

285 1142 404 1173 Bentl.
426 1142 516 1183 conj.
542 1144 669 1183 auspice
692 1143 834 1180 Phoebo5
858 1143 1004 1184 Cuning.
1026 1143 1133 1175 obside
1163 1144 1279 1176 Teucro
1287 1155 1301 1182 ‚·
1324 1143 1507 1176 Lambinus
1537 1152 1582 1175 ex
1611 1143 1744 1175 duobus

282 1184 384 1215 codd.
407 1185 530 1226 auspice
544 1185 667 1226 Teucri,
678 1185 770 1226 quod
788 1190 843 1218 est
855 1187 957 1218 etiam
973 1186 1006 1217 in
1024 1186 1157 1218 duobus
1173 1187 1289 1219 Beutl.
1306 1187 1405 1219 Dess.
1420 1189 1452 1219 1.
1469 1191 1506 1218 et
1516 1186 1602 1218 Exc.
1620 1186 1746 1218 Su.—

284 1228 326 1258 31
350 1227 448 1259 Harl.
473 1230 505 1260 3.
532 1228 639 1268 pellite
666 1231 874 1260 curam—32
896 1229 1003 1260 Brod.
1024 1228 1212 1261 intrabimus
1235 1239 1361 1271 aequor;
1392 1229 1540 1262 Mentel.
1560 1228 1746 1270 peragrabi-

282 1278 350 1301 mus
364 1279 480 1311 oequor.

941 1345 1085 1377 NOTAE

282 1417 350 1449 trio
377 1418 450 1449 solo
469 1421 506 1449 et
533 1418 684 1460 paternis
709 1419 851 1451 Laribus
871 1423 984 1450 exter·

281 1468 450 1499 minamur
464 1478 485 1499 a
498 1468 683 1500 Telamone
699 1473 810 1510 patre.
854 1467 902 1499 At
918 1467 987 1499 for-

282 1520 365 1548 tuna
378 1517 526 1558 spondet
539 1518 636 1549 nobis
651 1518 806 1550 exulibus
819 1516 988 1559 offertque

281 1576 389 1598 novas
405 1567 504 1598 sedes
519 1567 553 1598 in
570 1568 680 1599 aliena
696 1567 847 1608 regione.
882 1567 990 1599 Aiunt

282 1616 476 1658 profectam
491 1626 510 1648 a
524 1617 656 1648 Teucro
673 1610 836 1649 erulante
853 1623 989 1649 senten-

284 1666 368 1698 tiam
384 1667 494 1699 hanc:
517 1666 528 1684 ‘
543 1667 601 1699 Ibi
617 1667 730 1708 patria
745 1672 800 1699 est
821 1668 990 1708 omnibus,

284 1716 343 1747 ubi
367 1715 477 1747 bene!

328 1768 369 1797 27
387 1765 488 1804 Duce,
502 1769 534 1796 et
548 1767 672 1807 auspice
689 1766 821 1809 Teucro]
837 1765 990 1798 Auctore

283 1815 433 1854 Teucro,
464 1815 561 1846 bouis
590 1816 710 1847 avibus
737 1825 807 1847 rem
835 1821 991 1857 gerente,

286 1869 366 1905 post
381 1869 561 1904 acceptum
577 1864 660 1896 felix
677 1865 720 1896 ab
731 1865 904 1906 Apollinis
917 1876 990 1898 ora·

287 1915 365 1946 culo
382 1923 594 1952 responsum.

329 1965 372 1994 28
399 1963 512 1992 Certus
526 1963 609 1993 enim
622 1963 765 2002 promisit
781 1964 904 2004 Apollo,
919 1965 989 2005 85c.]

289 2011 427 2052 Apollo,
441 2010 537 2049 cujus
563 2010 653 2041 haud
670 2011 806 2042 incerta
819 2018 898 2043 sunt
914 2023 989 2044 ora-

287 2062 376 2101 cula,
394 2060 500 2101 jussit
521 2069 576 2090 me
595 2060 743 2100 Cyprum
768 2061 990 2100 contendere,

287 2112 405 2153 ibique
421 2118 541 2141 novam
557 2109 702 2141 condere
711 2109 934 2149 Salaminam;
951 2117 989 2141 ut

289 2162 453 2201 deinceps
480 2159 675 2200 ambiguum
702 2159 831 2190 sithoc
855 2169 990 2200 nomen,

288 2211 367 2245 c'um
383 2210 514 2252 duplex
528 2211 596 2241 erit
610 2209 693 2240 urbs
706 2209 861 2249 ejusdem
874 2210 991 2250 appel-

288 2263 448 2301 lationis;
471 2261 579 2292 altera
594 2259 684 2301 apud
703 2258 854 2290 Atticam
880 2260 992 2300 regio-

289 2324 368 2347 nem
384 2313 419 2344 in
436 2321 502 2354 qua
524 2310 596 2342 nati
619 2319 745 2350 sumus,
759 2313 797 2340 et
813 2319 879 2350 qua
894 2311 990 2351 pelli-

290 2374 388 2403 mur;
409 2363 518 2394 altera
545 2361 579 2392 in
606 2360 721 2401 Cypro
746 2369 826 2391 mox
849 2370 868 2391 a
893 2360 990 2391 uobis

289 2412 565 2454 aedificmda,sic
576 2409 655 2443 fatis
671 2409 875 2442 volentibus.
902 2409 990 2442 Vide

1040 1418 1200 1460 Euripid.
1217 1418 1342 1450 Helen.
1356 1417 1438 1451 Act.
1454 1427 1481 1450 1.
1495 1418 1597 1450 Scen.
1613 1421 1645 1450 1.

1084 1471 1126 1500 30
1151 1469 1181 1499 Ο
1196 1467 1311 1507 fortes,
1328 1468 1491 1508 peioraque
1503 1467 1608 1509 passi]
1633 1467 1665 1500 Ο
1682 1468 1746 1500 viri

1041 1517 1100 1558 qui
1115 1527 1248 1549 mecum
1260 1517 1464 1549 exantlastis
1475 1526 1642 1548 oerumuas
1654 1519 1744 1559 apud

1040 1567 1178 1608 Trojam
1201 1568 1347 1609 majores
1364 1567 1502 1609 quidem
1518 1571 1554 1598 et
1569 1567 1746 1607 graviores

1041 1617 1118 1649 istis
1142 1618 1239 1649 malis
1255 1617 1378 1660 quibus
1397 1617 1472 1658 jam
1497 1615 1746 1656 conflictamur,

1042 1667 1125 1699 forti
1153 1672 1266 1699 estote
1295 1667 1428 1708 εηίιιος
1464 1672 1563 1700 certe
1605 1668 1747 1700 meliora

1043 1717 1244 1759 propediem
1262 1717 1374 1749 omnia
1388 1717 1624 1759 experiemini.

1086 1770 1128 1799 32
1164 1768 1244 1799 Cras
1270 1768 1384 1807 ingens
1413 1767 1596 1800 iterabimus
1624 1769 1743 1810 equor]

1043 1816 1160 1849 Hodie
1175 1817 1369 1858 epulemur,
1383 1817 1484 1858 genio
1499 1817 1748 1860 indulgeamus,

1044 1867 1123 1899 vino
1139 1877 1240 1899 curas
1255 1866 1454 1908 abigamus3
1476 1871 1512 1899 at
1532 1876 1609 1899 cras
1623 1866 1747 1899 iterum

1044 1916 1315 1948 conscendemus
1331 1915 1416 1948 illud
1431 1915 1524 1947 idem
1546 1925 1642 1948 mare
1656 1915 1746 1958 quod

1043 1976 1151 2007 nuper
1167 1967 1433 2008 enavigavimus,
1447 1976 1467 1998 a
1481 1967 1616 1999 Troade
1630 1966 1697 1999 buc
1712 1966 1746 1998 in

1043 2016 1212 2047 Graeciam
1226 2017 1463 2056 remigi-autes.
1487 2016 1646 2058 Denique
1659 2026 1749 2048 nova

1043 2064 1227 2102 domicilia,
1253 2073 1376 2095 novam
1401 2065 1547 2104 patriam
1573 2066 1748 2106 quaesitnri

1043 2111 1136 2153 apud
1159 2112 1328 2153 Cyprum,
1352 2113 1501 2152 priorem
1527 2124 1662 2147 cursum
1693 2125 1748 2146 re-

1043 2163 1213 2202 legemus:
1234 2162 1324 2194 vell.
1337 2163 1478 2194 Patere.
1493 2172 1518 2195 1.
1534 2167 1563 2196 1.
1587 2165 1599 2182 ‘
1611 2165 1748 2198 Teucer

1044 2221 1111 2243 uon
1138 2216 1300 2253 receptus
1328 2222 1348 2243 a
1370 2217 1469 2253 patre
1487 2213 1682 2256 Telamone,
1702 2216 1746 2248 ob

1043 2263 1225 2304 segnitiem
1240 2271 1307 2294 non
1323 2261 1506 2295 vindicatae
1522 2261 1643 2296 fratris
1658 2265 1746 2306 inju-

1044 2313 1117 2354 riae,
1143 2312 1293 2354 Cyprum
1321 2312 1484 2353 appulsus
1508 2314 1746 2355 cognominem

1045 2362 1167 2403 patria»,
1182 2371 1254 2394 sure
1270 2361 1444 2395 Salamina
1457 2363 1662 2396 constituit.'
