1916 3190
232 232 289 272 92

710 241 752 279 Q.
784 240 995 271 HoRA'rn
1032 240 1207 271 FLAcm

348 332 535 382 Moenia,
557 332 626 374 vel
647 333 828 374 Baccho
849 332 1027 374 Thebas
1046 332 1117 373 vel
1141 331 1348 385 Apolline
1372 329 1569 385 Delphos

404 399 623 453 Insignes‚
644 405 722 441 aut
741 400 958 441 Thessala
977 398 1148 452 Tempe
1165 412 1174 439 :

232 497 334 529 rinthi
346 497 430 530 inter
443 498 503 529 duo
516 498 616 530 maria
629 499 754 539 positae,
769 503 824 531 aut
842 499 962 530 Thebas
986 499 1123 539 Baccho,
1145 498 1196 530 vel
1215 497 1355 538 Delphos
1378 495 1522 536 Apolline
1535 494 1686 534 insigms,

839 581 956 593 ooooo

958 581 1075 593 eeeeee

233 644 324 671 Wm5
360 634 542 675 Cruquius,
562 636 615 667 Ad
627 636 812 668 Munatium
826 637 977 669 Plancum
991 638 1029 668 de
1048 636 1213 667 Tiburtina
1225 634 1369 674 regione,·
1394 628 1555 664 Torrent.
1569 630 1691 661 Heius.

234 676 355 716 Steplt.
371 677 488 707 Bentl.
507 677 640 710 Wakef.
656 683 692 710 et
707 679 812 710 Kidd.
836 679 889 710 Ad
914 680 1096 711 Munatium
1111 679 1338 709 Plancum—1
1353 675 1537 706 laudarunt
1553 672 1690 704 emend.

235 715 338 750 With.
375 719 550 760 Mytilenen
572 720 670 752 Gott.
697 722 788 754 Flor.
804 722 947 753 Locher.
964 726 1000 753 et
1014 721 1154 758 nummi,
1169 719 1259 761 qnod
1286 723 1490 758 receperunt
1515 715 1632 747 Comb.
1655 719 1691 745 et

234 760 373 793 Wakef-
416 761 594 802 Mitylenen
609 763 665 794 alii
681 763 780 795 codd.
795 774 871 795 curn
887 765 1028 795 Venett.
1056 768 1091 794 et
1115 762 1250 794 ceteris.

1296 761 1305 777 ‘
1319 760 1397 792 Hoc
1413 763 1467 790 est
1483 758 1690 790 conveniens

235 804 414 843 scriptnrae
430 804 492 835 Gr.
504 809 540 835 et
555 805 629 836 loco
646 804 736 837 infra
753 815 776 837 ι.
794 806 906 846 Epist.
922 809 975 838 11.
993 805 1058 838 17.’
1082 805 1244 836 Zeun.—2
1267 802 1423 843 Ephesum
1447 809 1564 832 omnes
1591 799 1690 830 Harl.

235 850 271 877 et
285 846 400 885 vulgg.
449 847 590 886 Epheson
613 847 724 878 codex
747 848 964 888 Bersmanni,
979 848 1046 879 duo
1063 848 1175 888 Lipss.
1190 847 1270 877 vet.
1297 844 1417 876 Comb.
1441 843 1691 875 Venett.1477.

237 890 331 920 1478.
346 891 441 920 1479.
466 892 501 920 et
516 889 558 920 al.
581 889 590 906 ⁸
603 891 692 931 quod
709 890 753 921 ob
770 890 1118 931 Graecismum,qnem
1135 893 1285 920 sectatur
1301 886 1379 918 alibi
1395 886 1572 925 Horatius,
1584 883 1691 924 magis

897 965 928 996 N
933 964 1036 996 01*AE

265 1021 367 1057 'Haec
392 1025 472 1058 Ode
495 1030 548 1058 est
564 1027 707 1058 Dieolos
722 1027 937 1068 Distrophos.

236 1075 371 1106 Primus
387 1075 529 1117 quisque
546 1085 663 1113 versus
686 1082 740 1108 est
764 1076 939 1108 Hexame-

237 1131 291 1158 ter
318 1126 508 1158 Heroicus:
534 1127 683 1169 quinque
707 1127 808 1169 primi
832 1127 938 1168 pedes

236 1180 315 1207 sunt
330 1176 385 1207 vel
397 1176 555 1217 Spondaei
573 1178 627 1209 vel
644 1177 797 1218 Dactyli.
838 1175 940 1209 Alter

237 1226 378 1267 quisque
394 1236 510 1258 versus
528 1232 581 1259 est
599 1227 802 1269 Dactylicus
815 1227 935 1259 Tetra-

237 1281 360 1316 meter,
373 1280 518 1316 quatuor
532 1277 669 1308 ultimos
684 1277 812 1308 habens
829 1276 936 1318 pedes

237 1333 355 1356 versus
372 1325 574 1358 Hexametri
590 1326 662 1358 sive
681 1326 834 1358 Heroici.

283 1377 299 1405 1
322 1374 511 1407 Laudabunt
531 1376 603 1417 alii]
632 1377 779 1417 Elegans
795 1379 848 1407 cst
864 1385 937 1407 ver-

236 1423 329 1454 sibus
352 1424 426 1456 haec
449 1424 539 1464 Ode,
555 1436 657 1467 quam
676 1435 695 1457 e
712 1425 844 1457 duabus
860 1435 937 1457 coa-

237 1474 341 1505 luisse
358 1475 476 1506 volunt
487 1475 622 1516 quidam
637 1485 646 1514 ;
670 1475 830 1506 nimirum
841 1484 940 1507 novae

238 1523 334 1555 Odes
350 1524 484 1556 initium
499 1530 655 1558 statuunt
669 1525 712 1556 ad
725 1526 797 1556 haec
814 1526 938 1557 verba:

240 1574 250 1589 ‘
263 1571 372 1604 Albus
389 1579 427 1605 nt
443 1574 612 1614 obscuro:
626 1577 691 1607 ὅτε.
724 1575 870 1606 Veteres
885 1584 941 1606 co-

239 1622 335 1654 dices
358 1623 602 1664 astipulantur,
623 1624 845 1666 praefigentes
869 1626 942 1656 istis

238 1681 363 1703 novum
374 1673 462 1705 bunc
473 1674 609 1704 titulum
621 1686 628 1705 :
649 1674 839 1707 cohortatur
846 1675 941 1706 Plan-

238 1731 309 1752 cum
329 1723 370 1753 ad
383 1723 528 1755 hilariter
546 1724 724 1758 vivendum.
768 1724 941 1766 Quicquid

240 1772 297 1812 sit,
325 1777 400 1804 tota
422 1779 477 1805 est
499 1773 541 1804 ad
571 1775 608 1805 L.
623 1773 818 1805 Munatium
838 1773 941 1805 Plan-

240 1830 330 1860 cum,
344 1823 440 1863 cujus
457 1823 572 1863 patria
592 1822 709 1861 Tibur,
724 1827 785 1855 aut
800 1824 857 1865 qui
875 1824 941 1855 sal-

240 1876 310 1901 tem
322 1871 433 1902 villam
449 1871 599 1904 habebat
610 1872 729 1904 Tiburi
743 1873 944 1915 proximam,

241 1920 452 1960 proindeque
467 1922 509 1952 ab
526 1922 718 1953 Horatiano
732 1923 863 1962 praedio
876 1933 943 1955 non

240 1970 342 2009 longe
356 1974 531 2000 remotam.
554 1970 596 2000 In
611 1971 715 2010 priori
726 1971 821 2002 Odes
832 1976 944 2012 parte,

243 2026 305 2057 per
317 2019 619 2056 comparationem,
630 2018 820 2049 Tiburtinae
834 2019 946 2060 regio-

243 2067 295 2097 nis
324 2066 554 2097 amoenitatem
581 2067 717 2098 extollit
747 2066 878 2106 Poe'ta3
911 2068 943 2098 in

242 2117 351 2148 altera
367 2116 532 2148 Plancum
555 2116 710 2147 hortatur
732 2121 770 2148 ut
793 2117 871 2147 vino
886 2126 944 2148 cu-

244 2177 299 2198 ras
311 2166 506 2208 abstergat:
523 2166 700 2208 utiturque
713 2166 871 2206 exemplo
880 2165 943 2197 viri

243 2216 355 2255 fortis,
378 2217 506 2249 Teucri
532 2217 702 2256 nimirum,
725 2216 783 2258 qui
812 2218 944 2257 gravio—

245 2278 300 2300 res
322 2268 427 2300 animi
449 2267 669 2309 egritudines
685 2266 763 2298 vino
777 2271 945 2306 tempera·

246 2321 307 2351 vit.
365 2319 454 2350 Vide
484 2323 606 2359 postea
639 2317 723 2350 Not.
751 2316 796 2348 ad
828 2325 945 2348 vocem

244 2371 253 2387 ‘
269 2368 424 2401 Plance.’

293 2421 420 2451 Claram
431 2418 580 2459 Rhodon]
598 2417 735 2450 Rhodus
748 2416 866 2448 Insula
880 2416 949 2448 Mi-

247 2470 340 2501 noris
365 2469 475 2508 Asiae,
499 2468 541 2500 ad
566 2468 675 2500 Cariae
698 2477 806 2506 oram,
822 2468 949 2508 Empo-

248 2521 333 2550 rium
350 2524 402 2551 est
418 2519 546 2550 nobile.
580 2519 680 2552 ,Clara
693 2522 789 2549 certe
806 2517 949 2558 pridem,

249 2574 320 2600 tum
338 2569 383 2600 ob
398 2569 571 2600 Colossum
594 2568 667 2600 sive
688 2567 844 2599 Statuam
860 2566 950 2599 Solis

248 2618 468 2659 septuaginta
495 2618 622 2650 cubitis
653 2619 771 2657 altam,
795 2623 831 2649 et
859 2617 951 2649 inter

250 2668 341 2700 orbis
354 2668 517 2699 miracula
530 2674 754 2708 numeratam,
766 2673 837 2700 tum
848 2677 951 2709 prop-

252 2722 306 2749 ter
318 2717 491 2757 ingentem
505 2718 674 2758 signorum
687 2728 884 2758 numerum;
900 2722 951 2750 at-

253 2778 320 2812 que
333 2769 343 2786 ‘
354 2778 494 2810 operum
507 2769 746 2811 nobilitatem,'
756 2774 793 2802 ut
803 2770 853 2802 ait
862 2769 950 2802 Gell.

991 1036 1060 1058 vn.
1076 1029 1107 1057 3.
1132 1030 1202 1057 tum
1220 1024 1302 1065 quia
1314 1031 1483 1063 nunquam
1501 1025 1555 1052 tot
1569 1019 1693 1052 nubilis

991 1076 1114 1107 coelum
1141 1074 1335 1113 obducitur,
1361 1072 1445 1114 quin
1471 1071 1586 1112 aliqua
1611 1070 1694 1101 hora

992 1126 1049 1157 Sol
1078 1125 1124 1157 ibi
1147 1128 1322 1163 cernatur,
1348 1121 1438 1164 quod
1463 1120 1583 1152 asserit
1603 1119 1694 1151 Ptin.

992 1185 1034 1207 11.
1046 1178 1101 1207 42.
1126 1174 1226 1206 Adde
1242 1173 1376 1205 urbium
1394 1169 1698 1213 pulchritudinem,

991 1231 1150 1266 portuum
1174 1222 1464 1258 commoditatem,
1493 1219 1580 1252 ae'ris
1605 1219 1696 1251 salu-

991 1274 1162 1306 britatem.
1216 1272 1342 1304 Strabo
1376 1271 1434 1302 lib.
1465 1279 1544 1302 xiv.
1574 1269 1696 1301 scribit

991 1324 1151 1356 Rhodum'
1163 1323 1211 1354 ita
1228 1326 1395 1363 praestare
1411 1321 1546 1360 ceteris,
1563 1324 1600 1351 ut
1622 1320 1695 1350 nul-

993 1375 1057 1406 lam
1077 1374 1185 1415 possit
1199 1372 1414 1413 huicparem
1438 1370 1562 1401 nedum
1578 1370 1696 1401 melio-

993 1434 1064 1456 rem
1098 1432 1374 1456 commemorare.
1431 1420 1522 1453 Vide
1554 1420 1695 1452 Diodor.

973 1475 1096 1524 ssicnl.
1119 1483 1171 1506 vr.
1193 1476 1240 1505 13.
1268 1481 1332 1504 nec
1360 1469 1695 1512 praetermittendum

994 1529 1060 1565 est,
1086 1523 1242 1557 Rhodum
1268 1522 1357 1554 mitti
1384 1521 1503 1552 solitos
1526 1520 1697 1552 Romanos

986 1576 1132 1616 juvenes
1149 1572 1319 1605 discendae
1335 1570 1510 1603 facultatis
1524 1569 1696 1601 Oratoriae

995 1625 1114 1667 gratia.
1160 1624 1211 1655 Eo
1225 1623 1354 1654 Tullius
1377 1621 1452 1662 ipse
1475 1620 1572 1660 adiit,
1595 1629 1695 1660 quem

994 1676 1072 1716 lege
1098 1674 1141 1706 ad
1163 1673 1273 1706 Attic.
1301 1672 1359 1703 lib.
1374 1680 1414 1703 n.
1431 1670 1544 1710 Epist.
1561 1672 1592 1701 1.
1609 1675 1646 1700 et
1663 1669 1696 1700 iu

995 1725 1116 1762 Bruto,
1131 1734 1165 1755 n.
1176 1727 1230 1756 51.
1245 1723 1304 1754 ubi
1320 1723 1368 1754 sic
1381 1720 1553 1762 loquitur:
1579 1720 1589 1737 ‘
1604 1719 1698 1750 Hinc

996 1774 1138 1806 Asiatici
1167 1778 1321 1804 oratores
1356 1780 1423 1802 non
1455 1767 1699 1801 contemnendi

996 1823 1148 1865 quidem,
1174 1831 1239 1854 nec
1270 1820 1451 1853 celeritate
1482 1828 1546 1850 nec
1571 1818 1694 1858 copia;

998 1873 1058 1905 sed
1074 1882 1193 1914 parum
1211 1871 1320 1913 pressi
1335 1875 1372 1902 et
1393 1869 1492 1900 nimis
1508 1867 1700 1900 redundan-

999 1929 1064 1956 tes.
1110 1922 1234 1955 Rbodii
1263 1921 1414 1952 saniores
1443 1924 1480 1951 et
1503 1918 1700 1950 Atticorum

998 1970 1204 2002 similiores.'
1254 1969 1355 2001 Anno
1385 1968 1503 2001 salutis
1532 1971 1699 2008 reparatae

998 2023 1095 2051 1300.
1117 2020 1263 2060 Equites
1289 2017 1594 2058 Hierosolymitani
1624 2026 1700 2048 eam

997 2069 1208 2108 invaserunt,
1218 2067 1366 2107 indeque
1373 2066 1498 2097 Rhodii
1515 2065 1680 2105 appellati
1691 2075 1701 2103 ;

998 2122 1178 2148 servarunt
1201 2116 1244 2147 ad
1267 2125 1319 2146 an.
1346 2118 1440 2146 1522.
1461 2124 1527 2155 quo
1542 2115 1700 2145 aTurcis

998 2168 1086 2208 pulsi
1097 2167 1253 2198 Melitam
1265 2174 1480 2204 concessere,
1489 2164 1614 2196 exinde
1626 2164 1701 2196 Me-

998 2217 1136 2248 litenses
1151 2215 1395 2256 cognominati.

1043 2264 1236 2308 Mitylenen]
1253 2265 1340 2297 Haec
1357 2265 1437 2296 urbs
1453 2264 1556 2296 Lesbi
1570 2264 1702 2303 insulae,

1001 2317 1055 2350 cni
1072 2321 1110 2348 et
1124 2316 1243 2347 eadem
1257 2315 1456 2356 appellatio,
1469 2314 1585 2354 hodie,
1599 2313 1702 2344 Mete-

1000 2368 1057 2408 lin,
1072 2377 1092 2398 a
1107 2366 1275 2398 Cicerone
1299 2363 1558 2396 commendatur
1580 2362 1701 2402 Agrar.

1001 2421 1031 2450 2.
1055 2419 1065 2435 ‘
1080 2417 1127 2448 Et
1141 2420 1277 2456 natura,
1291 2421 1326 2447 et
1347 2415 1429 2454 situ,
1444 2422 1481 2446 et
1497 2413 1700 2453 descriptio-

1001 2477 1045 2500 ne
1069 2466 1288 2499 aedificiorum
1314 2469 1351 2497 et
1374 2462 1630 2505 pulchritudine
1652 2462 1702 2492 in·

1003 2517 1122 2559 primis
1150 2516 1282 2547 nobiles
1305 2515 1506 2555 Mitylenae:
1545 2512 1617 2553 agri
1645 2512 1702 2552 ju-

1002 2566 1103 2599 cundi
1121 2570 1158 2598 et
1172 2563 1330 2604 fertiles,'
1340 2567 1404 2596 &c.
1431 2562 1522 2594 Vide
1537 2567 1574 2595 et
1586 2561 1702 2594 strab.

1002 2618 1064 2650 lib.
1089 2625 1171 2648 ¹111.
1196 2620 1232 2646 et
1253 2614 1389 2646 Vitruv.
1405 2622 1430 2644 ι.
1447 2616 1480 2644 6.
1503 2612 1559 2643 ubi
1581 2611 1702 2643 scribit

1003 2678 1075 2699 eam
1102 2667 1218 2698 urbem
1242 2665 1252 2681 ⁴
1270 2665 1444 2704 eleganter
1465 2667 1501 2694 et
1520 2661 1701 2702 magnifice

1004 2716 1219 2755 aedificatam,
1234 2714 1294 2745 sed
1317 2723 1385 2745 non
1407 2713 1598 2755 prudenter
1613 2713 1703 2753 posi·

1004 2773 1084 2800 tam.
1127 2766 1169 2799 ln
1184 2775 1226 2798 ea
1240 2764 1379 2806 quippe,
1392 2762 1472 2795 dum
1487 2761 1550 2795 flat
1561 2761 1700 2801 Auster,
