1916 3190
0 2240 17 2439 v—-q—w-ug-.
0 2149 13 2226 τηεν·
0 2107 4 2139 ²¹*

10 3140 37 3190 (φ
29 3123 32 3127 .
15 3082 18 3086 .
25 3065 28 3067 y
7 2983 36 3013 ,εἴη
6 2868 32 2929 ¹534>
10 2842 26 2853 7.
11 2822 15 2823 κ
16 2763 18 2765 ,

50 2909 58 2916 .

783 225 1010 262 nozarii.
1565 215 1622 257 29

179 325 307 379 Sext.
324 322 569 377 triumphos
589 322 702 375 agit3
733 321 823 365 Dio
857 331 920 361 ω.
945 309 1016 362 21.
1074 320 1187 363 Post
1205 319 1261 361 de
1284 320 1467 373 imperio
1487 321 1623 375 depo-

177 391 320 434 nendo
339 390 562 432 consultat
581 402 681 431 cum
700 387 900 441 Agrippa
918 394 961 428 et
982 386 1256 438 Maecenate,
1245 400 1256 410 ·
1288 385 1379 427 Dio
1407 397 1489 427 mi.
1507 401 1575 440 pr.

234 458 291 501 Τ.
318 458 461 500 Faber
479 462 526 498 et
543 457 707 498 Dacer.
729 455 787 498 ad
805 454 848 496 h.
868 467 911 496 a.
930 454 1123 496 referunt
1138 453 1286 496 Carm.
1303 464 1335 494 1.
1353 453 1395 494 2.
1416 466 1505 507 quo
1525 468 1625 508 pro-

181 524 300 578 digia
315 523 507 566 Caesaris
526 527 707 564 mortem
727 525 892 570 secuta,
913 524 959 562 et
976 520 1092 562 bella
1105 520 1270 570 civilia,
1289 525 1501 574 tanquam
1518 522 1626 562 vati-

182 591 298 633 cinio
317 590 611 639 includantur,
624 601 666 630 a.
679 588 780 629 710.
800 586 934 629 edito.
991 585 1080 628 Sed
1100 587 1281 640 puerilis
1299 587 1491 628 fuisset·
1479 601 1523 628 in
1543 588 1625 630 hoc

182 670 316 703 carm.
334 656 436 698 talis
457 667 735 709 progressuS,
754 658 804 695 ut
823 654 933 695 bene
951 652 1065 695 vidit
1083 653 1364 695 Sanadonus.
1424 653 1479 696 Et
1499 655 1627 696 obest

181 723 410 768 inundatio
428 723 620 773 Tiberis,
646 734 748 777 quae
779 724 884 775 post
904 719 1094 762 Caesaris
1128 733 1283 762 necem
1312 721 1437 763 nulla
1462 733 1627 763 memo-

182 795 315 837 ratur.
372 788 586 843 Virgilius
604 788 739 831 talem
758 787 970 830 diluviem
989 799 1078 829 non
1096 787 1325 830 tacuisset.

272 965 330 1008 U.
351 963 403 1007 C.
421 965 523 1009 726.
586 965 736 1008 Caesar
756 963 1031 1006 Octavianus
1054 975 1122 1005 vl.
1169 963 1233 1004 M.
1255 963 1455 1019 Agrippa
1482 978 1532 1007 ιι.

639 1031 695 1074 Δ.
714 1031 765 1074 C.
785 1031 858 1072 28.
916 1030 1094 1071 Horatii
1115 1032 1186 1084 ἐξ.

245 1150 358 1192 Cum
387 1150 473 1191 hoc
507 1162 550 1191 a.
580 1148 732 1190 Caesar
766 1146 994 1201 Apollinis
1034 1147 1079 1187 in
1109 1147 1288 1189 Palatio
1320 1147 1552 1204 Templum
1586 1154 1631 1191 et

189 1217 510 1262 Bibliothecam
529 1214 770 1264 dedicaret,
789 1213 971 1268 scripsit
991 1213 1205 1256 Horatius
1225 1225 1258 1257 1.
1275 1213 1360 1256 Od.
1380 1216 1450 1258 31.
1480 1215 1632 1260 Caesar

188 1286 247 1328 ad
261 1283 449 1337 Templa
466 1281 698 1323 reficienda
711 1286 757 1325 et
773 1280 936 1322 Urbem
953 1281 1193 1322 ornandam
1214 1282 1406 1326 animum
1426 1285 1633 1338 appellit3

190 1352 282 1395 Dio
322 1361 431 1392 mn.
462 1349 559 1390 init.
593 1347 755 1391 Vellei.
794 1359 848 1389 11.
885 1347 955 1390 89.
1029 1347 1134 1390 Hoc
1170 1352 1367 1405 tempore
1403 1351 1633 1406 componit

191 1417 352 1460 Horat.
375 1427 447 1458 ιιι.
464 1415 551 1457 Od.
571 1415 613 1457 6.

202 1623 210 1643 ;
258 1599 317 1643 U.
336 1599 388 1643 G.
406 1600 508 1643 727.
565 1600 717 1643 Caesar
746 1602 1022 1644 Octavianus
1047 1613 1132 1644 vn.
1192 1603 1257 1644 Μ.
1277 1602 1480 1658 Agrippa
1504 1614 1574 1644 ιιι.

647 1667 704 1709 A.
724 1667 774 1710 C.
795 1668 865 1710 27.
924 1669 1104 1712 Horatii
1123 1673 1194 1724 gg.

205 1816 213 1820 -
251 1783 405 1827 Caesar
423 1788 438 1807 ‘
458 1779 698 1838 Princeps’
718 1785 904 1836 dicitur3
935 1786 1026 1827 Dio
1058 1796 1161 1826 mn.
1194 1786 1260 1827 11.
1280 1791 1327 1826 et
1345 1789 1358 1807 ‘
1380 1785 1612 1838 Augustus
1627 1783 1639 1799 ²

197 1850 469 1904 appellatum
501 1851 592 1891 Dio
613 1860 719 1891 mu.
745 1852 809 1891 l6.
830 1854 1066 1904 postquam
1095 1851 1251 1895 iterum
1270 1851 1326 1892 de
1347 1851 1543 1904 Imperio
1562 1851 1639 1891 de-

196 1915 399 1973 ponendo
418 1916 702 1958 consultavit.
756 1915 904 1957 Nocte
932 1928 1026 1969 seq.
1060 1916 1235 1957 Tiberis
1264 1917 1508 1958 exundatio
1537 1917 1641 1958 loca

197 1982 333 2035 plana
352 1981 513 2022 Romae
531 1981 598 2022 sic
617 1980 771 2034 replet,
790 1986 840 2023 ut
858 1981 1057 2033 navigari
1077 1983 1240 2036 possit.
1285 1983 1408 2025 Hinc
1420 1983 1640 2024 Sanadon.

197 2046 300 2096 huic
327 2060 373 2090 a.
401 2048 598 2100 assignat
627 2058 659 2088 ι.
686 2046 772 2088 od.
801 2046 843 2092 2.
900 2046 988 2088 Sed
1017 2059 1118 2090 cum
1145 2054 1293 2090 cetera
1311 2049 1383 2090 hic
1403 2054 1643 2091 memorata

198 2114 400 2169 prodigia
418 2113 541 2155 nulla
559 2113 637 2155 illo
656 2126 699 2156 a.
718 2114 970 2165 extitenmt,
992 2118 1085 2156 tum
1104 2115 1203 2156 haec
1229 2116 1476 2158 exundatio
1506 2115 1642 2157 Tibe·

197 2181 259 2223 ris
274 2193 363 2222 non
382 2193 463 2234 pro
483 2182 559 2222 irae
579 2180 776 2223 Deorum
802 2181 951 2222 omine
969 2187 1156 2236 accepta
1170 2187 1239 2224 est
1259 2184 1314 2224 ab
1333 2183 1531 2232 hariolis,
1563 2183 1642 2223 sed

199 2247 283 2298 sic,
301 2252 353 2289 ut
371 2245 618 2299 Augustum
637 2247 694 2289 ad
709 2259 910 2300 magnam
926 2249 1168 2302 potentiam
1185 2261 1417 2290 evasurum
1433 2249 1642 2290 dicerent.

201 2313 293 2363 Dio
315 2324 424 2354 mu.
447 2313 517 2354 17.

257 2378 484 2433 Augustus
518 2392 618 2421 cum
644 2380 838 2421 exercitu
870 2380 914 2421 in
945 2380 1212 2423 Britanniam
1241 2382 1303 2422 ire
1334 2387 1477 2435 parat,
1510 2382 1644 2423 alium

203 2447 449 2488 exercitum
491 2445 547 2486 ad
585 2445 811 2487 Orientem
855 2452 1012 2487 contra
1050 2446 1224 2488 Arabas
1262 2448 1444 2489 mittere.
1515 2449 1645 2490 Facit

205 2512 422 2554 Horatius
443 2523 477 2554 1.
499 2511 585 2554 od.
602 2513 673 2554 35.
703 2513 832 2567 cujus
862 2513 949 2554 vid.
971 2515 1152 2566 Argum.
1171 2515 1289 2555 -item
1324 2525 1353 2554 1.
1387 2513 1471 2556 Od.
1491 2516 1560 2556 29.
1586 2514 1644 2555 ad

206 2578 387 2619 Iccium.

265 2643 472 2691 cantabri
501 2646 755 2689 seditionem
786 2651 976 2688 movent.
1038 2646 1197 2687 Dacer.
1231 2646 1376 2701 itaque
1403 2646 1488 2689 huc
1517 2647 1646 2689 refert

210 2719 263 2750 11·
285 2708 370 2750 Od·
386 2713 430 2751 6.
489 2709 551 2778 Af
569 2713 659 2757 vid.
681 2713 801 2755 illius
821 2711 999 2766 Argum.
