1916 3190
751 274 793 312 ρ.
828 272 1034 304 ΗοκΑΤιι
1071 273 1243 303 FLAcm

450 367 537 409 Vel
558 380 639 409 nos
661 368 704 408 in
728 367 1015 420 Capitolium,

506 434 609 484 Quo
631 434 793 475 clamor
814 438 946 478 vocat
967 438 1011 473 et
1031 432 1160 473 turba
1177 432 1435 481 faventium,

449 501 537 542 Vel
555 514 633 541 nos
653 501 697 541 in
716 512 834 540 mare
857 500 1104 552 proximum

503 566 725 615 Gemmas,
746 571 792 606 et
811 565 996 619 lapides,
1019 577 1169 605 aurum
1189 568 1235 604 et
1255 564 1423 613 inutile,

450 634 616 674 Summi
634 633 860 674 materiem
879 632 998 682 mali,

503 699 744 750 Mittamus,
766 699 983 739 scelerum
1004 698 1043 738 si
1064 698 1173 738 bene
1193 698 1388 750 poenitet.
1664 701 1721 741 50

278 823 318 853 nd
333 824 410 863 quod
423 823 539 855 invitat
552 825 717 864 applausus
730 826 762 854 et
776 831 939 854 concursus
945 821 1050 862 populi
1064 821 1276 859 acclamantis,
1290 824 1345 852 aut
1359 821 1393 852 in
1407 830 1491 852 mare
1504 821 1638 852 vicinum
1651 830 1722 861 pro-

270 863 418 902 jiciamus
429 875 568 905 gemmas
579 870 610 897 et
625 865 744 906 lapillos
765 868 855 904 atque
868 873 976 894 aarum
988 863 1178 904 superflum
1197 864 1297 894 omnis
1317 865 1393 895 mali
1415 873 1548 895 causam.
1593 863 1630 894 Si
1651 872 1721 894 vere

867 955 906 966 N
910 954 1109 966 ‘ennoea-0

276 1033 311 1064 p.
327 1025 400 1055 268.
418 1026 452 1053 et
475 1023 512 1054 Ι..
527 1022 607 1052 Bos.
625 1020 735 1052 Auim.
750 1020 793 1051 ad
808 1020 894 1051 Hor.
911 1030 944 1060 p.
961 1022 1014 1052 45.
1038 1019 1172 1052 doctius
1187 1020 1255 1052 dici
1279 1021 1388 1061 ipsam
1405 1020 1601 1062 pauperiem
1622 1021 1720 1053 dese-

277 1075 353 1096 rere
379 1065 465 1096 viam
492 1064 638 1100 virtutis,
655 1067 822 1104 quatenns
846 1061 965 1101 faciat,
989 1066 1027 1093 ut
1048 1063 1200 1094 homines
1225 1072 1298 1094 eam
1321 1063 1505 1095 deserant:
1529 1063 1627 1103 cujus
1641 1072 1721 1095 sane

277 1108 411 1147 generis
424 1106 581 1146 exempla
597 1106 739 1145 plurima
754 1109 833 1136 sunt
854 1103 944 1145 apud
970 1103 1120 1143 Poetas3
1142 1114 1173 1137 e.
1188 1115 1218 1146 g.
1242 1106 1252 1122 ‘
1266 1115 1344 1146 spes
1369 1105 1471 1136 sulcis
1497 1106 1626 1136 semina
1648 1115 1725 1137 cre-

278 1149 352 1188 dit:
376 1159 430 1188 ap.
445 1148 568 1180 Tibull.
583 1157 650 1179 vu.
666 1150 696 1179 3.
741 1147 869 1178 Verum
886 1147 917 1177 h.
932 1147 955 1178 l.
970 1147 1035 1178 alia
1049 1156 1102 1177 res
1116 1152 1181 1183 est,
1202 1147 1292 1188 quod
1316 1147 1451 1188 quidem
1474 1147 1626 1187 inprimis
1652 1156 1722 1179 mo-

275 1200 357 1222 uere
369 1190 518 1222 debebat
531 1190 645 1221 Bentl.
683 1189 761 1221 Non
778 1189 976 1229 simpliciter
990 1189 1152 1229 pauperies
1166 1189 1351 1230 subjectum
1368 1194 1435 1229 est,
1449 1189 1510 1221 sed
1522 1199 1618 1230 paup.
1634 1199 1722 1230 mag-

275 1243 350 1264 num
364 1232 569 1273 opprobrium,
581 1232 603 1263 i.
620 1241 651 1263 e.
667 1231 733 1269 hoc,
747 1233 827 1271 quod
839 1230 1001 1271 pauperies
1016 1241 1055 1262 m.
1070 1242 1098 1264 ο.
1110 1235 1167 1263 est.
1197 1232 1253 1263 sic
1268 1232 1384 1263 vident
1398 1232 1641 1272 intelligentes,
1653 1237 1722 1264 non

278 1280 358 1316 apte
376 1275 470 1316 sequi
497 1284 558 1316 pro
583 1274 771 1315 praedicato
797 1283 916 1314 posse:
941 1274 1054 1304 deserit
1067 1283 1096 1305 v.
1113 1284 1142 1305 v.
1168 1283 1242 1314 pro,
1266 1273 1363 1313 facit,
1389 1279 1427 1305 ut
1451 1273 1631 1309 deseratur
1655 1274 1723 1307 via.

277 1318 388 1358 Igitur
404 1327 470 1349 non
487 1317 595 1358 potui,
619 1316 700 1357 quin
716 1316 909 1347 Bentleium
926 1325 1098 1357 sequerer.
1145 1316 1245 1349 Quod
1273 1317 1374 1356 paulo
1401 1316 1658 1359 asperioresssex
1681 1325 1723 1348 ea
1740 1336 1742 1339 -

277 1359 424 1391 lectione
438 1359 566 1391 numeri
582 1360 744 1397 existunt,
762 1358 795 1389 id
811 1368 880 1389 non
897 1363 972 1389 erat
983 1357 1073 1399 quod
1089 1359 1210 1389 Bosius
1223 1359 1310 1390 male
1325 1358 1446 1397 ferrem
1464 1368 1542 1390 nam
1559 1358 1628 1390 vid.
1645 1368 1676 1390 v.
1690 1368 1721 1390 c.

278 1401 340 1432 inf.
358 1410 492 1432 xxvm.
507 1403 538 1432 7.
555 1404 592 1432 et
615 1399 661 1431 cf.
683 1401 770 1431 Cun.
787 1401 808 1431 1.
825 1400 846 1431 Ι.
891 1400 1021 1431 Eodem
1038 1410 1087 1430 vs·
1109 1402 1239 1432 vanam
1254 1401 1345 1441 conj.
1362 1400 1479 1432 Lamb.
1495 1401 1555 1432 sed
1571 1400 1721 1441 exquisi-

277 1444 344 1474 tius
359 1442 447 1474 haud
463 1442 566 1473 dubie
578 1441 705 1473 dicitur
718 1442 819 1472 virtus
830 1443 941 1473 ardua.
960 1442 1026 1472 vid.
1046 1443 1189 1482 Cuning.
1205 1443 1228 1474 l.
1245 1443 1266 1473 Ι.
1282 1445 1315 1483 p.
1328 1445 1402 1474 270.
1448 1441 1605 1483 Denique
1620 1447 1656 1473 et
1671 1447 1720 1473 vs.

276 1487 331 1516 41.
354 1488 433 1525 post
445 1484 575 1524 navitoe,
600 1489 635 1515 et
658 1484 690 1514 h.
715 1492 762 1514 vs.
789 1489 867 1523 post
892 1483 999 1513 ardua·
1023 1483 1299 1523 interrogationis
1314 1485 1446 1524 signum
1462 1483 1668 1524 ponendum,
1684 1488 1722 1515 et
1754 1481 1759 1485 ”

277 1527 390 1558 omnia
403 1527 569 1557 hactenus
586 1524 768 1556 referenda
783 1533 858 1556 esse
874 1524 916 1555 ad
930 1525 959 1555 si
976 1534 1023 1556 vs.
1040 1527 1093 1556 36.
1119 1529 1213 1556 recte
1230 1525 1388 1557 viderunt
1409 1525 1451 1556 T.
1469 1525 1552 1557 Fab.
1567 1525 1720 1557 Bronck-

277 1569 352 1599 hus.
368 1567 411 1599 ad
427 1568 585 1608 Propert.
603 1576 643 1599 ιι.
658 1569 711 1598 24.
728 1568 779 1598 12.
801 1566 927 1597 Dacer.
951 1566 1029 1598 San.
1047 1566 1197 1597 Schmid.
1241 1567 1342 1600 Quod
1365 1567 1483 1599 Bentl:
1504 1568 1591 1599 Cun.
1616 1568 1721 1599 Baxt.

278 1610 366 1641 male
389 1608 596 1649 neglexere!
617 1609 794 1640 ὠκὺ-46
819 1608 904 1643 Quos
917 1609 1032 1639 clamor
1047 1608 1191 1639 Mentel.
1213 1619 1250 1640 αι·
1265 1610 1357 1640 turba
1371 1609 1602 1651 Coniuge-47
1626 1609 1720 1642 Non-

277 1653 380 1684 nullae
406 1651 486 1683 edd.
512 1656 549 1683 ut
571 1651 674 1692 Cruq.
693 1653 788 1682 1611.
810 1659 896 1681 more
914 1649 1164 1690 publicum-49
1187 1651 1334 1683 Quidam
1359 1650 1460 1683 codd.
1481 1652 1563 1683 item
1577 1652 1719 1684 Venett.

279 1697 375 1726 1492.
392 1697 487 1726 1590.
511 1694 653 1725 Loclner.
671 1693 812 1724 Ascens.
826 1692 943 1723 Basill.
958 1692 1073 1724 Lamb.
1087 1691 1247 1724 Torreut.
1258 1693 1349 1724 Mur.
1363 1692 1462 1725 Fabr.
1473 1693 1591 1724 Heins-
1601 1694 1721 1735 Steph.

280 1737 361 1768 Fab.
379 1737 537 1778 Rutgers.
555 1737 682 1767 Dacer.
698 1735 816 1768 Jones.
841 1738 878 1766 et
901 1734 973 1766 fere
989 1733 1069 1765 edd.
1086 1739 1171 1766 vett.
1187 1735 1375 1772 materiam5
1397 1735 1458 1767 sed
1482 1735 1580 1767 Harl.
1597 1737 1628 1768 1.
1642 1737 1676 1767 2.
1689 1738 1722 1767 8.

278 1782 309 1811 4.
327 1783 357 1810 5.
375 1782 405 1810 6.
430 1788 546 1810 omnes
565 1778 719 1820 Cruquii,
735 1777 916 1808 Pulntanni
932 1776 1047 1808 Hunn.
1068 1776 1246 1809 Gemblac.
1258 1779 1289 1809 2.
1315 1777 1442 1809 Beller.
1455 1781 1492 1809 et
1505 1777 1639 1810 Diesth.
1652 1777 1720 1810 duo

928 1874 959 1906 N
965 1873 1068 1906 OTAE

322 1955 362 1984 45
391 1951 447 1983 Vel
470 1959 524 1982 nos
545 1951 579 1982 in
604 1951 803 1991 Capitolium,
824 1951 893 1993 &tt-J
918 1951 972 1982 Ex
1026 1950 1160 1991 pitolini
1181 1950 1276 1983 Jovis
1304 1949 1454 1982 sedecim
1478 1948 1581 1980 millia
1605 1948 1720 1990 pondo

278 2008 357 2034 ante
382 2002 482 2034 dictis
506 2005 602 2033 reete
624 2000 818 2033 concludit:
842 2001 870 2032 si
889 2009 973 2041 opes
1027 2000 1114 2041 auri,
1130 2009 1346 2042 gemmasque
1358 2009 1398 2031 ac
1413 1998 1610 2041 margaritas
1623 1999 1719 2040 quin-

278 2061 345 2083 non
361 2052 499 2091 juvant,
514 2051 614 2081 immo
631 2050 875 2091 impedimento
897 2051 973 2081 sunt

275 2100 374 2132 bonis
387 2099 547 2134 moribus,
559 2103 654 2130 certe
669 2099 831 2131 debemus
846 2109 903 2131 eas
916 2099 972 2131 ab·

274 2151 406 2191 jicere:
430 2148 545 2188 itaque
570 2154 607 2178 ut
630 2156 675 2178 ex
697 2149 792 2179 malis
816 2148 895 2179 boni
915 2149 973 2179 ali-

279 2198 358 2240 quid
374 2196 550 2234 faehmus,
563 2194 754 2227 deferamus
778 2206 835 2228 eas
858 2197 901 2229 ad
916 2198 974 2230 Jo-

281 2253 354 2279 vem
365 2245 607 2288 Capitolinum,
620 2248 656 2276 et
671 2245 712 2275 ad
723 2250 878 2276 ornatum
892 2250 975 2276 tem-

280 2298 339 2338 pli.
382 2297 435 2328 Ac
455 2296 484 2327 si
505 2295 613 2326 minus
636 2298 751 2326 movet
772 2303 831 2325 nos
855 2295 974 2335 religio

280 2349 446 2384 Deorum,
463 2348 500 2376 at
523 2348 660 2375 moveat
682 2343 801 2389 saltem
817 2343 922 2374 honos
938 2349 976 2374 et

281 2397 388 2439 gloria
399 2395 545 2428 nominis
558 2393 678 2426 nostri.
722 2393 810 2425 Nam
824 2393 907 2424 illud
921 2403 973 2424 υσ-

278 2451 329 2480 cat
343 2451 380 2479 et
396 2447 620 2487 prosequetur
636 2453 694 2475 nos
711 2443 826 2474 clamor
837 2447 869 2475 et
882 2443 975 2475 turba

276 2496 463 2537 faventium.
507 2494 590 2526 Istae
619 2503 743 2534 nempe
772 2493 974 2525 donationes

280 2555 400 2588 magno
416 2544 532 2586 populi
547 2544 712 2584 applausu
728 2542 867 2583 fiebant,
879 2544 974 2586 quasi

280 2597 484 2638 triumphum
498 2593 647 2635 parantis
659 2593 690 2624 ei
701 2593 758 2634 qui
770 2593 973 2634 cupiditates

280 2645 482 2686 subegisset.
524 2643 663 2677 Petron.
694 2643 704 2660 ‘
719 2643 800 2684 Ipse
827 2643 972 2676 Senatus

273 2695 364 2727 'recti
379 2694 526 2735 bonique
542 2697 736 2734 praeceptor
750 2693 842 2725 mille
860 2693 972 2735 pondo

280 2745 352 2777 auri
363 2745 563 2786 promittere
570 2744 658 2775 solet
666 2743 883 2785 Capitolino)
890 2744 972 2776 Sue·

222 2820 224 2823 .
282 2799 351 2828 ton.
368 2794 493 2827 Octav.
509 2803 586 2835 cap.
602 2797 655 2825 30.
679 2794 688 2811 ‘
704 2794 744 2825 ln
768 2794 887 2826 cellam
910 2794 974 2826 Ca·

1026 2050 1159 2090 genties
1174 2050 1244 2083 HS.
1259 2059 1325 2082 una
1339 2049 1522 2081 donatione
1536 2047 1706 2081 contulit!

1067 2103 1107 2132 47
1138 2101 1194 2133 Vel
1215 2110 1271 2131 nos
1291 2100 1326 2131 in
1346 2108 1432 2131 mare
1446 2097 1716 2140 proximan-,421

1025 2148 1081 2181 Sic
1118 2150 1237 2181 Crates
1270 2148 1497 2189 Philosophus
1540 2147 1718 2180 Thebanus

1024 2209 1181 2240 magnum
1205 2199 1275 2230 auri
1306 2198 1438 2240 pondus
1462 2198 1497 2229 in
1519 2205 1611 2229 mare
1631 2196 1718 2238 deji-

1023 2248 1114 2279 ciens
1128 2248 1257 2280 aiebat:
1279 2248 1380 2280 Abite
1392 2256 1538 2289 pessum,
1549 2247 1647 2279 male
1657 2256 1718 2279 cu·

1024 2297 1200 2338 piditates‚
1218 2307 1279 2328 vos
1304 2307 1367 2338 ego
1390 2306 1554 2338 mergam,
1574 2297 1648 2338 ipse
1673 2305 1718 2328 ue

1024 2354 1159 2384 mergar
1174 2355 1194 2375 a
1209 2346 1316 2376 vobis.

1061 2396 1103 2425 48
1120 2393 1278 2431 Gemmas,
1289 2397 1318 2423 el
1331 2392 1463 2432 lapides]
1478 2392 1631 2424 Gemmae
1644 2393 1715 2433 pel-

1023 2444 1152 2481 lucent,
1181 2441 1311 2483 lapides
1332 2441 1489 2472 minime:
1523 2442 1716 2483 margaritae

1026 2501 1089 2524 nec
1110 2492 1200 2522 inter
1222 2499 1371 2532 gemmas
1389 2499 1452 2522 nec
1474 2491 1564 2522 inter
1583 2491 1716 2532 lapillos

1025 2545 1222 2575 censentur.

1068 2593 1189 2625 Aurum
1202 2590 1326 2631 inutile]
1349 2590 1414 2622 Vel
1437 2590 1518 2622 nihil
1533 2591 1656 2632 juvans
1671 2592 1716 2624 ad

1025 2643 1126 2675 beate
1142 2640 1343 2672 vivendum:
1362 2640 1415 2670 vel
1430 2649 1499 2681 quo
1510 2649 1577 2672 non
1590 2641 1717 2673 utimur

1026 2701 1088 2734 per
1102 2690 1279 2723 avaritiam
1291 2688 1535 2721 defraudantes
1546 2690 1695 2731 genium.

1067 2743 1110 2773 49
1130 2740 1297 2771 Mater-iem
1321 2737 1412 2778 mali]
1434 2739 1444 2756 ‘
1458 2739 1634 2780 Lycurgus
1658 2749 1717 2771 an-

1025 2801 1097 2823 rum
1113 2793 1358 2831 argentumque
1374 2788 1466 2820 velut
1481 2788 1628 2820 omnium
1642 2797 1715 2820 sce-
