1916 3190
797 201 1072 234 ramnum.
1635 190 1664 230 7

262 299 384 351 Quid
414 297 643 354 scripserit
672 297 879 347 Flaccus,
898 309 955 338 ea
969 296 1164 350 qnaestio
1183 295 1400 338 historica
1417 299 1513 338 est:
1543 297 1589 338 in
1610 309 1665 337 ea

208 368 413 420 testibus,
451 367 496 410 h.
526 380 567 409 e.
604 365 732 408 libris
767 365 975 419 antiquiS,
1005 364 1388 407 consentientibus
1421 364 1666 417 praecipue,

204 435 481 486 credendum,
502 431 713 489 quamdiu
732 432 824 486 ipsi
844 432 932 474 sibi
949 431 1078 473 fidem
1102 444 1189 474 non
1205 432 1429 485 abrogant,
1447 429 1663 484 quamdiu

204 515 292 544 non
311 502 471 544 dicunt
488 504 638 556 aperte
657 499 962 554 repugnantia..
1020 499 1112 541 Sed
1130 499 1340 540 videntur
1358 497 1576 540 interdum
1602 510 1666 537 re-

204 582 415 624 pugnare,
449 583 567 624 quae,
600 569 920 621 circumspecta
954 567 1039 608 rite
1072 567 1191 609 omni
1230 564 1580 614 circumstantia,
1617 564 1662 605 in

206 637 488 680 concordiam
509 642 699 693 possunt
717 637 855 690 redigi
874 648 945 682 eo,
964 641 1015 677 ut
1040 636 1087 676 in
1114 635 1317 684 musicis,
1332 632 1663 688 jucundiorem,

207 704 327 758 quod
343 704 509 747 habent
531 705 702 759 aliquid
729 717 891 760 pugnae
922 703 1174 744 admistum.
1233 701 1338 743 Tali
1368 698 1545 756 ὄξόμωςα
1578 712 1668 741 non

206 771 441 813 observata
457 771 603 814 fraudi
621 772 743 814 fuere
762 783 1072 824 nonnunquam
1103 769 1308 811 Bentleio
1331 768 1390 811 V.
1411 769 1466 810 C.
1498 778 1555 809 ιι.
1576 767 1670 808 Sat.

206 839 249 880 5.
268 838 340 880 ¹79.
359 842 406 880 et
422 839 523 881 1023.
581 838 753 894 Siquid
773 843 918 880 autem
950 837 1009 879 sit
1035 836 1187 884 etiam,
1207 835 1326 890 quod
1355 849 1383 877 a
1411 835 1574 877 vitiosa
1602 847 1670 876 re-

205 907 445 960 pugnantia
477 907 662 948 liberare
693 919 784 948 non
814 906 1000 959 possim,
1035 917 1126 946 non
1161 904 1263 946 ideo
1286 916 1414 945 urere
1443 907 1488 944 et
1516 914 1671 944 secare

204 972 325 1023 licet,
343 986 434 1015 non
452 974 642 1027 grassari
661 974 706 1015 in
724 974 880 1023 libros,
902 976 949 1015 ut
976 973 1022 1014 in
1051 973 1370 1026 discipulorum
1395 983 1539 1024 pensa
1559 970 1673 1011 solet

205 1040 478 1082 emendatrix
506 1053 664 1082 manns
692 1041 1009 1094 praeceptoris:
1041 1039 1119 1080 sed
1150 1040 1237 1080 nisi
1262 1039 1326 1079 ita
1346 1037 1512 1087 monis,
1531 1037 1600 1078 ita
1618 1036 1672 1078 li-

204 1105 358 1160 quida,
377 1106 444 1148 ita
460 1107 598 1156 clara,
618 1108 682 1149 ita
700 1107 835 1149 unica
855 1107 917 1148 sit
934 1106 1199 1155 emendatio,
1218 1105 1352 1158 plane
1380 1104 1444 1145 uti
1466 1103 1670 1146 dubitare

206 1172 378 1215 homini
395 1185 540 1215 rerum
561 1174 704 1227 perito
730 1185 818 1214 non
846 1173 997 1222 liceat,
1025 1172 1253 1214 modestiae
1282 1175 1446 1213 nostrae
1465 1176 1513 1212 et
1530 1172 1670 1213 bono-

205 1251 302 1280 rum
319 1238 529 1280 librorum
548 1239 785 1293 integritati
808 1239 958 1293 potius
987 1240 1051 1281 ita
1081 1238 1392 1288 consulamus,
1413 1239 1529 1279 utin
1555 1251 1673 1280 mar-

207 1306 320 1359 gine,
339 1305 448 1360 quid
466 1306 597 1348 nobis
618 1306 835 1356 videatur,
858 1305 1122 1347 indicemus.

268 1372 375 1414 Dici
405 1385 495 1415 non
531 1377 699 1428 potest,
739 1385 872 1427 quam
907 1373 1040 1415 facile
1078 1373 1139 1414 sit
1171 1372 1244 1414 hic
1284 1372 1397 1423 falli,
1437 1372 1546 1423 labi,
1574 1386 1671 1415 cor..

206 1452 407 1494 rumpere
440 1439 561 1494 quod
593 1440 825 1482 emendare
854 1440 981 1482 velia.
1040 1439 1156 1482 Cum
1185 1440 1455 1482 concedatur
1485 1442 1668 1482 senibus

209 1508 525 1563 σεςωωτολογεῖν,
544 1506 692 1550 dicam
710 1507 820 1562 quid
841 1508 950 1549 mibi
968 1521 1053 1550 usu
1075 1509 1260 1550 venerit.
1320 1508 1463 1549 Fuere
1485 1509 1543 1550 ab
1563 1508 1672 1550 ado-

210 1574 425 1616 lescentia
444 1575 550 1616 inde
563 1588 663 1617 mea
682 1576 832 1625 amici,
847 1576 1010 1618 eruditi
1030 1588 1139 1618 sane
1152 1576 1355 1618 homines
1374 1580 1420 1617 et
1440 1575 1672 1629 ingeniosi,

209 1642 287 1696 qui
305 1642 496 1684 subinde
513 1648 774 1686 accusarent
793 1657 936 1685 meam
955 1645 1001 1685 in
1016 1643 1401 1686 emendationibus
1416 1643 1490 1684 vel
1509 1643 1670 1684 alienis

210 1709 283 1750 vel
308 1709 421 1751 meis
450 1710 733 1753 admittendis
761 1711 1029 1753 tarditatem.
1088 1711 1177 1752 Sed
1200 1711 1347 1751 fateor
1366 1701 1569 1762 ingenue,
1590 1708 1672 1749 ali-

212 1777 387 1828 quoties
405 1781 554 1818 tamen
573 1790 672 1819 cum
693 1779 810 1818 omni
828 1777 922 1826 illa,
937 1790 1071 1830 qnam
1093 1789 1177 1830 ego
1197 1777 1453 1817 cautionem
1473 1775 1673 1828 appella·

212 1842 332 1892 bam,
344 1843 432 1896 ipsi
453 1843 750 1892 timiditatem,
766 1843 1008 1896 aliquoties
1020 1842 1129 1883 mihi
1143 1854 1229 1882 usn
1249 1841 1446 1890 venisse,
1461 1846 1514 1882 ut
1533 1845 1671 1883 aucto

213 1907 386 1950 scilicet
401 1921 545 1949 rerum
565 1908 888 1960 verborumque
915 1920 1019 1957 usu,
1038 1907 1331 1949 retractandae
1351 1912 1507 1949 essent
1525 1921 1672 1949 emen-

213 1973 432 2023 dationes,
451 1986 553 2028 quae
576 1973 706 2015 valde
725 1974 832 2016 mihi
853 1974 1128 2028 placuerant.

269 2038 375 2090 Quo
394 2039 540 2080 minus
557 2040 752 2094 poenitet
775 2041 823 2081 in
847 2040 1039 2083 Horatio
1059 2054 1245 2083 causam
1263 2045 1538 2095 receptarum
1558 2043 1672 2084 Lec-

147 2133 156 2136 -
213 2106 382 2149 tionum
410 2107 665 2160 suscepisse
702 2119 1012 2162 nonnunquam
1044 2113 1195 2150 contra
1227 2109 1378 2162 ipsum
1404 2108 1671 2160 Bentleium,

213 2173 350 2214 etiam
379 2173 455 2214 nbi
486 2173 706 2223 irascitur,
738 2177 805 2224 (ut
832 2175 891 2216 ad
922 2174 1022 2216 Art.
1055 2175 1185 2217 Po‘et.
1214 2173 1342 2230 441.)
1372 2176 1492 2230 quod
1526 2176 1672 2218 solent

211 2252 526 2294 nonnunquam
547 2240 631 2282 viri
661 2241 800 2291 docti,
819 2254 920 2282 cum
949 2246 1107 2296 putant
1135 2243 1339 2296 iniquum
1359 2255 1458 2284 esse
1478 2243 1670 2285 librariis

213 2308 525 2350 semibarbaris
556 2307 661 2362 plus
690 2308 793 2350 fidei
822 2308 977 2349 haberi
997 2322 1131 2363 quam
1160 2323 1255 2351 suae
1284 2310 1460 2360 rationi,
1487 2310 1573 2351 hoc
1601 2320 1673 2352 est

212 2378 365 2417 rectae:
384 2375 516 2428 quasi
531 2375 746 2418 vicissent
767 2388 872 2417 vero
891 2389 1020 2418 suam
1040 2378 1256 2418 rationem
1274 2376 1349 2418 hic
1369 2390 1471 2418 esse
1491 2381 1670 2418 rectam.

213 2439 376 2482 Contra
392 2440 509 2482 hanc
533 2441 798 2484 Criticorum
816 2444 1089 2497 quorundam
1109 2444 1430 2485 vehementiam
1452 2449 1670 2486 armatum

212 2512 370 2562 pectus
388 2508 548 2550 habere
560 2509 693 2552 debet
712 2510 887 2552 Horatii
907 2512 1152 2564 praesertim
1175 2511 1342 2561 Editor,
1356 2514 1401 2552 et
1416 2511 1548 2552 malle
1567 2525 1669 2554 cum

216 2572 467 2617 Philoxeno
476 2575 541 2618 ire
555 2576 601 2617 in
617 2577 894 2627 LautumiaS,
906 2591 1039 2630 quam
1055 2578 1235 2619 laudare
1250 2590 1339 2619 non
1351 2578 1509 2628 bonas,
1523 2580 1670 2633 cujus-

216 2652 400 2695 cumque
419 2642 596 2685 demum
615 2644 721 2694 sint,
742 2657 878 2698 quam
908 2645 1105 2698 recipere
1134 2644 1342 2698 pulchras
1364 2647 1667 2699 quantumvis,

218 2706 300 2747 sed
317 2708 460 2750 minus
478 2712 773 2763 necessarias,
793 2712 1136 2754 emendationes.
