<?xml version="1.0" encoding="UTF-8"?>
<!DOCTYPE html PUBLIC "-//W3C//DTD XHTML 1.0 Transitional//EN"
    "http://www.w3.org/TR/xhtml1/DTD/xhtml1-transitional.dtd">
<html xmlns="http://www.w3.org/1999/xhtml" xml:lang="en" lang="en">
 <head>
  <title>
</title>
<meta http-equiv="Content-Type" content="text/html;charset=utf-8" />
  <meta name='ocr-system' content='tesseract 3.04.00' />
  <meta name='ocr-capabilities' content='ocr_page ocr_carea ocr_par ocr_line ocrx_word'/>
</head>
<body>
  <div class='ocr_page' id='page_1' title='image "./operazeune01horauoft_0098.png"; bbox 0 0 1916 3190; ppageno 0'>
   <div class='ocr_carea' id='block_1_1' title="bbox 720 247 1215 287">
    <p class='ocr_par' dir='ltr' id='par_1_1' title="bbox 720 247 1215 287">
     <span class='ocr_line' id='line_1_1' title="bbox 720 247 1215 287; baseline -0.002 -9"><span class='ocrx_word' id='word_1_1' title='bbox 720 249 763 287; x_wconf 86' lang='lat' dir='ltr'>Q.</span> <span class='ocrx_word' id='word_1_2' title='bbox 795 248 1004 278; x_wconf 71' lang='lat' dir='ltr'>HoRA&#39;ru</span> <span class='ocrx_word' id='word_1_3' title='bbox 1041 247 1215 279; x_wconf 56' lang='lat' dir='ltr'>resecr</span> 
     </span>
    </p>
   </div>
   <div class='ocr_carea' id='block_1_2' title="bbox 416 339 1412 862">
    <p class='ocr_par' dir='ltr' id='par_1_2' title="bbox 416 339 1412 862">
     <span class='ocr_line' id='line_1_2' title="bbox 418 339 1365 393; baseline -0.004 -9"><span class='ocrx_word' id='word_1_4' title='bbox 418 342 655 392; x_wconf 87' lang='lat' dir='ltr'>Conamur,</span> <span class='ocrx_word' id='word_1_5' title='bbox 673 348 826 384; x_wconf 84' lang='lat' dir='ltr'>tenues</span> <span class='ocrx_word' id='word_1_6' title='bbox 846 341 1053 393; x_wconf 83' lang='lat' dir='ltr'>grandia;</span> <span class='ocrx_word' id='word_1_7' title='bbox 1085 339 1185 381; x_wconf 90' lang='lat' dir='ltr'>dum</span> <span class='ocrx_word' id='word_1_8' title='bbox 1208 341 1365 393; x_wconf 88' lang='lat' dir='ltr'>pudor,</span> 
     </span>
     <span class='ocr_line' id='line_1_3' title="bbox 416 408 1305 462; baseline -0.004 -12"><span class='ocrx_word' id='word_1_9' title='bbox 416 409 702 462; x_wconf 88' lang='lat' dir='ltr'>Imbellisque</span> <span class='ocrx_word' id='word_1_10' title='bbox 724 408 833 461; x_wconf 80' lang='lat' dir='ltr'>lyrae</span> <span class='ocrx_word' id='word_1_11' title='bbox 855 419 983 447; x_wconf 86' lang='lat' dir='ltr'>musa</span> <span class='ocrx_word' id='word_1_12' title='bbox 1003 411 1162 459; x_wconf 82' lang='lat' dir='ltr'>potens</span> <span class='ocrx_word' id='word_1_13' title='bbox 1182 410 1305 447; x_wconf 80' lang='lat' dir='ltr'>vetat</span> 
     </span>
     <span class='ocr_line' id='line_1_4' title="bbox 419 473 1184 528; baseline -0.005 -11"><span class='ocrx_word' id='word_1_14' title='bbox 419 475 597 517; x_wconf 85' lang='lat' dir='ltr'><strong>Laudes</strong></span> <span class='ocrx_word' id='word_1_15' title='bbox 617 474 779 528; x_wconf 82' lang='lat' dir='ltr'>egregii</span> <span class='ocrx_word' id='word_1_16' title='bbox 802 473 996 515; x_wconf 82' lang='lat' dir='ltr'>Caesaris</span> <span class='ocrx_word' id='word_1_17' title='bbox 1018 478 1062 515; x_wconf 90' lang='lat' dir='ltr'>et</span> <span class='ocrx_word' id='word_1_18' title='bbox 1081 477 1184 514; x_wconf 85' lang='lat' dir='ltr'>tuas</span> 
     </span>
     <span class='ocr_line' id='line_1_5' title="bbox 589 539 1130 596; baseline -0.007 -12"><span class='ocrx_word' id='word_1_19' title='bbox 589 542 733 596; x_wconf 86' lang='lat' dir='ltr'>Culpa</span> <span class='ocrx_word' id='word_1_20' title='bbox 754 541 951 582; x_wconf 83' lang='lat' dir='ltr'>deterere</span> <span class='ocrx_word' id='word_1_21' title='bbox 972 539 1130 593; x_wconf 77' lang='lat' dir='ltr'>ingeni.</span> 
     </span>
     <span class='ocr_line' id='line_1_6' title="bbox 420 606 1412 660; baseline -0.005 -9"><span class='ocrx_word' id='word_1_22' title='bbox 420 608 537 660; x_wconf 86' lang='lat' dir='ltr'>Quis</span> <span class='ocrx_word' id='word_1_23' title='bbox 560 609 751 651; x_wconf 84' lang='lat' dir='ltr'>Martem</span> <span class='ocrx_word' id='word_1_24' title='bbox 770 609 921 649; x_wconf 81' lang='lat' dir='ltr'>tunica</span> <span class='ocrx_word' id='word_1_25' title='bbox 942 613 1108 649; x_wconf 86' lang='lat' dir='ltr'>tectum</span> <span class='ocrx_word' id='word_1_26' title='bbox 1129 606 1412 648; x_wconf 81' lang='lat' dir='ltr'>adamantina</span> 
     </span>
     <span class='ocr_line' id='line_1_7' title="bbox 422 673 1330 730; baseline -0.003 -13"><span class='ocrx_word' id='word_1_27' title='bbox 422 676 569 729; x_wconf 85' lang='lat' dir='ltr'>Digne</span> <span class='ocrx_word' id='word_1_28' title='bbox 591 676 841 730; x_wconf 71' lang='lat' dir='ltr'>scripserit?</span> <span class='ocrx_word' id='word_1_29' title='bbox 873 679 949 716; x_wconf 84' lang='lat' dir='ltr'>aut</span> <span class='ocrx_word' id='word_1_30' title='bbox 968 674 1147 727; x_wconf 87' lang='lat' dir='ltr'>pulvere</span> <span class='ocrx_word' id='word_1_31' title='bbox 1166 673 1330 715; x_wconf 86' lang='lat' dir='ltr'>Troico</span> 
     </span>
     <span class='ocr_line' id='line_1_8' title="bbox 425 740 1332 796; baseline -0.004 -12"><span class='ocrx_word' id='word_1_32' title='bbox 425 743 607 796; x_wconf 90' lang='lat' dir='ltr'>Nigrum</span> <span class='ocrx_word' id='word_1_33' title='bbox 630 742 893 783; x_wconf 67' lang='lat' dir='ltr'>Merionen?</span> <span class='ocrx_word' id='word_1_34' title='bbox 925 745 1001 782; x_wconf 84' lang='lat' dir='ltr'>aut</span> <span class='ocrx_word' id='word_1_35' title='bbox 1021 754 1107 794; x_wconf 87' lang='lat' dir='ltr'>ope</span> <span class='ocrx_word' id='word_1_36' title='bbox 1128 740 1332 781; x_wconf 80' lang='lat' dir='ltr'>Palladis</span> 
     </span>
     <span class='ocr_line' id='line_1_9' title="bbox 589 808 1199 862; baseline -0.005 -12"><span class='ocrx_word' id='word_1_37' title='bbox 589 809 792 862; x_wconf 89' lang='lat' dir='ltr'>Tydiden</span> <span class='ocrx_word' id='word_1_38' title='bbox 813 808 997 861; x_wconf 87' lang='lat' dir='ltr'>Superis</span> <span class='ocrx_word' id='word_1_39' title='bbox 1017 808 1199 861; x_wconf 67' lang='lat' dir='ltr'>parem?</span> 
     </span>
    </p>
   </div>
   <div class='ocr_carea' id='block_1_3' title="bbox 1641 407 1720 458">
    <p class='ocr_par' dir='ltr' id='par_1_3' title="bbox 1641 407 1720 458">
     <span class='ocr_line' id='line_1_10' title="bbox 1641 407 1720 458; baseline 0 -11"><span class='ocrx_word' id='word_1_40' title='bbox 1641 407 1720 458; x_wconf 66' lang='grc' dir='ltr'>ιο,</span> 
     </span>
    </p>
   </div>
   <div class='ocr_carea' id='block_1_4' title="bbox 1644 740 1700 781">
    <p class='ocr_par' dir='ltr' id='par_1_4' title="bbox 1644 740 1700 781">
     <span class='ocr_line' id='line_1_11' title="bbox 1644 740 1700 781; baseline 0.018 -1"><span class='ocrx_word' id='word_1_41' title='bbox 1644 740 1700 781; x_wconf 83' lang='grc'>15</span> 
     </span>
    </p>
   </div>
   <div class='ocr_carea' id='block_1_5' title="bbox 249 936 1701 1063">
    <p class='ocr_par' dir='ltr' id='par_1_5' title="bbox 249 936 1701 1063">
     <span class='ocr_line' id='line_1_12' title="bbox 249 936 1699 978; baseline -0.003 -8"><span class='ocrx_word' id='word_1_42' title='bbox 249 939 316 977; x_wconf 81' lang='lat' dir='ltr'>dia,</span> <span class='ocrx_word' id='word_1_43' title='bbox 332 942 361 970; x_wconf 81' lang='lat' dir='ltr'>et</span> <span class='ocrx_word' id='word_1_44' title='bbox 379 939 472 970; x_wconf 79' lang='lat' dir='ltr'>Musa</span> <span class='ocrx_word' id='word_1_45' title='bbox 488 939 618 970; x_wconf 82' lang='lat' dir='ltr'>cithoroe</span> <span class='ocrx_word' id='word_1_46' title='bbox 632 949 693 969; x_wconf 80' lang='lat' dir='ltr'>non</span> <span class='ocrx_word' id='word_1_47' title='bbox 712 938 862 969; x_wconf 78' lang='lat' dir='ltr'>bellicosa·</span> <span class='ocrx_word' id='word_1_48' title='bbox 874 947 989 978; x_wconf 78' lang='lat' dir='ltr'>proeses</span> <span class='ocrx_word' id='word_1_49' title='bbox 1001 947 1048 969; x_wconf 89' lang='lat' dir='ltr'>me</span> <span class='ocrx_word' id='word_1_50' title='bbox 1061 937 1203 977; x_wconf 79' lang='lat' dir='ltr'>prohibet</span> <span class='ocrx_word' id='word_1_51' title='bbox 1217 937 1323 968; x_wconf 75' lang='lat' dir='ltr'>laudes</span> <span class='ocrx_word' id='word_1_52' title='bbox 1335 936 1445 968; x_wconf 69' lang='lat' dir='ltr'>eximii</span> <span class='ocrx_word' id='word_1_53' title='bbox 1459 936 1594 967; x_wconf 79' lang='lat' dir='ltr'>Coesaris</span> <span class='ocrx_word' id='word_1_54' title='bbox 1607 938 1699 975; x_wconf 77' lang='lat' dir='ltr'>atque</span> 
     </span>
     <span class='ocr_line' id='line_1_13' title="bbox 249 979 1699 1020; baseline -0.003 -8"><span class='ocrx_word' id='word_1_55' title='bbox 249 985 320 1012; x_wconf 66' lang='lat' dir='ltr'>tuas</span> <span class='ocrx_word' id='word_1_56' title='bbox 334 982 515 1012; x_wconf 78' lang='lat' dir='ltr'>imminuere</span> <span class='ocrx_word' id='word_1_57' title='bbox 530 981 683 1011; x_wconf 78' lang='lat' dir='ltr'>tenuitate</span> <span class='ocrx_word' id='word_1_58' title='bbox 697 981 828 1020; x_wconf 83' lang='lat' dir='ltr'>ingenii.</span> <span class='ocrx_word' id='word_1_59' title='bbox 875 981 955 1016; x_wconf 78' lang='lat' dir='ltr'>Quis</span> <span class='ocrx_word' id='word_1_60' title='bbox 968 981 1084 1020; x_wconf 81' lang='lat' dir='ltr'>poterit</span> <span class='ocrx_word' id='word_1_61' title='bbox 1098 979 1264 1018; x_wconf 78' lang='lat' dir='ltr'>celebrare,</span> <span class='ocrx_word' id='word_1_62' title='bbox 1277 982 1322 1010; x_wconf 71' lang='lat' dir='ltr'>ut·</span> <span class='ocrx_word' id='word_1_63' title='bbox 1329 980 1427 1018; x_wconf 76' lang='lat' dir='ltr'>decet,</span> <span class='ocrx_word' id='word_1_64' title='bbox 1443 979 1583 1009; x_wconf 78' lang='lat' dir='ltr'>Martem</span> <span class='ocrx_word' id='word_1_65' title='bbox 1596 987 1699 1008; x_wconf 82' lang='lat' dir='ltr'>arma-</span> 
     </span>
     <span class='ocr_line' id='line_1_14' title="bbox 249 1019 1701 1063; baseline -0.003 -9"><span class='ocrx_word' id='word_1_66' title='bbox 249 1026 315 1054; x_wconf 82' lang='lat' dir='ltr'>tum</span> <span class='ocrx_word' id='word_1_67' title='bbox 328 1023 424 1054; x_wconf 79' lang='lat' dir='ltr'>lorica</span> <span class='ocrx_word' id='word_1_68' title='bbox 438 1023 652 1063; x_wconf 75' lang='lat' dir='ltr'>adamantina,</span> <span class='ocrx_word' id='word_1_69' title='bbox 671 1022 720 1053; x_wconf 80' lang='lat' dir='ltr'>vel</span> <span class='ocrx_word' id='word_1_70' title='bbox 745 1022 920 1054; x_wconf 79' lang='lat' dir='ltr'>Mer-ionem</span> <span class='ocrx_word' id='word_1_71' title='bbox 942 1023 1069 1062; x_wconf 79' lang='lat' dir='ltr'>puluere</span> <span class='ocrx_word' id='word_1_72' title='bbox 1097 1019 1231 1059; x_wconf 70' lang='lat' dir='ltr'>Troiano</span> <span class='ocrx_word' id='word_1_73' title='bbox 1252 1020 1424 1060; x_wconf 77' lang='lat' dir='ltr'>sordidum,</span> <span class='ocrx_word' id='word_1_74' title='bbox 1449 1020 1497 1051; x_wconf 77' lang='lat' dir='ltr'>vel</span> <span class='ocrx_word' id='word_1_75' title='bbox 1518 1019 1701 1051; x_wconf 75' lang='lat' dir='ltr'>Diomedem</span> 
     </span>
    </p>
   </div>
   <div class='ocr_carea' id='block_1_6' title="bbox 860 1104 1095 1116">
    <p class='ocr_par' dir='ltr' id='par_1_6' title="bbox 860 1104 1095 1116">
     <span class='ocr_line' id='line_1_15' title="bbox 860 1104 1095 1116; baseline 0.004 -1"><span class='ocrx_word' id='word_1_76' title='bbox 860 1104 1095 1116; x_wconf 65' lang='lat' dir='ltr'>oeee‘eeeeeoe</span> 
     </span>
    </p>
   </div>
   <div class='ocr_carea' id='block_1_7' title="bbox 250 1156 1742 1706">
    <p class='ocr_par' dir='ltr' id='par_1_7' title="bbox 250 1156 1742 1706">
     <span class='ocr_line' id='line_1_16' title="bbox 250 1156 1700 1199; baseline -0.002 -8"><span class='ocrx_word' id='word_1_77' title='bbox 250 1169 355 1191; x_wconf 85' lang='lat' dir='ltr'>verss.</span> <span class='ocrx_word' id='word_1_78' title='bbox 371 1159 414 1190; x_wconf 84' lang='lat' dir='ltr'>ad</span> <span class='ocrx_word' id='word_1_79' title='bbox 431 1160 519 1191; x_wconf 89' lang='lat' dir='ltr'>Hor.</span> <span class='ocrx_word' id='word_1_80' title='bbox 535 1160 651 1191; x_wconf 87' lang='lat' dir='ltr'>Bentl.</span> <span class='ocrx_word' id='word_1_81' title='bbox 668 1169 746 1199; x_wconf 81' lang='lat' dir='ltr'>cap.</span> <span class='ocrx_word' id='word_1_82' title='bbox 763 1161 816 1190; x_wconf 89' lang='lat' dir='ltr'>ll.</span> <span class='ocrx_word' id='word_1_83' title='bbox 833 1168 866 1197; x_wconf 89' lang='lat' dir='ltr'>p.</span> <span class='ocrx_word' id='word_1_84' title='bbox 885 1160 958 1189; x_wconf 87' lang='grc'><strong>161.</strong></span> <span class='ocrx_word' id='word_1_85' title='bbox 974 1160 1050 1189; x_wconf 75' lang='lat'>163.</span> <span class='ocrx_word' id='word_1_86' title='bbox 1072 1158 1208 1199; x_wconf 69' lang='lat' dir='ltr'>duplices</span> <span class='ocrx_word' id='word_1_87' title='bbox 1223 1166 1340 1189; x_wconf 83' lang='lat' dir='ltr'>ornnes</span> <span class='ocrx_word' id='word_1_88' title='bbox 1364 1157 1468 1198; x_wconf 88' lang='lat' dir='ltr'>Cruq.</span> <span class='ocrx_word' id='word_1_89' title='bbox 1483 1156 1552 1188; x_wconf 86' lang='lat' dir='ltr'>duo</span> <span class='ocrx_word' id='word_1_90' title='bbox 1567 1157 1700 1188; x_wconf 84' lang='lat' dir='ltr'>Bersm.</span> 
     </span>
     <span class='ocr_line' id='line_1_17' title="bbox 250 1199 1703 1241; baseline -0.003 -7"><span class='ocrx_word' id='word_1_91' title='bbox 250 1202 341 1234; x_wconf 87' lang='lat' dir='ltr'>Altt.</span> <span class='ocrx_word' id='word_1_92' title='bbox 357 1202 460 1233; x_wconf 87' lang='lat' dir='ltr'>Dess.</span> <span class='ocrx_word' id='word_1_93' title='bbox 477 1201 583 1241; x_wconf 83' lang='lat' dir='ltr'>Lipss.</span> <span class='ocrx_word' id='word_1_94' title='bbox 598 1202 702 1232; x_wconf 91' lang='lat' dir='ltr'>Brod.</span> <span class='ocrx_word' id='word_1_95' title='bbox 717 1204 797 1232; x_wconf 83' lang='lat' dir='ltr'>sax.</span> <span class='ocrx_word' id='word_1_96' title='bbox 814 1200 914 1232; x_wconf 82' lang='lat' dir='ltr'>Gott.</span> <span class='ocrx_word' id='word_1_97' title='bbox 931 1200 1023 1231; x_wconf 89' lang='lat' dir='ltr'>Flor.</span> <span class='ocrx_word' id='word_1_98' title='bbox 1036 1201 1159 1232; x_wconf 87' lang='lat' dir='ltr'>Venet.</span> <span class='ocrx_word' id='word_1_99' title='bbox 1174 1202 1267 1232; x_wconf 78' lang='lat'>1492.</span> <span class='ocrx_word' id='word_1_100' title='bbox 1290 1200 1433 1232; x_wconf 83' lang='lat' dir='ltr'>Locher.</span> <span class='ocrx_word' id='word_1_101' title='bbox 1450 1199 1593 1231; x_wconf 83' lang='lat' dir='ltr'>Ascens.</span> <span class='ocrx_word' id='word_1_102' title='bbox 1610 1199 1703 1230; x_wconf 81' lang='lat' dir='ltr'>Pris-</span> 
     </span>
     <span class='ocr_line' id='line_1_18' title="bbox 251 1242 1703 1284; baseline -0.002 -9"><span class='ocrx_word' id='word_1_103' title='bbox 251 1245 341 1275; x_wconf 82' lang='lat' dir='ltr'>cian.</span> <span class='ocrx_word' id='word_1_104' title='bbox 359 1254 415 1284; x_wconf 84' lang='lat' dir='ltr'>ap.</span> <span class='ocrx_word' id='word_1_105' title='bbox 438 1244 552 1275; x_wconf 86' lang='lat' dir='ltr'>Bentl.</span> <span class='ocrx_word' id='word_1_106' title='bbox 575 1244 708 1284; x_wconf 78' lang='lat' dir='ltr'>duplicis</span> <span class='ocrx_word' id='word_1_107' title='bbox 734 1252 851 1274; x_wconf 86' lang='lat' dir='ltr'>omnes</span> <span class='ocrx_word' id='word_1_108' title='bbox 875 1243 973 1273; x_wconf 86' lang='lat' dir='ltr'>Torr.</span> <span class='ocrx_word' id='word_1_109' title='bbox 1001 1247 1070 1273; x_wconf 80' lang='lat' dir='ltr'>tres</span> <span class='ocrx_word' id='word_1_110' title='bbox 1093 1243 1213 1274; x_wconf 85' lang='lat' dir='ltr'>Lamb.</span> <span class='ocrx_word' id='word_1_111' title='bbox 1235 1242 1378 1274; x_wconf 83' lang='lat' dir='ltr'>Mentel.</span> <span class='ocrx_word' id='word_1_112' title='bbox 1406 1242 1552 1283; x_wconf 81' lang='lat' dir='ltr'>Franeq.</span> <span class='ocrx_word' id='word_1_113' title='bbox 1577 1242 1703 1272; x_wconf 83' lang='lat' dir='ltr'>venet.</span> 
     </span>
     <span class='ocr_line' id='line_1_19' title="bbox 252 1283 1703 1325; baseline -0.003 -7"><span class='ocrx_word' id='word_1_114' title='bbox 252 1289 350 1318; x_wconf 78' lang='lat'>159⁰.</span> <span class='ocrx_word' id='word_1_115' title='bbox 372 1286 493 1318; x_wconf 85' lang='lat' dir='ltr'>Heius.</span> <span class='ocrx_word' id='word_1_116' title='bbox 509 1285 589 1317; x_wconf 84' lang='lat' dir='ltr'>Fab.</span> <span class='ocrx_word' id='word_1_117' title='bbox 615 1286 713 1318; x_wconf 82' lang='lat' dir='ltr'>Fabr.</span> <span class='ocrx_word' id='word_1_118' title='bbox 738 1286 842 1325; x_wconf 85' lang='lat' dir='ltr'>Rutg.</span> <span class='ocrx_word' id='word_1_119' title='bbox 865 1285 951 1316; x_wconf 94' lang='lat' dir='ltr'>Cun.</span> <span class='ocrx_word' id='word_1_120' title='bbox 973 1285 1052 1318; x_wconf 87' lang='lat' dir='ltr'>San.</span> <span class='ocrx_word' id='word_1_121' title='bbox 1097 1286 1150 1317; x_wconf 91' lang='lat' dir='ltr'>Ex</span> <span class='ocrx_word' id='word_1_122' title='bbox 1178 1284 1277 1315; x_wconf 84' lang='lat' dir='ltr'>codd.</span> <span class='ocrx_word' id='word_1_123' title='bbox 1301 1284 1438 1325; x_wconf 87' lang='lat' dir='ltr'>quidem</span> <span class='ocrx_word' id='word_1_124' title='bbox 1465 1285 1521 1314; x_wconf 81' lang='lat' dir='ltr'>vix</span> <span class='ocrx_word' id='word_1_125' title='bbox 1544 1283 1703 1315; x_wconf 80' lang='lat' dir='ltr'>constitui</span> 
     </span>
     <span class='ocr_line' id='line_1_20' title="bbox 252 1326 1742 1369; baseline -0.003 -9"><span class='ocrx_word' id='word_1_126' title='bbox 252 1328 383 1369; x_wconf 83' lang='lat' dir='ltr'>poterit</span> <span class='ocrx_word' id='word_1_127' title='bbox 415 1328 532 1367; x_wconf 87' lang='lat' dir='ltr'>lectio,</span> <span class='ocrx_word' id='word_1_128' title='bbox 566 1328 647 1368; x_wconf 91' lang='lat' dir='ltr'>quia</span> <span class='ocrx_word' id='word_1_129' title='bbox 678 1329 712 1358; x_wconf 91' lang='lat' dir='ltr'>in</span> <span class='ocrx_word' id='word_1_130' title='bbox 743 1327 865 1367; x_wconf 80' lang='lat' dir='ltr'>priscis</span> <span class='ocrx_word' id='word_1_131' title='bbox 894 1327 990 1358; x_wconf 86' lang='lat' dir='ltr'>libris</span> <span class='ocrx_word' id='word_1_132' title='bbox 1017 1327 1119 1358; x_wconf 89' lang='lat' dir='ltr'>etiam</span> <span class='ocrx_word' id='word_1_133' title='bbox 1146 1326 1360 1358; x_wconf 82' lang='lat' dir='ltr'>accusativus</span> <span class='ocrx_word' id='word_1_134' title='bbox 1387 1330 1440 1357; x_wconf 89' lang='lat' dir='ltr'>est</span> <span class='ocrx_word' id='word_1_135' title='bbox 1463 1326 1609 1366; x_wconf 63' lang='lat' dir='ltr'>duplicia,</span> <span class='ocrx_word' id='word_1_136' title='bbox 1639 1335 1703 1356; x_wconf 89' lang='lat' dir='ltr'>nec</span> <span class='ocrx_word' id='word_1_137' title='bbox 1740 1357 1742 1359; x_wconf 81' lang='grc'><strong>,</strong></span> 
     </span>
     <span class='ocr_line' id='line_1_21' title="bbox 250 1367 1702 1411; baseline -0.003 -9"><span class='ocrx_word' id='word_1_138' title='bbox 250 1371 317 1402; x_wconf 81' lang='lat' dir='ltr'>nisi</span> <span class='ocrx_word' id='word_1_139' title='bbox 334 1371 366 1401; x_wconf 88' lang='lat' dir='ltr'>iu</span> <span class='ocrx_word' id='word_1_140' title='bbox 384 1370 633 1402; x_wconf 83' lang='lat' dir='ltr'>recentioribus</span> <span class='ocrx_word' id='word_1_141' title='bbox 659 1370 808 1410; x_wconf 73' lang='lat' dir='ltr'>duplices.</span> <span class='ocrx_word' id='word_1_142' title='bbox 852 1369 952 1400; x_wconf 79' lang='lat' dir='ltr'>Harl.</span> <span class='ocrx_word' id='word_1_143' title='bbox 970 1372 1000 1400; x_wconf 88' lang='lat' dir='ltr'>l.</span> <span class='ocrx_word' id='word_1_144' title='bbox 1017 1371 1047 1400; x_wconf 82' lang='grc'>3.</span> <span class='ocrx_word' id='word_1_145' title='bbox 1062 1373 1094 1400; x_wconf 91' lang='grc'>5.</span> <span class='ocrx_word' id='word_1_146' title='bbox 1107 1372 1140 1401; x_wconf 87' lang='grc'>6.</span> <span class='ocrx_word' id='word_1_147' title='bbox 1162 1374 1233 1401; x_wconf 88' lang='lat' dir='ltr'>tres</span> <span class='ocrx_word' id='word_1_148' title='bbox 1255 1368 1471 1411; x_wconf 81' lang='lat' dir='ltr'>Bersmanni,</span> <span class='ocrx_word' id='word_1_149' title='bbox 1486 1373 1523 1399; x_wconf 88' lang='lat' dir='ltr'>et</span> <span class='ocrx_word' id='word_1_150' title='bbox 1538 1367 1583 1399; x_wconf 73' lang='lat' dir='ltr'>al.</span> <span class='ocrx_word' id='word_1_151' title='bbox 1601 1367 1702 1398; x_wconf 88' lang='lat' dir='ltr'>codd.</span> 
     </span>
     <span class='ocr_line' id='line_1_22' title="bbox 253 1410 1704 1451; baseline -0.003 -8"><span class='ocrx_word' id='word_1_152' title='bbox 253 1417 340 1445; x_wconf 85' lang='lat' dir='ltr'>vett.</span> <span class='ocrx_word' id='word_1_153' title='bbox 361 1412 495 1444; x_wconf 73' lang='lat' dir='ltr'>Ellixei.</span> <span class='ocrx_word' id='word_1_154' title='bbox 539 1412 628 1444; x_wconf 86' lang='lat' dir='ltr'>Vide</span> <span class='ocrx_word' id='word_1_155' title='bbox 653 1412 776 1444; x_wconf 88' lang='lat' dir='ltr'>Heius.</span> <span class='ocrx_word' id='word_1_156' title='bbox 801 1415 837 1442; x_wconf 85' lang='lat' dir='ltr'>et</span> <span class='ocrx_word' id='word_1_157' title='bbox 862 1411 977 1451; x_wconf 86' lang='lat' dir='ltr'>Heyn.</span> <span class='ocrx_word' id='word_1_158' title='bbox 1001 1411 1043 1443; x_wconf 82' lang='lat' dir='ltr'>ad</span> <span class='ocrx_word' id='word_1_159' title='bbox 1068 1412 1165 1451; x_wconf 84' lang='lat' dir='ltr'>Virg.</span> <span class='ocrx_word' id='word_1_160' title='bbox 1188 1411 1262 1442; x_wconf 89' lang='lat' dir='ltr'>Ecl.</span> <span class='ocrx_word' id='word_1_161' title='bbox 1279 1419 1361 1442; x_wconf 82' lang='lat' dir='ltr'>vui.</span> <span class='ocrx_word' id='word_1_162' title='bbox 1376 1413 1429 1442; x_wconf 88' lang='grc'>70.</span> <span class='ocrx_word' id='word_1_163' title='bbox 1490 1410 1609 1441; x_wconf 75' lang='grc' dir='ltr'>0Πίπεί</span> <span class='ocrx_word' id='word_1_164' title='bbox 1633 1415 1704 1440; x_wconf 80' lang='lat' dir='ltr'>vet.</span> 
     </span>
     <span class='ocr_line' id='line_1_23' title="bbox 253 1453 1704 1491; baseline -0.003 -5"><span class='ocrx_word' id='word_1_165' title='bbox 253 1455 372 1486; x_wconf 85' lang='lat' dir='ltr'>Comb.</span> <span class='ocrx_word' id='word_1_166' title='bbox 397 1463 435 1486; x_wconf 85' lang='lat' dir='ltr'>et</span> <span class='ocrx_word' id='word_1_167' title='bbox 464 1456 603 1486; x_wconf 85' lang='lat' dir='ltr'>Venett.</span> <span class='ocrx_word' id='word_1_168' title='bbox 631 1457 727 1486; x_wconf 83' lang='grc'><strong>1478.</strong></span> <span class='ocrx_word' id='word_1_169' title='bbox 775 1453 891 1485; x_wconf 81' lang='lat' dir='ltr'>Ulissei</span> <span class='ocrx_word' id='word_1_170' title='bbox 917 1453 1070 1484; x_wconf 89' lang='lat' dir='ltr'>nonnulli</span> <span class='ocrx_word' id='word_1_171' title='bbox 1097 1453 1344 1484; x_wconf 81' lang='lat' dir='ltr'>Torrentii.-—9</span> <span class='ocrx_word' id='word_1_172' title='bbox 1367 1453 1454 1484; x_wconf 83' lang='lat' dir='ltr'>Post</span> <span class='ocrx_word' id='word_1_173' title='bbox 1478 1457 1586 1483; x_wconf 67' lang='lat' dir='ltr'>tenses</span> <span class='ocrx_word' id='word_1_174' title='bbox 1607 1453 1704 1491; x_wconf 83' lang='lat' dir='ltr'>ponit</span> 
     </span>
     <span class='ocr_line' id='line_1_24' title="bbox 252 1494 1706 1539; baseline -0.003 -10"><span class='ocrx_word' id='word_1_175' title='bbox 252 1502 419 1539; x_wconf 86' lang='lat' dir='ltr'>punctum</span> <span class='ocrx_word' id='word_1_176' title='bbox 449 1497 524 1529; x_wconf 89' lang='lat' dir='ltr'>cod.</span> <span class='ocrx_word' id='word_1_177' title='bbox 554 1496 856 1528; x_wconf 77' lang='lat' dir='ltr'>Bersmanni.—1o</span> <span class='ocrx_word' id='word_1_178' title='bbox 887 1495 995 1527; x_wconf 88' lang='lat' dir='ltr'>Codd.</span> <span class='ocrx_word' id='word_1_179' title='bbox 1023 1495 1068 1527; x_wconf 87' lang='lat' dir='ltr'>G.</span> <span class='ocrx_word' id='word_1_180' title='bbox 1093 1495 1241 1527; x_wconf 85' lang='lat' dir='ltr'>Fabricii</span> <span class='ocrx_word' id='word_1_181' title='bbox 1268 1497 1472 1526; x_wconf 55' lang='lat' dir='ltr'>veterna—13</span> <span class='ocrx_word' id='word_1_182' title='bbox 1502 1495 1537 1526; x_wconf 75' lang='lat' dir='ltr'>Is</span> <span class='ocrx_word' id='word_1_183' title='bbox 1566 1494 1706 1525; x_wconf 74' lang='lat' dir='ltr'>Martem</span> 
     </span>
     <span class='ocr_line' id='line_1_25' title="bbox 251 1536 1706 1580; baseline -0.003 -10"><span class='ocrx_word' id='word_1_184' title='bbox 251 1543 278 1571; x_wconf 73' lang='lat' dir='ltr'>t.</span> <span class='ocrx_word' id='word_1_185' title='bbox 295 1550 326 1570; x_wconf 82' lang='lat' dir='ltr'>a.</span> <span class='ocrx_word' id='word_1_186' title='bbox 337 1550 367 1571; x_wconf 81' lang='lat' dir='ltr'>a.</span> <span class='ocrx_word' id='word_1_187' title='bbox 382 1539 429 1571; x_wconf 88' lang='lat' dir='ltr'>D.</span> <span class='ocrx_word' id='word_1_188' title='bbox 442 1539 605 1579; x_wconf 79' lang='lat' dir='ltr'>scripserit</span> <span class='ocrx_word' id='word_1_189' title='bbox 614 1550 626 1576; x_wconf 89' lang='lat'>,·</span> <span class='ocrx_word' id='word_1_190' title='bbox 649 1543 704 1570; x_wconf 80' lang='lat' dir='ltr'>aut</span> <span class='ocrx_word' id='word_1_191' title='bbox 715 1550 748 1580; x_wconf 83' lang='lat' dir='ltr'>p.</span> <span class='ocrx_word' id='word_1_192' title='bbox 763 1538 800 1570; x_wconf 84' lang='lat' dir='ltr'>T.</span> <span class='ocrx_word' id='word_1_193' title='bbox 820 1538 865 1569; x_wconf 89' lang='lat' dir='ltr'>N.</span> <span class='ocrx_word' id='word_1_194' title='bbox 881 1538 1043 1580; x_wconf 78' lang='lat' dir='ltr'>Merionen</span> <span class='ocrx_word' id='word_1_195' title='bbox 1051 1548 1065 1575; x_wconf 88' lang='lat'><em>;</em></span> <span class='ocrx_word' id='word_1_196' title='bbox 1086 1541 1142 1569; x_wconf 81' lang='lat' dir='ltr'>out</span> <span class='ocrx_word' id='word_1_197' title='bbox 1156 1548 1186 1569; x_wconf 91' lang='lat' dir='ltr'>o.</span> <span class='ocrx_word' id='word_1_198' title='bbox 1208 1538 1248 1568; x_wconf 90' lang='lat' dir='ltr'>P.</span> <span class='ocrx_word' id='word_1_199' title='bbox 1266 1538 1302 1568; x_wconf 88' lang='grc' dir='ltr'>Τ.</span> <span class='ocrx_word' id='word_1_200' title='bbox 1318 1547 1344 1567; x_wconf 76' lang='lat' dir='ltr'>s.</span> <span class='ocrx_word' id='word_1_201' title='bbox 1364 1547 1481 1578; x_wconf 77' lang='lat' dir='ltr'>parem.</span> <span class='ocrx_word' id='word_1_202' title='bbox 1503 1536 1577 1567; x_wconf 86' lang='lat' dir='ltr'>sine</span> <span class='ocrx_word' id='word_1_203' title='bbox 1601 1536 1706 1567; x_wconf 88' lang='lat' dir='ltr'>inter-</span> 
     </span>
     <span class='ocr_line' id='line_1_26' title="bbox 252 1577 1704 1622; baseline -0.002 -10"><span class='ocrx_word' id='word_1_204' title='bbox 252 1582 429 1622; x_wconf 81' lang='lat' dir='ltr'>rogatione</span> <span class='ocrx_word' id='word_1_205' title='bbox 446 1582 533 1622; x_wconf 90' lang='lat' dir='ltr'>conj.</span> <span class='ocrx_word' id='word_1_206' title='bbox 553 1581 626 1614; x_wconf 83' lang='lat' dir='ltr'>Jos.</span> <span class='ocrx_word' id='word_1_207' title='bbox 643 1581 777 1613; x_wconf 81' lang='lat' dir='ltr'>Valart.</span> <span class='ocrx_word' id='word_1_208' title='bbox 822 1579 903 1611; x_wconf 86' lang='lat' dir='ltr'>Vid.</span> <span class='ocrx_word' id='word_1_209' title='bbox 929 1580 1030 1611; x_wconf 86' lang='lat' dir='ltr'>Hom.</span> <span class='ocrx_word' id='word_1_210' title='bbox 1056 1579 1099 1611; x_wconf 84' lang='grc' dir='ltr'>ΙΙ.</span> <span class='ocrx_word' id='word_1_211' title='bbox 1126 1584 1165 1611; x_wconf 83' lang='lat' dir='ltr'>K.</span> <span class='ocrx_word' id='word_1_212' title='bbox 1182 1582 1343 1611; x_wconf 76' lang='grc'><strong>136.-14</strong></span> <span class='ocrx_word' id='word_1_213' title='bbox 1367 1580 1460 1610; x_wconf 71' lang='lat' dir='ltr'>Troia</span> <span class='ocrx_word' id='word_1_214' title='bbox 1483 1578 1571 1619; x_wconf 86' lang='lat' dir='ltr'>conj.</span> <span class='ocrx_word' id='word_1_215' title='bbox 1596 1577 1704 1609; x_wconf 84' lang='lat' dir='ltr'>Hein-</span> 
     </span>
     <span class='ocr_line' id='line_1_27' title="bbox 253 1620 1704 1663; baseline -0.002 -9"><span class='ocrx_word' id='word_1_216' title='bbox 253 1624 321 1654; x_wconf 84' lang='lat' dir='ltr'>sius</span> <span class='ocrx_word' id='word_1_217' title='bbox 336 1624 378 1655; x_wconf 88' lang='lat' dir='ltr'>ad</span> <span class='ocrx_word' id='word_1_218' title='bbox 396 1623 500 1655; x_wconf 90' lang='lat' dir='ltr'>Ovid.</span> <span class='ocrx_word' id='word_1_219' title='bbox 517 1623 659 1655; x_wconf 86' lang='lat' dir='ltr'>Heroid.</span> <span class='ocrx_word' id='word_1_220' title='bbox 676 1623 788 1662; x_wconf 84' lang='lat' dir='ltr'>Epist.</span> <span class='ocrx_word' id='word_1_221' title='bbox 805 1632 831 1653; x_wconf 87' lang='lat'>1.</span> <span class='ocrx_word' id='word_1_222' title='bbox 847 1625 901 1653; x_wconf 82' lang='grc'>28.</span> <span class='ocrx_word' id='word_1_223' title='bbox 917 1621 1008 1663; x_wconf 91' lang='lat' dir='ltr'>quod</span> <span class='ocrx_word' id='word_1_224' title='bbox 1032 1626 1191 1663; x_wconf 82' lang='lat' dir='ltr'>tanquam</span> <span class='ocrx_word' id='word_1_225' title='bbox 1215 1621 1388 1662; x_wconf 71' lang='lat' dir='ltr'>poeticum</span> <span class='ocrx_word' id='word_1_226' title='bbox 1417 1621 1548 1661; x_wconf 81' lang='lat' dir='ltr'>recepit</span> <span class='ocrx_word' id='word_1_227' title='bbox 1569 1620 1704 1653; x_wconf 74' lang='lat' dir='ltr'>sani.—</span> 
     </span>
     <span class='ocr_line' id='line_1_28' title="bbox 254 1661 1704 1706; baseline -0.003 -9"><span class='ocrx_word' id='word_1_228' title='bbox 254 1669 294 1697; x_wconf 85' lang='lat'>15</span> <span class='ocrx_word' id='word_1_229' title='bbox 311 1665 420 1698; x_wconf 89' lang='lat' dir='ltr'>Codd.</span> <span class='ocrx_word' id='word_1_230' title='bbox 436 1667 623 1706; x_wconf 73' lang='lat' dir='ltr'>Mer-ionem,</span> <span class='ocrx_word' id='word_1_231' title='bbox 641 1666 819 1706; x_wconf 74' lang='lat' dir='ltr'>Nerienem,</span> <span class='ocrx_word' id='word_1_232' title='bbox 834 1665 1042 1704; x_wconf 82' lang='lat' dir='ltr'>Memnonem,</span> <span class='ocrx_word' id='word_1_233' title='bbox 1054 1664 1330 1705; x_wconf 73' lang='lat' dir='ltr'>Myrionm—lss</span> <span class='ocrx_word' id='word_1_234' title='bbox 1346 1664 1447 1695; x_wconf 83' lang='lat' dir='ltr'>Multi</span> <span class='ocrx_word' id='word_1_235' title='bbox 1461 1663 1560 1695; x_wconf 87' lang='lat' dir='ltr'>codd.</span> <span class='ocrx_word' id='word_1_236' title='bbox 1575 1667 1610 1694; x_wconf 87' lang='lat' dir='ltr'>et</span> <span class='ocrx_word' id='word_1_237' title='bbox 1625 1661 1704 1693; x_wconf 82' lang='lat' dir='ltr'>edd.</span> 
     </span>
    </p>
   </div>
   <div class='ocr_carea' id='block_1_8' title="bbox 908 1748 1051 1781">
    <p class='ocr_par' dir='ltr' id='par_1_8' title="bbox 908 1748 1051 1781">
     <span class='ocr_line' id='line_1_29' title="bbox 908 1748 1051 1781; baseline -0.014 0"><span class='ocrx_word' id='word_1_238' title='bbox 908 1748 1051 1781; x_wconf 78' lang='lat' dir='ltr'>NOTAE</span> 
     </span>
    </p>
   </div>
   <div class='ocr_carea' id='block_1_9' title="bbox 252 1813 1005 1856">
    <p class='ocr_par' dir='ltr' id='par_1_9' title="bbox 252 1813 1005 1856">
     <span class='ocr_line' id='line_1_30' title="bbox 252 1813 1005 1856; baseline -0.004 -10"><span class='ocrx_word' id='word_1_239' title='bbox 252 1815 334 1856; x_wconf 87' lang='lat' dir='ltr'>doli,</span> <span class='ocrx_word' id='word_1_240' title='bbox 349 1815 496 1846; x_wconf 85' lang='lat' dir='ltr'>fallacis.</span> <span class='ocrx_word' id='word_1_241' title='bbox 527 1814 658 1846; x_wconf 72' lang='lat' dir='ltr'>Graecis</span> <span class='ocrx_word' id='word_1_242' title='bbox 673 1814 813 1854; x_wconf 77' lang='grc' dir='ltr'>διπλοῦς,</span> <span class='ocrx_word' id='word_1_243' title='bbox 828 1813 955 1853; x_wconf 72' lang='lat' dir='ltr'>duplex,</span> <span class='ocrx_word' id='word_1_244' title='bbox 999 1821 1005 1830; x_wconf 87' lang='grc'><em>’</em></span> 
     </span>
    </p>
   </div>
   <div class='ocr_carea' id='block_1_10' title="bbox 253 1863 957 2798">
    <p class='ocr_par' dir='ltr' id='par_1_10' title="bbox 253 1863 955 2303">
     <span class='ocr_line' id='line_1_31' title="bbox 253 1863 955 1905; baseline 0 -10"><span class='ocrx_word' id='word_1_245' title='bbox 253 1865 346 1896; x_wconf 80' lang='lat' dir='ltr'>aliud</span> <span class='ocrx_word' id='word_1_246' title='bbox 373 1874 495 1905; x_wconf 86' lang='lat' dir='ltr'>nempe</span> <span class='ocrx_word' id='word_1_247' title='bbox 520 1865 652 1905; x_wconf 90' lang='lat' dir='ltr'>dicens,</span> <span class='ocrx_word' id='word_1_248' title='bbox 678 1864 767 1895; x_wconf 86' lang='lat' dir='ltr'>aliud</span> <span class='ocrx_word' id='word_1_249' title='bbox 793 1863 955 1895; x_wconf 84' lang='lat' dir='ltr'>sentiens.</span> 
     </span>
     <span class='ocr_line' id='line_1_32' title="bbox 253 1914 954 1954; baseline -0.003 -9"><span class='ocrx_word' id='word_1_250' title='bbox 253 1915 388 1954; x_wconf 81' lang='lat' dir='ltr'>Legunt</span> <span class='ocrx_word' id='word_1_251' title='bbox 419 1915 534 1954; x_wconf 77' lang='lat' dir='ltr'>aliqui,</span> <span class='ocrx_word' id='word_1_252' title='bbox 569 1924 676 1944; x_wconf 78' lang='lat' dir='ltr'>cursus</span> <span class='ocrx_word' id='word_1_253' title='bbox 703 1914 850 1952; x_wconf 76' lang='lat' dir='ltr'>duplices,</span> <span class='ocrx_word' id='word_1_254' title='bbox 878 1923 954 1944; x_wconf 89' lang='lat' dir='ltr'>cum</span> 
     </span>
     <span class='ocr_line' id='line_1_33' title="bbox 253 1961 955 2002; baseline -0.003 -8"><span class='ocrx_word' id='word_1_255' title='bbox 253 1963 434 1994; x_wconf 83' lang='lat' dir='ltr'>Prisciano</span> <span class='ocrx_word' id='word_1_256' title='bbox 460 1963 519 1993; x_wconf 89' lang='lat' dir='ltr'>lib.</span> <span class='ocrx_word' id='word_1_257' title='bbox 545 1972 571 1993; x_wconf 86' lang='lat' dir='ltr'>r.</span> <span class='ocrx_word' id='word_1_258' title='bbox 595 1967 631 1993; x_wconf 90' lang='lat' dir='ltr'>et</span> <span class='ocrx_word' id='word_1_259' title='bbox 648 1971 713 1992; x_wconf 86' lang='lat' dir='ltr'>vn.</span> <span class='ocrx_word' id='word_1_260' title='bbox 733 1961 955 2002; x_wconf 85' lang='lat' dir='ltr'>referuntque</span> 
     </span>
     <span class='ocr_line' id='line_1_34' title="bbox 253 2010 955 2052; baseline -0.004 -10"><span class='ocrx_word' id='word_1_261' title='bbox 253 2011 295 2043; x_wconf 83' lang='lat' dir='ltr'>ad</span> <span class='ocrx_word' id='word_1_262' title='bbox 320 2011 451 2052; x_wconf 85' lang='lat' dir='ltr'>Ulyssis</span> <span class='ocrx_word' id='word_1_263' title='bbox 478 2011 729 2050; x_wconf 84' lang='lat' dir='ltr'>navigationem</span> <span class='ocrx_word' id='word_1_264' title='bbox 753 2019 815 2050; x_wconf 87' lang='lat' dir='ltr'>per</span> <span class='ocrx_word' id='word_1_265' title='bbox 844 2010 955 2040; x_wconf 80' lang='lat' dir='ltr'>Ocea-</span> 
     </span>
     <span class='ocr_line' id='line_1_35' title="bbox 253 2058 953 2097; baseline -0.006 -5"><span class='ocrx_word' id='word_1_266' title='bbox 253 2070 333 2092; x_wconf 88' lang='lat' dir='ltr'>num</span> <span class='ocrx_word' id='word_1_267' title='bbox 362 2066 398 2092; x_wconf 86' lang='lat' dir='ltr'>et</span> <span class='ocrx_word' id='word_1_268' title='bbox 422 2069 515 2091; x_wconf 83' lang='lat' dir='ltr'>mare</span> <span class='ocrx_word' id='word_1_269' title='bbox 543 2060 861 2097; x_wconf 86' lang='lat' dir='ltr'>Mediterraneum;</span> <span class='ocrx_word' id='word_1_270' title='bbox 902 2058 953 2089; x_wconf 80' lang='lat' dir='ltr'>vel</span> 
     </span>
     <span class='ocr_line' id='line_1_36' title="bbox 254 2106 954 2146; baseline -0.006 -5"><span class='ocrx_word' id='word_1_271' title='bbox 254 2110 297 2141; x_wconf 80' lang='lat' dir='ltr'>ad</span> <span class='ocrx_word' id='word_1_272' title='bbox 335 2110 386 2141; x_wconf 83' lang='lat' dir='ltr'>bis</span> <span class='ocrx_word' id='word_1_273' title='bbox 422 2109 643 2141; x_wconf 81' lang='lat' dir='ltr'>decennalem</span> <span class='ocrx_word' id='word_1_274' title='bbox 680 2117 841 2146; x_wconf 89' lang='lat' dir='ltr'>cursum;</span> <span class='ocrx_word' id='word_1_275' title='bbox 894 2106 954 2137; x_wconf 84' lang='lat' dir='ltr'>sed</span> 
     </span>
     <span class='ocr_line' id='line_1_37' title="bbox 253 2157 954 2202; baseline -0.007 -10"><span class='ocrx_word' id='word_1_276' title='bbox 253 2170 374 2202; x_wconf 84' lang='lat' dir='ltr'>apage.</span> <span class='ocrx_word' id='word_1_277' title='bbox 413 2159 672 2200; x_wconf 86' lang='lat' dir='ltr'>Animadverte,</span> <span class='ocrx_word' id='word_1_278' title='bbox 686 2159 810 2198; x_wconf 85' lang='lat' dir='ltr'>lector,</span> <span class='ocrx_word' id='word_1_279' title='bbox 827 2157 954 2189; x_wconf 87' lang='lat' dir='ltr'>Home-</span> 
     </span>
     <span class='ocr_line' id='line_1_38' title="bbox 254 2208 954 2251; baseline -0.006 -8"><span class='ocrx_word' id='word_1_280' title='bbox 254 2221 293 2243; x_wconf 88' lang='lat' dir='ltr'>ro</span> <span class='ocrx_word' id='word_1_281' title='bbox 306 2210 456 2244; x_wconf 69' lang='lat' dir='ltr'>delatum</span> <span class='ocrx_word' id='word_1_282' title='bbox 478 2211 653 2251; x_wconf 86' lang='lat' dir='ltr'>honorem,</span> <span class='ocrx_word' id='word_1_283' title='bbox 675 2210 770 2250; x_wconf 87' lang='lat' dir='ltr'>cujus</span> <span class='ocrx_word' id='word_1_284' title='bbox 795 2212 848 2240; x_wconf 87' lang='lat' dir='ltr'>est</span> <span class='ocrx_word' id='word_1_285' title='bbox 871 2208 954 2240; x_wconf 87' lang='lat' dir='ltr'>Ilias</span> 
     </span>
     <span class='ocr_line' id='line_1_39' title="bbox 254 2260 848 2303; baseline -0.005 -10"><span class='ocrx_word' id='word_1_286' title='bbox 254 2261 300 2293; x_wconf 87' lang='lat' dir='ltr'>de</span> <span class='ocrx_word' id='word_1_287' title='bbox 316 2261 463 2303; x_wconf 80' lang='lat' dir='ltr'>Achille,</span> <span class='ocrx_word' id='word_1_288' title='bbox 482 2261 640 2302; x_wconf 79' lang='lat' dir='ltr'>odyssea</span> <span class='ocrx_word' id='word_1_289' title='bbox 653 2260 698 2291; x_wconf 88' lang='lat' dir='ltr'>de</span> <span class='ocrx_word' id='word_1_290' title='bbox 711 2260 848 2300; x_wconf 84' lang='lat' dir='ltr'>Ulysse.</span> 
     </span>
    </p>

    <p class='ocr_par' dir='ltr' id='par_1_11' title="bbox 256 2308 957 2798">
     <span class='ocr_line' id='line_1_40' title="bbox 297 2308 954 2351; baseline -0.008 -8"><span class='ocrx_word' id='word_1_291' title='bbox 297 2314 318 2342; x_wconf 84' lang='lat'>8</span> <span class='ocrx_word' id='word_1_292' title='bbox 334 2309 458 2342; x_wconf 80' lang='lat' dir='ltr'>Soetam</span> <span class='ocrx_word' id='word_1_293' title='bbox 472 2309 602 2350; x_wconf 75' lang='lat' dir='ltr'>Pelopis</span> <span class='ocrx_word' id='word_1_294' title='bbox 615 2309 753 2351; x_wconf 67' lang='lat' dir='ltr'>domum]</span> <span class='ocrx_word' id='word_1_295' title='bbox 768 2309 835 2340; x_wconf 87' lang='lat' dir='ltr'>Tot</span> <span class='ocrx_word' id='word_1_296' title='bbox 847 2308 954 2338; x_wconf 88' lang='lat' dir='ltr'>homi-</span> 
     </span>
     <span class='ocr_line' id='line_1_41' title="bbox 256 2358 954 2400; baseline -0.004 -8"><span class='ocrx_word' id='word_1_297' title='bbox 256 2360 356 2392; x_wconf 83' lang='lat' dir='ltr'>cidiis</span> <span class='ocrx_word' id='word_1_298' title='bbox 367 2358 549 2391; x_wconf 73' lang='lat' dir='ltr'>funestam.</span> <span class='ocrx_word' id='word_1_299' title='bbox 574 2359 700 2400; x_wconf 78' lang='lat' dir='ltr'>Pelops</span> <span class='ocrx_word' id='word_1_300' title='bbox 711 2369 730 2390; x_wconf 72' lang='grc' dir='ltr'>α</span> <span class='ocrx_word' id='word_1_301' title='bbox 740 2359 886 2390; x_wconf 78' lang='lat' dir='ltr'>Tantalo</span> <span class='ocrx_word' id='word_1_302' title='bbox 895 2367 954 2398; x_wconf 86' lang='lat' dir='ltr'>pa-</span> 
     </span>
     <span class='ocr_line' id='line_1_42' title="bbox 256 2408 954 2450; baseline -0.003 -9"><span class='ocrx_word' id='word_1_303' title='bbox 256 2416 323 2450; x_wconf 86' lang='lat' dir='ltr'>tre,</span> <span class='ocrx_word' id='word_1_304' title='bbox 339 2408 465 2441; x_wconf 84' lang='lat' dir='ltr'>Atreus</span> <span class='ocrx_word' id='word_1_305' title='bbox 482 2415 519 2441; x_wconf 90' lang='lat' dir='ltr'>et</span> <span class='ocrx_word' id='word_1_306' title='bbox 536 2409 771 2450; x_wconf 79' lang='lat' dir='ltr'>Agamemnon</span> <span class='ocrx_word' id='word_1_307' title='bbox 786 2409 828 2440; x_wconf 84' lang='lat' dir='ltr'>ab</span> <span class='ocrx_word' id='word_1_308' title='bbox 846 2409 954 2449; x_wconf 81' lang='lat' dir='ltr'>AEgis-</span> 
     </span>
     <span class='ocr_line' id='line_1_43' title="bbox 257 2456 955 2500; baseline -0.001 -10"><span class='ocrx_word' id='word_1_309' title='bbox 257 2460 329 2498; x_wconf 88' lang='lat' dir='ltr'>tho,</span> <span class='ocrx_word' id='word_1_310' title='bbox 337 2456 602 2500; x_wconf 81' lang='lat' dir='ltr'>Clyt&#39;aemuestra</span> <span class='ocrx_word' id='word_1_311' title='bbox 609 2458 650 2489; x_wconf 81' lang='lat' dir='ltr'>ab</span> <span class='ocrx_word' id='word_1_312' title='bbox 660 2458 787 2490; x_wconf 86' lang='lat' dir='ltr'>Oreste</span> <span class='ocrx_word' id='word_1_313' title='bbox 794 2457 863 2489; x_wconf 86' lang='lat' dir='ltr'>filio</span> <span class='ocrx_word' id='word_1_314' title='bbox 875 2458 955 2489; x_wconf 80' lang='lat' dir='ltr'>caesi</span> 
     </span>
     <span class='ocr_line' id='line_1_44' title="bbox 257 2507 956 2549; baseline -0.001 -10"><span class='ocrx_word' id='word_1_315' title='bbox 257 2512 346 2539; x_wconf 84' lang='lat' dir='ltr'>sunt.</span> <span class='ocrx_word' id='word_1_316' title='bbox 369 2507 467 2538; x_wconf 88' lang='lat' dir='ltr'>Adde</span> <span class='ocrx_word' id='word_1_317' title='bbox 478 2508 636 2549; x_wconf 82' lang='lat' dir='ltr'>Thyestis</span> <span class='ocrx_word' id='word_1_318' title='bbox 646 2507 769 2539; x_wconf 86' lang='lat' dir='ltr'>liberos</span> <span class='ocrx_word' id='word_1_319' title='bbox 779 2507 956 2548; x_wconf 79' lang='lat' dir='ltr'>jugulatos</span> 
     </span>
     <span class='ocr_line' id='line_1_45' title="bbox 258 2555 956 2599; baseline 0.001 -11"><span class='ocrx_word' id='word_1_320' title='bbox 258 2558 302 2588; x_wconf 87' lang='lat' dir='ltr'>ab</span> <span class='ocrx_word' id='word_1_321' title='bbox 320 2556 437 2596; x_wconf 87' lang='lat' dir='ltr'>Atreo,</span> <span class='ocrx_word' id='word_1_322' title='bbox 460 2555 592 2599; x_wconf 84' lang='lat' dir='ltr'>ipsique</span> <span class='ocrx_word' id='word_1_323' title='bbox 615 2557 707 2598; x_wconf 82' lang='lat' dir='ltr'>patri</span> <span class='ocrx_word' id='word_1_324' title='bbox 730 2558 903 2598; x_wconf 85' lang='lat' dir='ltr'>appositos</span> <span class='ocrx_word' id='word_1_325' title='bbox 922 2558 956 2589; x_wconf 88' lang='lat' dir='ltr'>in</span> 
     </span>
     <span class='ocr_line' id='line_1_46' title="bbox 259 2606 956 2648; baseline 0.003 -11"><span class='ocrx_word' id='word_1_326' title='bbox 259 2607 384 2646; x_wconf 85' lang='lat' dir='ltr'>cibum,</span> <span class='ocrx_word' id='word_1_327' title='bbox 399 2607 488 2648; x_wconf 82' lang='lat' dir='ltr'>qnod</span> <span class='ocrx_word' id='word_1_328' title='bbox 504 2607 560 2638; x_wconf 91' lang='lat' dir='ltr'>Sol</span> <span class='ocrx_word' id='word_1_329' title='bbox 577 2617 619 2638; x_wconf 89' lang='lat' dir='ltr'>ne</span> <span class='ocrx_word' id='word_1_330' title='bbox 634 2607 780 2644; x_wconf 85' lang='lat' dir='ltr'>videret,</span> <span class='ocrx_word' id='word_1_331' title='bbox 792 2606 956 2648; x_wconf 72' lang='lat' dir='ltr'>refugisse</span> 
     </span>
     <span class='ocr_line' id='line_1_47' title="bbox 258 2655 956 2690; baseline 0.004 -4"><span class='ocrx_word' id='word_1_332' title='bbox 258 2655 396 2687; x_wconf 89' lang='lat' dir='ltr'>dicitur.</span> <span class='ocrx_word' id='word_1_333' title='bbox 452 2657 618 2688; x_wconf 86' lang='lat' dir='ltr'>Horatius</span> <span class='ocrx_word' id='word_1_334' title='bbox 650 2663 770 2688; x_wconf 85' lang='lat' dir='ltr'>notare</span> <span class='ocrx_word' id='word_1_335' title='bbox 799 2658 874 2689; x_wconf 87' lang='lat' dir='ltr'>vult</span> <span class='ocrx_word' id='word_1_336' title='bbox 902 2658 956 2690; x_wconf 88' lang='lat' dir='ltr'>hic</span> 
     </span>
     <span class='ocr_line' id='line_1_48' title="bbox 257 2705 957 2748; baseline 0.003 -12"><span class='ocrx_word' id='word_1_337' title='bbox 257 2705 427 2746; x_wconf 81' lang='lat' dir='ltr'>Thyesten</span> <span class='ocrx_word' id='word_1_338' title='bbox 451 2705 583 2736; x_wconf 80' lang='lat' dir='ltr'>eximiae</span> <span class='ocrx_word' id='word_1_339' title='bbox 607 2707 690 2737; x_wconf 75' lang='lat' dir='ltr'>artis</span> <span class='ocrx_word' id='word_1_340' title='bbox 705 2707 920 2748; x_wconf 77' lang='lat' dir='ltr'>Tragoediam</span> <span class='ocrx_word' id='word_1_341' title='bbox 937 2717 957 2738; x_wconf 74' lang='lat' dir='ltr'><strong>a</strong></span> 
     </span>
     <span class='ocr_line' id='line_1_49' title="bbox 258 2754 956 2798; baseline 0.004 -12"><span class='ocrx_word' id='word_1_342' title='bbox 258 2754 376 2793; x_wconf 80' lang='lat' dir='ltr'>Vario,</span> <span class='ocrx_word' id='word_1_343' title='bbox 392 2757 430 2785; x_wconf 91' lang='lat' dir='ltr'>ut</span> <span class='ocrx_word' id='word_1_344' title='bbox 439 2754 512 2794; x_wconf 85' lang='lat' dir='ltr'>jam</span> <span class='ocrx_word' id='word_1_345' title='bbox 526 2759 606 2787; x_wconf 85' lang='lat' dir='ltr'>ante</span> <span class='ocrx_word' id='word_1_346' title='bbox 622 2755 706 2796; x_wconf 88' lang='lat' dir='ltr'>dixi,</span> <span class='ocrx_word' id='word_1_347' title='bbox 722 2757 956 2798; x_wconf 82' lang='lat' dir='ltr'>compositam.</span> 
     </span>
    </p>
   </div>
   <div class='ocr_carea' id='block_1_11' title="bbox 1007 1808 1709 2794">
    <p class='ocr_par' dir='ltr' id='par_1_12' title="bbox 1008 1808 1706 1893">
     <span class='ocr_line' id='line_1_50' title="bbox 1050 1808 1706 1851; baseline -0.006 -7"><span class='ocrx_word' id='word_1_348' title='bbox 1050 1815 1071 1843; x_wconf 84' lang='lat'><strong>9</strong></span> <span class='ocrx_word' id='word_1_349' title='bbox 1097 1811 1217 1844; x_wconf 69' lang='lat' dir='ltr'>Tenues</span> <span class='ocrx_word' id='word_1_350' title='bbox 1234 1810 1386 1851; x_wconf 77' lang='lat' dir='ltr'>grandin]</span> <span class='ocrx_word' id='word_1_351' title='bbox 1410 1809 1615 1842; x_wconf 67' lang='lat' dir='ltr'>Modestum</span> <span class='ocrx_word' id='word_1_352' title='bbox 1633 1808 1706 1840; x_wconf 82' lang='lat' dir='ltr'>Ho-</span> 
     </span>
     <span class='ocr_line' id='line_1_51' title="bbox 1008 1861 1700 1893; baseline -0.004 0"><span class='ocrx_word' id='word_1_353' title='bbox 1008 1861 1115 1893; x_wconf 79' lang='lat' dir='ltr'>ratius</span> <span class='ocrx_word' id='word_1_354' title='bbox 1133 1861 1350 1893; x_wconf 83' lang='lat' dir='ltr'>commendat</span> <span class='ocrx_word' id='word_1_355' title='bbox 1363 1863 1470 1892; x_wconf 71' lang='lat' dir='ltr'>suans.</span> <span class='ocrx_word' id='word_1_356' title='bbox 1696 1882 1700 1885; x_wconf 28' lang='grc' dir='ltr'><strong>Α</strong></span> 
     </span>
    </p>

    <p class='ocr_par' dir='ltr' id='par_1_13' title="bbox 1007 1911 1709 2289">
     <span class='ocr_line' id='line_1_52' title="bbox 1052 1911 1706 1954; baseline -0.002 -10"><span class='ocrx_word' id='word_1_357' title='bbox 1052 1916 1093 1944; x_wconf 89' lang='grc'>10</span> <span class='ocrx_word' id='word_1_358' title='bbox 1118 1913 1315 1953; x_wconf 79' lang='lat' dir='ltr'>Imbellisque</span> <span class='ocrx_word' id='word_1_359' title='bbox 1340 1912 1435 1954; x_wconf 73' lang='lat' dir='ltr'>lyra]</span> <span class='ocrx_word' id='word_1_360' title='bbox 1471 1911 1579 1954; x_wconf 85' lang='lat' dir='ltr'>Atqui</span> <span class='ocrx_word' id='word_1_361' title='bbox 1605 1912 1706 1944; x_wconf 84' lang='lat' dir='ltr'>rebus</span> 
     </span>
     <span class='ocr_line' id='line_1_53' title="bbox 1007 1963 1709 2003; baseline 0.004 -11"><span class='ocrx_word' id='word_1_362' title='bbox 1007 1963 1110 1993; x_wconf 79' lang='lat' dir='ltr'>etiam</span> <span class='ocrx_word' id='word_1_363' title='bbox 1127 1963 1341 2002; x_wconf 83' lang='lat' dir='ltr'>gravioribus</span> <span class='ocrx_word' id='word_1_364' title='bbox 1356 1963 1496 1994; x_wconf 88' lang='lat' dir='ltr'>idoneos</span> <span class='ocrx_word' id='word_1_365' title='bbox 1512 1972 1630 1995; x_wconf 80' lang='lat' dir='ltr'>versus</span> <span class='ocrx_word' id='word_1_366' title='bbox 1640 1963 1709 2003; x_wconf 79' lang='lat' dir='ltr'><strong>Ly·-</strong></span> 
     </span>
     <span class='ocr_line' id='line_1_54' title="bbox 1009 2010 1707 2051; baseline 0.004 -11"><span class='ocrx_word' id='word_1_367' title='bbox 1009 2010 1110 2048; x_wconf 87' lang='lat' dir='ltr'>ricos,</span> <span class='ocrx_word' id='word_1_368' title='bbox 1140 2012 1328 2049; x_wconf 74' lang='lat' dir='ltr'>praesertim</span> <span class='ocrx_word' id='word_1_369' title='bbox 1359 2012 1530 2051; x_wconf 77' lang='lat' dir='ltr'>Alcaicos,</span> <span class='ocrx_word' id='word_1_370' title='bbox 1555 2012 1707 2044; x_wconf 81' lang='lat' dir='ltr'>ostendit</span> 
     </span>
     <span class='ocr_line' id='line_1_55' title="bbox 1009 2057 1707 2101; baseline 0.007 -14"><span class='ocrx_word' id='word_1_371' title='bbox 1009 2057 1198 2096; x_wconf 83' lang='lat' dir='ltr'>Pindarus;</span> <span class='ocrx_word' id='word_1_372' title='bbox 1226 2059 1422 2099; x_wconf 78' lang='lat' dir='ltr'>Noster-que</span> <span class='ocrx_word' id='word_1_373' title='bbox 1451 2060 1526 2100; x_wconf 84' lang='lat' dir='ltr'>ipse</span> <span class='ocrx_word' id='word_1_374' title='bbox 1552 2061 1707 2101; x_wconf 80' lang='lat' dir='ltr'>pluribus</span> 
     </span>
     <span class='ocr_line' id='line_1_56' title="bbox 1009 2106 1706 2147; baseline 0.004 -9"><span class='ocrx_word' id='word_1_375' title='bbox 1009 2106 1108 2147; x_wconf 89' lang='lat' dir='ltr'>Odis,</span> <span class='ocrx_word' id='word_1_376' title='bbox 1128 2107 1274 2138; x_wconf 81' lang='lat' dir='ltr'>maxime</span> <span class='ocrx_word' id='word_1_377' title='bbox 1290 2116 1370 2138; x_wconf 84' lang='lat' dir='ltr'>vero</span> <span class='ocrx_word' id='word_1_378' title='bbox 1385 2110 1417 2139; x_wconf 77' lang='lat'>4.</span> <span class='ocrx_word' id='word_1_379' title='bbox 1432 2110 1485 2139; x_wconf 79' lang='lat'>1⁴.</span> <span class='ocrx_word' id='word_1_380' title='bbox 1505 2111 1556 2140; x_wconf 79' lang='lat'>1⁵.</span> <span class='ocrx_word' id='word_1_381' title='bbox 1579 2109 1638 2140; x_wconf 86' lang='lat' dir='ltr'>lib.</span> <span class='ocrx_word' id='word_1_382' title='bbox 1654 2118 1706 2141; x_wconf 76' lang='lat' dir='ltr'>tv.</span> 
     </span>
     <span class='ocr_line' id='line_1_57' title="bbox 1008 2156 1706 2198; baseline 0.006 -11"><span class='ocrx_word' id='word_1_383' title='bbox 1008 2158 1072 2188; x_wconf 72' lang='grc' dir='ltr'>διο.</span> <span class='ocrx_word' id='word_1_384' title='bbox 1088 2156 1131 2187; x_wconf 84' lang='lat' dir='ltr'>ad</span> <span class='ocrx_word' id='word_1_385' title='bbox 1152 2156 1296 2187; x_wconf 86' lang='lat' dir='ltr'>Pisones</span> <span class='ocrx_word' id='word_1_386' title='bbox 1318 2157 1466 2198; x_wconf 88' lang='lat' dir='ltr'>denique</span> <span class='ocrx_word' id='word_1_387' title='bbox 1492 2158 1543 2190; x_wconf 85' lang='lat' dir='ltr'>sic</span> <span class='ocrx_word' id='word_1_388' title='bbox 1561 2158 1706 2191; x_wconf 80' lang='lat' dir='ltr'>scribit:</span> 
     </span>
     <span class='ocr_line' id='line_1_58' title="bbox 1010 2205 1705 2251; baseline 0.007 -15"><span class='ocrx_word' id='word_1_389' title='bbox 1010 2207 1019 2222; x_wconf 96' lang='lat'>‘</span> <span class='ocrx_word' id='word_1_390' title='bbox 1031 2206 1132 2237; x_wconf 81' lang='lat' dir='ltr'>Musa</span> <span class='ocrx_word' id='word_1_391' title='bbox 1143 2205 1240 2237; x_wconf 84' lang='lat' dir='ltr'>dedit</span> <span class='ocrx_word' id='word_1_392' title='bbox 1254 2205 1374 2238; x_wconf 83' lang='lat' dir='ltr'>fidibus</span> <span class='ocrx_word' id='word_1_393' title='bbox 1387 2207 1497 2239; x_wconf 83' lang='lat' dir='ltr'>Divos</span> <span class='ocrx_word' id='word_1_394' title='bbox 1514 2217 1705 2251; x_wconf 87' lang='lat' dir='ltr'>puerosque</span> 
     </span>
     <span class='ocr_line' id='line_1_59' title="bbox 1008 2255 1691 2289; baseline 0.003 -2"><span class='ocrx_word' id='word_1_395' title='bbox 1008 2256 1159 2287; x_wconf 85' lang='lat' dir='ltr'>Deorum</span> <span class='ocrx_word' id='word_1_396' title='bbox 1171 2278 1179 2286; x_wconf 93' lang='lat'>.</span> <span class='ocrx_word' id='word_1_397' title='bbox 1192 2278 1200 2287; x_wconf 98' lang='lat'>.</span> <span class='ocrx_word' id='word_1_398' title='bbox 1214 2279 1222 2287; x_wconf 93' lang='lat'>.</span> <span class='ocrx_word' id='word_1_399' title='bbox 1235 2278 1243 2287; x_wconf 98' lang='lat'>.</span> <span class='ocrx_word' id='word_1_400' title='bbox 1256 2255 1409 2289; x_wconf 73' lang='lat' dir='ltr'>referre:</span> <span class='ocrx_word' id='word_1_401' title='bbox 1687 2279 1691 2282; x_wconf 86' lang='lat'>-</span> 
     </span>
    </p>

    <p class='ocr_par' dir='ltr' id='par_1_14' title="bbox 1009 2307 1709 2499">
     <span class='ocr_line' id='line_1_60' title="bbox 1052 2307 1709 2349; baseline 0.003 -11"><span class='ocrx_word' id='word_1_402' title='bbox 1052 2310 1091 2349; x_wconf 66' lang='lat'>13</span> <span class='ocrx_word' id='word_1_403' title='bbox 1116 2308 1256 2339; x_wconf 78' lang='lat' dir='ltr'>Martem</span> <span class='ocrx_word' id='word_1_404' title='bbox 1270 2307 1390 2349; x_wconf 75' lang='lat' dir='ltr'>tunica,</span> <span class='ocrx_word' id='word_1_405' title='bbox 1403 2308 1474 2349; x_wconf 56' lang='grc' dir='ltr'>ξω]</span> <span class='ocrx_word' id='word_1_406' title='bbox 1505 2307 1606 2341; x_wconf 86' lang='lat' dir='ltr'>Viros</span> <span class='ocrx_word' id='word_1_407' title='bbox 1620 2308 1709 2340; x_wconf 82' lang='lat' dir='ltr'>rnili-</span> 
     </span>
     <span class='ocr_line' id='line_1_61' title="bbox 1009 2357 1708 2400; baseline 0.003 -11"><span class='ocrx_word' id='word_1_408' title='bbox 1009 2361 1100 2389; x_wconf 79' lang='lat' dir='ltr'>tares</span> <span class='ocrx_word' id='word_1_409' title='bbox 1115 2358 1222 2388; x_wconf 86' lang='lat' dir='ltr'>lorica</span> <span class='ocrx_word' id='word_1_410' title='bbox 1237 2363 1384 2389; x_wconf 80' lang='lat' dir='ltr'>armatos</span> <span class='ocrx_word' id='word_1_411' title='bbox 1399 2357 1481 2390; x_wconf 86' lang='lat' dir='ltr'>forti</span> <span class='ocrx_word' id='word_1_412' title='bbox 1496 2363 1533 2390; x_wconf 87' lang='lat' dir='ltr'>et</span> <span class='ocrx_word' id='word_1_413' title='bbox 1545 2359 1645 2400; x_wconf 75' lang='lat' dir='ltr'>dura,</span> <span class='ocrx_word' id='word_1_414' title='bbox 1657 2359 1708 2390; x_wconf 84' lang='lat' dir='ltr'>iu-</span> 
     </span>
     <span class='ocr_line' id='line_1_62' title="bbox 1009 2408 1708 2450; baseline 0.001 -11"><span class='ocrx_word' id='word_1_415' title='bbox 1009 2413 1081 2440; x_wconf 82' lang='lat' dir='ltr'>star</span> <span class='ocrx_word' id='word_1_416' title='bbox 1103 2408 1315 2440; x_wconf 75' lang='lat' dir='ltr'>adamantis:</span> <span class='ocrx_word' id='word_1_417' title='bbox 1341 2410 1393 2440; x_wconf 89' lang='lat' dir='ltr'>vel</span> <span class='ocrx_word' id='word_1_418' title='bbox 1412 2410 1524 2450; x_wconf 88' lang='lat' dir='ltr'>ipsum</span> <span class='ocrx_word' id='word_1_419' title='bbox 1547 2409 1708 2449; x_wconf 71' lang='lat' dir='ltr'>Martem,</span> 
     </span>
     <span class='ocr_line' id='line_1_63' title="bbox 1009 2458 1654 2499; baseline 0 -10"><span class='ocrx_word' id='word_1_420' title='bbox 1009 2467 1108 2499; x_wconf 91' lang='lat' dir='ltr'>quem</span> <span class='ocrx_word' id='word_1_421' title='bbox 1124 2458 1293 2489; x_wconf 83' lang='lat' dir='ltr'>Homerus</span> <span class='ocrx_word' id='word_1_422' title='bbox 1305 2467 1393 2489; x_wconf 77' lang='lat' dir='ltr'>aerea</span> <span class='ocrx_word' id='word_1_423' title='bbox 1409 2458 1522 2490; x_wconf 87' lang='lat' dir='ltr'>induit</span> <span class='ocrx_word' id='word_1_424' title='bbox 1536 2458 1654 2490; x_wconf 77' lang='lat' dir='ltr'>lorica.</span> 
     </span>
    </p>

    <p class='ocr_par' dir='ltr' id='par_1_15' title="bbox 1009 2508 1707 2699">
     <span class='ocr_line' id='line_1_64' title="bbox 1052 2508 1705 2548; baseline 0.005 -10"><span class='ocrx_word' id='word_1_425' title='bbox 1052 2511 1091 2539; x_wconf 84' lang='lat'>15</span> <span class='ocrx_word' id='word_1_426' title='bbox 1115 2508 1305 2548; x_wconf 80' lang='lat' dir='ltr'>Merionem]</span> <span class='ocrx_word' id='word_1_427' title='bbox 1347 2508 1546 2541; x_wconf 73' lang='lat' dir='ltr'>Quamlibet</span> <span class='ocrx_word' id='word_1_428' title='bbox 1575 2508 1705 2541; x_wconf 85' lang='lat' dir='ltr'>virtute</span> 
     </span>
     <span class='ocr_line' id='line_1_65' title="bbox 1009 2556 1707 2597; baseline 0 -8"><span class='ocrx_word' id='word_1_429' title='bbox 1009 2556 1130 2589; x_wconf 82' lang='lat' dir='ltr'>bellica</span> <span class='ocrx_word' id='word_1_430' title='bbox 1155 2557 1350 2597; x_wconf 86' lang='lat' dir='ltr'>gloriosum,</span> <span class='ocrx_word' id='word_1_431' title='bbox 1373 2556 1538 2588; x_wconf 85' lang='lat' dir='ltr'>Merionis</span> <span class='ocrx_word' id='word_1_432' title='bbox 1551 2557 1707 2597; x_wconf 84' lang='lat' dir='ltr'>similem,</span> 
     </span>
     <span class='ocr_line' id='line_1_66' title="bbox 1009 2605 1706 2647; baseline 0.001 -10"><span class='ocrx_word' id='word_1_433' title='bbox 1009 2606 1099 2647; x_wconf 75' lang='lat' dir='ltr'>apud</span> <span class='ocrx_word' id='word_1_434' title='bbox 1126 2606 1265 2637; x_wconf 76' lang='lat' dir='ltr'>Graecos</span> <span class='ocrx_word' id='word_1_435' title='bbox 1290 2610 1359 2636; x_wconf 84' lang='lat' dir='ltr'>tam</span> <span class='ocrx_word' id='word_1_436' title='bbox 1386 2605 1519 2646; x_wconf 85' lang='lat' dir='ltr'>inclyti,</span> <span class='ocrx_word' id='word_1_437' title='bbox 1541 2610 1579 2638; x_wconf 88' lang='lat' dir='ltr'>ut</span> <span class='ocrx_word' id='word_1_438' title='bbox 1601 2606 1706 2639; x_wconf 82' lang='lat' dir='ltr'>Marti</span> 
     </span>
     <span class='ocr_line' id='line_1_67' title="bbox 1009 2657 1618 2699; baseline 0.002 -10"><span class='ocrx_word' id='word_1_439' title='bbox 1009 2667 1072 2699; x_wconf 78' lang='lat' dir='ltr'>par</span> <span class='ocrx_word' id='word_1_440' title='bbox 1079 2658 1284 2698; x_wconf 81' lang='lat' dir='ltr'>jactaretur.</span> <span class='ocrx_word' id='word_1_441' title='bbox 1309 2657 1448 2688; x_wconf 83' lang='lat' dir='ltr'>Homer.</span> <span class='ocrx_word' id='word_1_442' title='bbox 1463 2657 1563 2690; x_wconf 81' lang='lat' dir='ltr'>Iliad.</span> <span class='ocrx_word' id='word_1_443' title='bbox 1579 2662 1618 2690; x_wconf 81' lang='lat' dir='ltr'>N·</span> 
     </span>
    </p>

    <p class='ocr_par' dir='ltr' id='par_1_16' title="bbox 1010 2706 1706 2794">
     <span class='ocr_line' id='line_1_68' title="bbox 1053 2706 1706 2747; baseline 0.003 -9"><span class='ocrx_word' id='word_1_444' title='bbox 1053 2710 1092 2738; x_wconf 78' lang='lat'>1⁴</span> <span class='ocrx_word' id='word_1_445' title='bbox 1115 2707 1252 2738; x_wconf 81' lang='lat' dir='ltr'>Pulvere</span> <span class='ocrx_word' id='word_1_446' title='bbox 1273 2706 1382 2738; x_wconf 78' lang='lat' dir='ltr'>Troico</span> <span class='ocrx_word' id='word_1_447' title='bbox 1397 2706 1553 2747; x_wconf 74' lang='lat' dir='ltr'>Nigrum]</span> <span class='ocrx_word' id='word_1_448' title='bbox 1575 2707 1618 2738; x_wconf 85' lang='lat' dir='ltr'>In</span> <span class='ocrx_word' id='word_1_449' title='bbox 1630 2708 1706 2740; x_wconf 76' lang='lat' dir='ltr'>scie</span> 
     </span>
     <span class='ocr_line' id='line_1_69' title="bbox 1010 2756 1704 2794; baseline 0 -6"><span class='ocrx_word' id='word_1_450' title='bbox 1010 2757 1134 2789; x_wconf 88' lang='lat' dir='ltr'>acriter</span> <span class='ocrx_word' id='word_1_451' title='bbox 1155 2756 1382 2794; x_wconf 81' lang='lat' dir='ltr'>dimicantem,</span> <span class='ocrx_word' id='word_1_452' title='bbox 1403 2760 1440 2788; x_wconf 85' lang='lat' dir='ltr'>et</span> <span class='ocrx_word' id='word_1_453' title='bbox 1460 2766 1527 2789; x_wconf 88' lang='lat' dir='ltr'>nou</span> <span class='ocrx_word' id='word_1_454' title='bbox 1542 2756 1704 2790; x_wconf 81' lang='lat' dir='ltr'>indecoro</span> 
     </span>
    </p>
   </div>
  </div>
 </body>
</html>
