1916 3190
273 230 330 271 26
905 243 967 273 DE
1001 242 1117 272 νιΤΑ

275 334 332 375 U.
361 334 412 376 C.
438 336 535 378 714.
597 336 674 378 Cn.
710 337 932 377 Domitius
971 336 1202 377 Calvinus.
1262 335 1312 376 C.
1345 334 1532 376 Asinius
1563 335 1726 377 Pollio.

332 402 513 444 Suffecti
543 404 627 444 sub
660 403 760 444 anni
792 402 921 442 finem
951 403 1003 443 L.
1035 402 1266 443 Cornelius
1306 402 1490 443 Balbus.
1558 402 1611 443 P.
1642 401 1727 443 Ca-

329 469 486 510 nidius.
545 468 605 510 A.
628 469 684 511 C:
699 470 769 510 40.
820 468 998 509 Horatii
1019 470 1090 522 ἐξ.

332 546 502 587 Bellum
533 547 808 588 Perusinum.
869 546 922 586 In
954 559 1007 587 eo
1037 545 1219 587 Asinius
1248 546 1397 587 Pollio
1421 541 1534 587 ⁴Cos.
1570 558 1598 586 a
1626 557 1727 598 par-

273 612 393 654 tibus
413 612 676 655 Antonianis
693 618 773 654 est.
833 612 1108 654 Octavianus
1136 612 1189 653 L.
1211 612 1450 653 Antonium
1473 612 1727 652 Perusiam·

272 693 356 733 que
375 669 527 721 urbem
549 680 773 721 deditione
806 680 986 733 accipit.
1047 679 1147 720 Pax
1176 679 1444 720 Brundisina
1463 678 1576 719 inter
1595 677 1727 720 Octa-

270 746 445 787 vianum
464 751 507 788 et
528 745 790 796 Antonium,
826 759 959 799 opera
987 746 1040 787 L.
1071 745 1270 795 Cocccii,
1302 746 1547 794 communis
1577 745 1728 786 amici,

271 813 482 854 adhibitis
513 814 647 854 etiam
671 813 922 854 Maecenate
943 826 970 854 a
992 813 1201 863 Caesaris,
1227 813 1431 854 Pollione
1451 813 1508 854 ab
1539 810 1727 852 Antonii

270 888 413 934 parte.
479 880 564 920 Dio
588 890 750 921 xbvn.
781 880 851 921 28.
902 878 1068 920 Referri
1104 880 1218 920 solet
1249 881 1306 921 ab
1342 879 1492 933 Intpp.
1523 879 1578 920 ad
1611 878 1726 923 hauc

270 958 424 999 pacem
449 945 761 987 Brundisinam
785 957 817 985 1.
837 945 930 987 Sat.
950 947 992 986 5.
1051 945 1139 987 Sed
1162 951 1281 987 recte
1312 946 1356 987 id
1382 946 1524 1000 rejicit
1546 945 1727 988 Masso-

270 1025 354 1053 nus
377 1025 423 1065 p.
443 1012 513 1053 82.
535 1026 632 1065 sqq.
653 1013 854 1065 inprimis
876 1013 995 1064 quod
1019 1026 1085 1053 vs.
1114 1014 1184 1054 27.
1205 1013 1405 1054 dicuntur
1437 1013 1664 1054 Maecenas
1684 1016 1729 1052 et

272 1080 494 1121 Cocceius
526 1080 693 1132 saepius
727 1078 821 1132 jam
857 1079 1123 1120 conciliasse
1163 1079 1462 1120 Octavianum
1501 1084 1548 1119 et
1586 1077 1728 1119 Anto-

269 1147 407 1196 nium,
429 1146 561 1199 idque
581 1159 624 1186 a.
640 1146 740 1187 714.
759 1145 879 1186 haud
902 1145 1035 1186 dubie
1056 1146 1242 1199 primum
1266 1145 1429 1186 factum
1452 1148 1545 1195 est3
1574 1148 1666 1186 tum
1686 1149 1730 1186 et

273 1213 448 1255 Fonteii
479 1213 710 1267 Capitonis
738 1212 784 1253 iu
815 1213 897 1254 hac
928 1225 1043 1266 pace
1073 1212 1193 1253 nulla
1220 1217 1291 1253 est
1322 1211 1439 1265 apud
1469 1211 1727 1253 Historicos

270 1281 451 1322 mentio.

274 1398 331 1439 U.
348 1398 397 1440 C.
418 1399 514 1441 715.
574 1400 624 1441 L.
647 1397 847 1441 Marcius
869 1398 1152 1440 Censorinus.
1203 1398 1255 1439 C.
1278 1397 1501 1439 Calvisius
1521 1381 1727 1437 Sabinus.

722 1466 779 1508 A.
800 1466 852 1508 C.
871 1466 941 1508 39.
1002 1465 1183 1506 Horatii
1202 1467 1272 1518 {rs}-

327 1542 557 1585 Antonius
579 1544 825 1586 Pollionem
849 1558 948 1586 cum
971 1544 1195 1585 exercitus
1226 1547 1352 1597 parte
1379 1541 1590 1583 adversus
1618 1541 1727 1581 Par-

268 1609 432 1660 thinos,
453 1612 666 1665 populum
690 1612 932 1666 Illyricum,
969 1612 1087 1652 circa
1117 1610 1410 1664 Epidamnum
1443 1608 1726 1657 incolentem,

269 1682 315 1718 et
335 1677 464 1718 Bruti
496 1691 647 1720 causae
680 1680 844 1720 eximie
877 1679 1113 1727 faventem,
1147 1678 1307 1729 mittit3
1337 1676 1521 1730 quirem
1552 1675 1726 1728 egregie

269 1745 427 1796 gessit,
460 1749 504 1787 et
533 1759 602 1800 sq.
639 1760 756 1788 anno
788 1746 1079 1800 Triumphum
1121 1745 1175 1786 de
1210 1744 1436 1786 Parthinis
1466 1742 1572 1796 egit.
1622 1741 1728 1783 Vid.

270 1810 361 1852 Dio
383 1823 566 1852 xtvru.
585 1813 658 1854 41.
718 1812 911 1867 Appian.
934 1824 980 1854 V.
1001 1826 1045 1866 p.
1066 1812 1194 1853 1135.

328 1876 449 1917 Pace
471 1891 573 1918 cum
595 1879 701 1919 Sex.
723 1880 941 1931 Pompeio
975 1879 1033 1920 ad
1069 1879 1292 1920 Misenum
1317 1877 1571 1931 composita
1590 1876 1727 1917 omni·

269 1943 355 1982 bus
375 1944 640 1995 proscriptis
670 1945 915 1995 impunitas
945 1945 1150 1985 redeundi
1171 1946 1273 1986 data
1292 1949 1369 1985 est.
1431 1945 1520 1985 Dio
1541 1954 1726 1985 xnvui.

270 2008 342 2048 36.
361 2007 521 2048 Vellei.
543 2019 595 2048 1¹.
615 2010 686 2050 77.
750 2009 799 2049 In
823 2010 878 2049 iis
898 2014 965 2050 est
996 2011 1239 2063 Pompeius
1267 2009 1518 2061 Grosphus,
1549 2010 1727 2050 Horatii

271 2076 452 2124 amicus,
496 2088 622 2129 quem
661 2076 903 2116 venientem
942 2076 1112 2129 excipit
1148 2086 1200 2115 11.
1243 2075 1329 2115 Od.
1370 2076 1413 2116 7.
1449 2075 1580 2129 cujus
1621 2076 1724 2116 vide

269 2139 449 2194 Argum.

315 2208 399 2249 ·A·d
434 2208 478 2248 d.
513 2220 619 2249 vni.
652 2208 757 2249 Kal.
794 2207 913 2249 Nov.
945 2208 1093 2249 Pollio
1123 2221 1180 2249 ex
1216 2208 1439 2249 Parthicis
1474 2209 1726 2263 triumphat.

271 2274 442 2318 Gruter.
463 2275 594 2316 Thes.
623 2275 764 2316 Inscr.
793 2288 838 2328 p.
869 2274 967 2316 297.
1029 2274 1121 2315 Hic
1153 2278 1220 2316 est
1251 2274 1530 2316 Dalmaticus
1549 2274 1726 2317 Trium-

270 2342 397 2395 phus,
423 2353 475 2382 ιι.
498 2341 586 2383 Od.
610 2342 652 2381 1.
685 2342 754 2383 16.
787 2343 864 2383 ubi
890 2342 993 2383 vide
1029 2342 1211 2383 Notam.
1272 2341 1359 2382 Sed
1379 2347 1561 2395 oportet
1579 2345 1724 2383 tamen

270 2409 356 2450 hoc
387 2421 560 2450 carmen
581 2409 806 2463 aliquanto
829 2415 935 2463 post
953 2410 1066 2450 hunc
1087 2422 1126 2449 a.
1155 2408 1368 2462 scriptum
1397 2421 1511 2458 esse,
1537 2409 1596 2451 ob
1618 2408 1724 2450 Pol-

269 2475 400 2516 lionis
422 2476 603 2516 doctum
616 2476 762 2516 otium
779 2476 823 2516 in
845 2489 899 2517 eo
919 2479 1317 2517 commemoratum.
1474 2466 1479 2471 ”

330 2541 435 2582 Hoc
458 2556 573 2583 anno
596 2542 834 2583 Horatium
859 2541 1099 2584 Maecenati
1122 2554 1150 2582 a
1168 2541 1357 2594 Virgilio
1379 2544 1422 2581 et
1447 2540 1583 2582 Vario
1603 2553 1720 2581 com-

272 2607 525 2648 mendatum
559 2622 673 2658 esse,
710 2609 972 2651 Sanadonus
1003 2621 1062 2649 ex
1099 2618 1131 2647 1.
1164 2607 1261 2648 Sat.
1291 2607 1334 2647 6.
1365 2608 1437 2648 55.
1467 2608 1608 2660 ponit.
1666 2607 1724 2649 Et

271 2677 408 2715 recte:
440 2674 542 2715 vide
572 2675 627 2716 ad
659 2689 700 2716 a.
734 2687 938 2718 Dccxv1.
969 2681 1014 2716 et
1044 2674 1202 2726 cf.,111.
1236 2674 1382 2728 Heyn.
1410 2674 1502 2715 Vit.
1525 2673 1645 2729 Virg.
1665 2674 1721 2715 ad

272 2741 388 2781 hunc
409 2754 449 2781 a.
