1916 3190
267 211 324 252 48
728 221 791 254 DE
826 200 1010 256 marius
1043 225 1271 256 nonam.

326 317 750 355 chmumnmmm
767 329 912 355 GENUS
932 331 941 355 ε
964 323 1009 355 ut
1028 330 1090 356 1v.
1113 318 1192 357 Od.
1213 320 1250 356 7.
1268 331 1358 369 quae
1378 323 1439 356 est
1453 317 1614 357 Dicolos
1630 319 1722 357 Dis-

270 380 444 432 trophos.
474 379 627 420 Primus
642 380 807 431 quisque
821 392 957 418 versus
978 387 1039 418 est
1058 380 1249 418 Heroicus
1263 380 1500 419 Hexameter
1512 381 1724 420 Catalecti-

270 456 341 481 cus
358 457 368 487 ;
400 443 552 495 qualis:
586 443 823 482 Laudabunt
841 443 906 481 alii
926 442 1072 482 claram
1091 443 1278 490 Rhodon,
1298 451 1365 483 aut
1380 444 1593 495 Mitylenen
1611 458 1622 488 ;
1646 445 1722 484 hoc

273 506 417 544 modo:

271 578 369 612 Diffu
381 598 403 603 -
414 598 435 603 -
462 589 544 621 gere
559 580 683 612 ιιὶ-υυ
708 589 768 612 ves
783 580 866 611 rede
880 596 959 613 -υυ
988 585 1051 613 unt
1060 581 1134 622 jam
1148 599 1169 604 -
1180 599 1201 604 -
1231 581 1385 623 gramina
1399 595 1478 613 -υυ
1504 580 1635 621 campis
1647 598 1700 603 --

324 643 529 682 Secundus
549 643 716 694 quisque
735 650 796 681 est
815 643 1046 695 Dactylicus
1066 644 1337 682 Archilochius
1369 645 1545 682 Dimeter
1571 644 1724 695 Hyper-

270 707 509 746 catalectus:
542 713 731 745 constans
751 706 907 745 duobus
930 706 1109 758 Dactylis
1129 715 1170 746 et
1189 708 1363 759 syllaba;
1383 708 1459 747 hoc
1479 707 1619 746 modo:

356 779 482 812 Arbori
497 795 575 812 -υυ
598 779 728 822 busque
744 789 787 811 co
802 795 881 813 -υυ
909 790 974 812 mae
985 798 1008 803 -

568 840 623 846 -—
686 837 765 854 -υυ
808 838 887 856 -υυ
928 841 982 846 --
1026 839 1104 856 -w
1146 842 1168 846 -
1180 842 1200 846 -

717 880 796 897 ‘W
859 881 938 897 -υυ
1009 883 1031 888 ’-

270 928 525 966 Decimitertii
542 928 694 978 generis
716 928 804 966 Ode
825 942 916 967 una.

269 992 353 1030 Lib.
375 1003 437 1029 lv.
485 990 572 1029 Ode
592 993 630 1028 7.
661 991 861 1042 Diffugere
890 992 1014 1038 nives,
1046 991 1211 1030 redeunt
1234 993 1317 1044 jam
1349 993 1526 1044 gramina
1558 992 1721 1043 campis.

323 1076 764 1117 DECIMUMQUARTUM
786 1088 933 1113 onnus
951 1087 961 1113 :
980 1081 1025 1113 ut
1037 1075 1164 1126 Epod.
1188 1089 1219 1114 1.
1250 1090 1340 1127 quae
1369 1083 1432 1114 est
1450 1076 1612 1115 Dicolos
1633 1075 1725 1114 Dis-

270 1140 447 1191 trophOS.
481 1139 634 1177 Primus
652 1139 818 1190 quisque
833 1151 969 1177 versus
985 1145 1047 1176 est
1062 1138 1256 1178 Iambicus
1270 1139 1564 1191 Hipponacteus
1576 1138 1724 1177 Trime-

269 1209 328 1241 ter
346 1201 625 1241 Acatalectus:
662 1209 851 1240 constans
878 1215 899 1240 e
929 1215 998 1240 sex
1025 1202 1194 1241 lambis:
1232 1210 1388 1254 recepto
1417 1210 1547 1241 tamen
1568 1203 1606 1240 in
1626 1201 1723 1240 locis

268 1266 481 1318 imparibus
502 1267 618 1303 etiam
640 1265 839 1317 Spondaeo
851 1278 862 1309 ;
897 1265 972 1304 hoc
991 1265 1108 1303 modo
1125 1279 1134 1303 :

357 1340 429 1372 Ibis
443 1357 498 1362 -—
528 1339 634 1371 Libur
647 1355 698 1371 υ-
727 1339 778 1371 nis
794 1340 827 1370 in
844 1357 897 1363 —-
926 1343 979 1370 ter
993 1339 1025 1370 al
1039 1354 1091 1371 υ-
1121 1344 1155 1370 ta
1168 1349 1212 1370 na
1227 1355 1278 1372 υ-
1306 1340 1394 1372 vium
1410 1355 1467 1373 υυ

323 1414 528 1453 Secundus
548 1415 714 1465 quisque
734 1421 795 1452 est
815 1414 1009 1452 Iambicus
1029 1411 1301 1453 Archilochius
1323 1415 1496 1453 Dimeter
1517 1414 1722 1453 Acatalec-

269 1486 358 1517 tus:
395 1485 582 1516 constans
600 1492 621 1516 e
641 1485 808 1529 quatuor
829 1478 997 1516 lambis:
1028 1485 1183 1529 recepto
1215 1485 1343 1517 tamen
1376 1479 1415 1517 in
1441 1478 1538 1516 locis
1568 1478 1722 1529 impari·
1775 1497 1778 1500 >

267 1543 341 1580 bus
363 1542 481 1580 etiam
503 1540 727 1593 Spondaeo;
757 1541 834 1580 hoc
853 1541 995 1580 modo:

399 1614 477 1648 Ami
492 1631 542 1648 υ-
566 1624 607 1647 ce
622 1625 685 1656 pro
699 1631 750 1648 υ-
777 1625 893 1657 pugna
908 1634 960 1667 —·-
989 1616 1066 1648 cula
1081 1631 1139 1649 υυ

739 1677 758 1681 -
771 1677 792 1681 -
835 1674 886 1691 υ-
929 1677 951 1682 ·
961 1676 982 1682 „
1024 1674 1075 1691 υ·-
1118 1674 1168 1691 υ-
1210 1674 1268 1691 w

821 1717 873 1733 υ-
914 1717 965 1734 υ-
1009 1720 1030 1724 -
1039 1720 1061 1724 -
1103 1717 1161 1734 w

271 1763 554 1814 Decimiquarti
574 1764 727 1815 generis
747 1763 848 1802 Odae
870 1766 933 1803 10.

324 1826 449 1877 Epod.
536 1840 568 1864 1.
599 1826 678 1864 Ibis
699 1826 878 1865 Liburnis
897 1827 998 1864 inter
1017 1827 1098 1864 alta
1117 1827 1286 1865 navium.

516 1902 568 1927 11.
600 1890 747 1926 Beatus
767 1890 847 1935 ille,
866 1890 933 1940 qui
954 1890 1089 1940 procul
1113 1890 1293 1941 negotiis.

496 1965 570 1989 111.
598 1951 778 1988 Parentis
797 1951 889 1994 olim
909 1952 1031 2002 siquis
1053 1952 1170 2002 impia
1191 1965 1321 1989 manu.

509 2027 570 2051 xv.
598 2013 717 2064 Lupis
737 2019 775 2051 et
795 2013 907 2063 agnis
928 2019 1076 2063 quanta
1093 2015 1231 2050 sortito
1247 2014 1407 2064 obtigit-⁴

529 2090 569 2113 v.
599 2076 652 2113 At
670 2089 694 2114 o
715 2075 887 2113 Deorum
907 2075 1083 2125 quisquis
1104 2075 1143 2112 in
1163 2075 1264 2113 coelo
1283 2076 1399 2126 regis,

503 2152 566 2178 v1.
597 2138 701 2181 Quid
721 2138 968 2176 immerentes
988 2137 1163 2189 hospites
1183 2151 1316 2185 vexas,
1332 2138 1455 2176 canis.

480 2215 564 2241 v11.
595 2201 698 2247 Quo,
719 2213 796 2253 quo
817 2201 974 2239 scelesti
994 2200 1135 2238 ruitis?
1172 2209 1239 2239 aut
1259 2215 1327 2240 cur
1347 2201 1530 2240 dexteris.

462 2279 565 2304 vr11.
598 2266 754 2316 Rogare
773 2264 892 2315 longo
913 2264 1090 2315 putidam
1110 2270 1147 2302 te
1168 2265 1327 2303 saeculo.

495 2342 561 2368 1x.
593 2328 763 2373 Quando
782 2335 981 2380 repostum
1002 2328 1216 2366 caecubum
1237 2328 1287 2366 ad
1308 2329 1429 2367 festas
1450 2328 1584 2379 dapes.

519 2406 562 2430 x.
593 2392 703 2430 Mala
722 2392 852 2431 soluta
871 2393 982 2430 navis
1004 2392 1083 2431 exit
1102 2392 1208 2430 alite.

325 2482 755 2523 Dsscnuumoumtrum
777 2493 947 2520 onnus:
966 2480 1150 2533 ut'Epod.
1173 2494 1238 2519 XI.
1263 2494 1353 2532 quae
1368 2487 1430 2519 est
1442 2479 1604 2519 Dicolos
1625 2481 1718 2520 Dis-

270 2545 442 2596 trophos.
477 2544 630 2582 Primus
645 2545 811 2596 quisque
822 2557 957 2583 versus
977 2551 1038 2582 est
1057 2544 1249 2583 Iambicus
1264 2545 1560 2596 Hipponacteus
1573 2543 1718 2582 Trime-

269 2616 327 2647 ter
345 2608 620 2646 Acatalectus:
649 2608 775 2659 qualis
795 2608 884 2647 illex
914 2608 992 2646 Ibis
1020 2609 1195 2646 Liburnis
1223 2609 1322 2646 inter
1341 2608 1420 2646 alta
1437 2607 1619 2653 navium
1641 2607 1716 2646 hoc

269 2671 386 2710 modo
405 2687 413 2710 z

398 2744 499 2776 Pecti
514 2763 534 2767 -
545 2763 565 2767 —
594 2746 675 2777 nihil
689 2763 740 2779 υ-
765 2756 817 2779 me
832 2747 861 2779 si
875 2764 929 2771 -—
955 2750 1014 2779 ent
1030 2755 1072 2779 an
1086 2762 1137 2779 υ·
1168 2752 1224 2779 tea
1238 2763 1288 2779 υ·
1311 2747 1411 2787 juvat
1423 2761 1480 2778 υυ
