1916 3190
261 236 287 275 4
800 244 837 275 J.
872 244 922 274 M.
955 243 1172 275 csssmmr

261 339 463 381 licentius
486 338 766 385 derivantem,
791 351 910 392 saepe
942 338 999 380 ad
1022 339 1234 388 Fabulas,
1257 336 1499 387 Historias,
1518 331 1719 390 Geogiaa

260 407 425 461 phiam‚
443 406 755 459 Genealogias,
772 406 993 447 Personas
1015 418 1096 446 sua
1111 408 1243 447 aetate
1259 405 1445 456 nobiles,
1462 409 1566 459 post
1581 404 1719 458 paulo

261 462 517 528 ignorantiae
540 474 732 528 quadam
754 477 883 515 nocte
908 473 1121 528 sepultas,
1144 471 1433 523 alludentem
1464 471 1626 525 quibus
1643 484 1720 513 ne—

261 554 346 596 que
365 545 507 590 vacet,
526 554 668 595 neque
690 541 803 582 alias
825 540 1038 593 integrum
1061 539 1121 580 sit
1141 538 1198 580 ad
1225 539 1337 580 alios
1356 538 1492 580 libros
1511 538 1719 588 transire,

259 620 443 662 magnos
473 607 815 649 commentarios
846 607 1040 657 volvere,
1081 606 1156 660 qui
1197 605 1441 659 praesertim
1481 604 1720 646 destituant

259 688 397 729 saepe,
418 674 494 716 ubi
527 673 710 715 minime.
742 685 856 728 opus
886 677 993 723 erat,
1028 672 1290 724 studiosos3
1319 672 1536 729 hacergo
1567 672 1719 714 condi-

259 743 380 784 tione
403 754 504 783 cum
531 745 576 782 et
605 741 746 795 major
776 745 821 782 et
850 741 1042 782 nobilior
1069 753 1174 795 pars
1196 741 1256 782 sit
1275 741 1493 782 lectorum
1513 738 1720 792 Horatii;

261 809 459 864 optabile
494 821 601 850 sane
648 812 744 850 erat
784 808 938 849 talium
974 808 1297 862 exemplarium
1336 811 1492 850 extare
1529 807 1719 862 copiam,

260 889 361 931 quae
377 877 547 925 breves,
561 888 614 916 ne
632 880 813 917 onerent
830 880 874 917 et
893 875 1016 917 velut
1037 876 1226 917 obruant
1241 876 1386 930 ipsum
1401 874 1608 925 Poetam,
1621 874 1718 925 sed,

259 952 474 997 quantum
495 943 698 997 praestari
727 946 888 997 potest,
909 944 1050 986 bonas
1070 943 1458 998 interpretationes
1483 955 1634 984 eorum
1653 935 1719 984 lo-

259 1023 408 1053 corum
428 1011 632 1051 habeant.

316 1078 583 1132 Spectabant
600 1077 684 1119 hoc
705 1079 942 1132 prudentes
965 1079 1047 1121 viri
1069 1079 1146 1133 qui
1178 1078 1401 1132 Delphino
1431 1082 1528 1119 tum
1549 1089 1650 1126 sue,
1672 1081 1720 1118 et

257 1158 336 1199 per
366 1145 482 1185 hunc
515 1144 732 1186 studiosis
768 1145 967 1199 reliquis,
1001 1146 1151 1198 parari
1180 1146 1403 1199 jubebant
1441 1156 1606 1192 eorum,
1639 1143 1720 1196 qui

258 1211 450 1253 Classici
481 1215 706 1262 vocantur,
739 1211 995 1254 Latinorum
1032 1212 1306 1265 Scriptorum
1340 1210 1597 1252 Editiones:
1639 1210 1718 1251 sed

258 1283 468 1335 quantum
497 1279 538 1320 h.
560 1293 602 1321 e.
632 1292 764 1333 quam
795 1291 951 1333 parum
983 1278 1184 1332 quidam,
1216 1291 1346 1332 quam
1373 1277 1484 1319 nihil
1516 1277 1718 1332 plerique

257 1347 537 1400 profecerint,
561 1360 682 1401 saepe
697 1346 791 1401 jam
812 1347 1012 1388 homines
1035 1346 1197 1388 eruditi
1218 1346 1453 1399 conquesti
1472 1350 1587 1386 sunt.

316 1413 509 1455 Horatio
539 1413 646 1455 illud
678 1413 906 1456 commode
939 1418 1099 1467 praeter
1129 1409 1365 1467 plerosque
1396 1411 1578 1462 accidit,
1599 1389 1720 1466 quod

254 1481 423 1522 inventi
443 1485 544 1522 sunt
561 1485 730 1523 mature
750 1480 1061 1527 Grammatici‚
1075 1481 1153 1534 qui
1173 1480 1245 1522 vel
1263 1480 1444 1522 nomina
1467 1478 1719 1520 Horatiana

256 1549 381 1590 libris
414 1549 697 1603 explicarent,
718 1549 790 1590 vel
819 1548 998 1590 Scholia
1028 1553 1074 1589 et
1104 1546 1423 1589 Annotationes
1460 1546 1719 1596 scriberent,

255 1617 420 1670 quibus
440 1629 495 1658 ea
524 1617 625 1659 loca
655 1617 947 1666 declararent,
980 1627 1078 1670 quae
1111 1615 1424 1657 obscuritatem
1442 1613 1640 1667 ‘aliquam
1661 1613 1718 1654 ab

254 1683 328 1734 iis,
365 1698 478 1738 quas
514 1684 857 1726 commemoravi
887 1683 1039 1735 modo,
1078 1683 1231 1725 causis
1266 1683 1608 1731 contraxerant3
1642 1680 1718 1734 qui

254 1755 520 1803 praestarent
551 1751 763 1800 Horatio,
797 1749 914 1804 quod
945 1763 1029 1791 suo
1068 1750 1274 1792 Boilavio
1315 1752 1469 1790 nostra
1506 1747 1720 1788 memoria

255 1818 483 1869 praestitit,
505 1817 595 1859 ab
582 1830 722 1869 ipso‹
709 1817 893 1870 adjutus
925 1821 1125 1865 auctore,
1148 1816 1434 1866 Brossettus3
1465 1813 1595 1869 cuj'us
1617 1811 1720 1855 abs—

253 1895 344 1937 que
365 1882 696 1929 commentario,
719 1885 1073 1934 quotusquisque
1095 1883 1330 1924 Gallorum
1361 1883 1566 1936 ipsorum
1585 1881 1718 1924 hodie

255 1949 523 2001 intelligeret
547 1947 846 1994 Bvoilaviumf?
896 1945 1211 1999 Antiquissimi
1249 1959 1350 1999 ergo
1394 1960 1563 1997 eorum,
1603 1962 1718 2001 quos

255 2016 389 2058 hodie
410 2014 688 2056 Scholiastes
708 2013 892 2066 vulgato
908 2013 1082 2054 nomine
1105 2013 1396 2066 appellamus,
1412 2012 1582 2057 discere
1604 2015 1718 2055 mul-

257 2088 305 2126 ta
325 2096 381 2125 ex
404 2083 584 2124 senibus
606 2082 676 2123 vel
697 2093 756 2122 ex
775 2081 902 2121 libris
930 2084 1145 2134 poterant,
1168 2093 1351 2133 quorum
1375 2084 1534 2135 postea
1553 2093 1719 2123 memoa-

260 2152 327 2192 ria
347 2149 585 2192 intercidit.

287 2227 297 2230 ·
316 2218 495 2259 Horum
526 2217 565 2258 si
597 2217 729 2258 hodie
761 2217 918 2258 sinceri
955 2217 1156 2258 extarent
1187 2214 1507 2267 commentarii,
1527 2217 1583 2259 ad
1617 2222 1715 2259 euni

257 2285 450 2336 modum,
471 2289 521 2325 ut
542 2283 730 2325 Asconii
763 2284 946 2325 Pediani
969 2284 1175 2337 quaedam
1198 2283 1427 2326 Ciceronis
1451 2284 1716 2326 Orati'onum

256 2354 649 2406 interpretamenta
669 2351 901 2402 habemus,
923 2353 1029 2392 mire
1059 2351 1162 2392 inde
1188 2352 1470 2407 adjuvaretur
1483 2352 1716 2406 jucundis:

257 2422 358 2463 simi
379 2420 535 2462 Po'etae
555 2419 852 2473 intelligentia.
915 2420 1007 2461 Sed
1043 2419 1281 2461 dolendum
1313 2426 1396 2470 est,
1417 2421 1482 2462 ita
1513 2432 1541 2461 a
1570 2422 1716 2475 poste-

255 2489 447 2530 rioribus
479 2487 669 2541 priorum
698 2487 873 2528 labores
908 2499 1009 2528 esse
1042 2491 1289 2541 corruptos,
1322 2490 1563 2536 truncatos,
1584 2487 1715 2527 inter-

255 2555 447 2609 polatos,
482 2556 543 2596 uti
574 2567 690 2595 nunc
723 2567 838 2608 opus
869 2555 929 2596 sit
958 2555 1133 2596 homine
1169 2555 1342 2595 subacti
1374 2555 1512 2596 multo
1551 2567 1633 2595 usu
1671 2559 1716 2595 et

257 2624 388 2675 longa
417 2623 736 2663 consuetudine
763 2622 943 2676 judicii,
975 2624 1051 2677 qui
1082 2624 1243 2663 veteris
1274 2634 1482 2676 purpurae
1510 2621 1714 2670 lacinias,

258 2689 473 2731 interdum
496 2690 572 2729 vix
593 2689 829 2739 filamenta,
849 2702 1000 2731 eruere
1030 2702 1088 2730 ex
1119 2690 1219 2730 istis
1251 2690 1528 2739 centonibus,
1549 2693 1595 2730 et
1614 2689 1713 2730 inde

258 2758 400 2799 lucem
424 2769 550 2809 suam
575 2756 679 2797 dare
707 2756 899 2798 Horatio
919 2757 1075 2811 possit.
1120 2756 1169 2798 Si
1189 2756 1293 2810 quis
1313 2756 1414 2798 talis
1433 2756 1713 2798 nanciscatur
