1916 3190
807 236 1032 267 nouAru.
1581 226 1639 268 27

194 331 253 376 U.
270 315 323 375 C.
342 333 443 375 716.
482 332 602 387 App.
623 330 839 374 Claudius
857 330 1064 372 Pulcher.
1099 329 1154 372 C.
1170 329 1413 372 Norbanus
1431 330 1639 374 Flaccus.

617 405 625 410 “
643 396 701 439 Α.
722 398 773 440 C.
791 397 862 440 38.
921 397 1103 439 Horatii
1121 399 1191 452 ἓξ.

247 491 348 534 Pax
378 505 479 534 cum
500 491 612 537 Sex.
644 491 862 545 Pompeio
894 491 1016 532 facta
1046 489 1273 542 dirimitur,
1302 494 1345 532 et
1372 490 1640 533 recrudescit

192 571 293 602 cum
312 571 365 600 eo
385 558 558 608 bellum,
578 547 795 607 Siculum,
817 571 854 598 s.
876 557 1120 599 Piraticum
1146 557 1328 599 dictum.
1372 557 1491 599 Vide
1523 558 1638 598 Plin.

194 635 302 667 xvs.
341 625 383 666 4.
420 623 580 666 Vellei.
622 635 676 665 ιι.
714 624 786 666 73.
845 623 983 678 Igitur
1020 624 1125 666 huic
1164 637 1282 666 anno
1322 623 1640 679 assignandum

191 690 337 745 Epod.
373 701 441 733 ιν.
474 703 557 733 nec
593 691 876 732 differendum
913 691 971 732 ad
1010 695 1290 745 sequentem3
1318 704 1418 732 nam
1452 704 1507 731 eo
1537 704 1639 732 cum

192 756 346 800 Caesar
365 759 464 812 ipse
480 771 660 812 quoque
679 768 772 799 xx.
792 771 1018 800 servorum
1039 758 1181 800 millia
1199 758 1498 799 manumiserit
1517 763 1561 798 et
1582 757 1638 798 ad

189 837 356 867 remum
384 825 556 867 dederit
585 824 789 880 (Sueton.
808 824 924 879 Aug.
945 823 1056 879 16.)‚
1075 838 1163 866 non
1182 828 1359 880 poterat
1377 829 1477 866 tunc
1499 823 1641 865 Poeta

190 892 285 934 sine
303 891 472 933 invidia
490 895 504 913 ‘
519 891 724 933 servilem
740 904 916 933 manum
929 891 941 907 ’
961 895 1152 944 tangere.

249 958 355 1000 Hoc
377 958 550 1000 demum
571 970 688 999 anno
711 958 954 999 Horatium
975 958 1019 999 in
1043 957 1305 998 Maecenatis
1326 957 1565 998 amicitiam
1596 962 1641 998 et

193 1023 539 1066 familiaritatem
575 1025 816 1077 ascriptum
845 1037 962 1073 esse,
992 1036 1107 1064 nono
1133 1035 1282 1064 mense
1302 1029 1424 1076 post,
1446 1036 1578 1076 quam
1599 1024 1641 1064 ci

193 1090 528 1131 commendatus
547 1094 667 1131 esset
685 1090 804 1138 (vide
827 1101 860 1131 1.
882 1089 977 1130 Sat.
1002 1090 1045 1131 6.
1065 1089 1134 1130 52.
1162 1087 1296 1142 sqq.),
1316 1090 1560 1142 apparebat
1581 1102 1640 1130 ex

192 1157 263 1206 iis,
282 1169 385 1210 quae
413 1155 470 1197 ad
501 1168 543 1197 a.
571 1155 630 1196 U.
669 1165 925 1197 nccxxnr.
956 1155 1173 1197 dicentur.
1231 1155 1319 1196 Per
1346 1154 1640 1198 Maecenatem

193 1224 237 1265 iu
276 1222 512 1264 Octaviani
541 1221 728 1275 gratiam
758 1221 1024 1271 insinuatur,
1062 1226 1108 1263 et
1142 1220 1314 1262 obtinet
1342 1221 1559 1275 praedium
1598 1223 1641 1264 in

193 1289 387 1332 Sabinis.

194 1453 251 1495 U.
271 1450 324 1496 C.
341 1455 442 1497 717.
502 1455 567 1497 Μ.
591 1455 843 1509 Vipsanius
873 1456 1094 1511 Agrippa.
1153 1457 1206 1499 L.
1228 1455 1444 1498 Caninius
1466 1434 1640 1499 Gallus.

640 1522 700 1564 A.
719 1522 771 1565 C.
789 1524 860 1565 37.
919 1523 1101 1565 Horatii
1124 1526 1197 1578 {³3-

248 1639 323 1684 Ab
344 1638 561 1694 Agrippa,
579 1645 631 1681 ut
645 1654 796 1682 recens
813 1641 1049 1683 aedificatis
1067 1640 1285 1683 classibus
1302 1645 1423 1683 tutus
1439 1654 1641 1683 recessus

192 1709 323 1755 esset,
341 1706 442 1747 lacu
461 1705 643 1747 Averno
662 1713 707 1748 et
727 1707 919 1748 Lucrino
948 1720 1049 1748 cum
1078 1707 1189 1747 mari
1213 1709 1469 1758 commisso,
1489 1711 1642 1761 portus
1688 1737 1690 1740 .

193 1771 344 1813 Julius
375 1771 520 1814 factus
550 1777 631 1813 est.
680 1772 787 1814 Vid.
818 1773 910 1814 Dio
951 1782 1135 1812 xnvlu.
1176 1772 1245 1812 50.
1284 1777 1327 1814 et
1361 1774 1432 1814 51.
1491 1773 1643 1827 Hujus

194 1837 344 1891 operis
362 1838 525 1879 mentio
546 1838 592 1878 in
611 1837 669 1878 A.
689 1838 744 1878 P.
762 1838 832 1879 63.

250 1901 470 1944 Antonius
497 1903 686 1945 Athenis
714 1904 950 1946 Tarentum
981 1905 1128 1946 classe
1158 1907 1292 1947 venit.
1353 1905 1543 1946 Octavia
1562 1907 1641 1947 ad-

194 1969 319 2011 ducit
337 1969 643 2018 Octavianum,
662 1974 713 2010 ut
733 1983 833 2010 eum
855 1972 1102 2012 conveniat.
1162 1970 1296 2012 Nova
1312 1971 1424 2013 inter
1438 1983 1519 2013 cos
1535 1973 1643 2014 ami-

194 2036 312 2077 citiae
330 2035 491 2088 pactio.
551 2035 640 2075 Dio
662 2045 848 2076 xnvm.
870 2041 982 2078 extr.
1032 2036 1203 2078 Eodem
1224 2036 1455 2079 Maecenas
1484 2051 1642 2092 prope-

193 2105 264 2143 rat
297 2114 398 2143 cum
438 2101 648 2151 Horatio,
688 2100 887 2155 Virgilio,
925 2102 1083 2152 Vario,
1124 2103 1291 2144 Plotio.
1352 2103 1406 2144 Id
1447 2112 1520 2145 est
1562 2105 1642 2146 iter

194 2167 536 2217 Brundusinam,
556 2167 825 2222 descriptum
847 2180 878 2209 1.
901 2167 999 2211 Sat.
1018 2171 1060 2210 5.

195 2333 255 2375 U.
275 2332 329 2376 C.
357 2334 456 2376 718.
514 2334 565 2375 L.
600 2333 774 2375 Gellius
810 2333 1064 2387 Poplicola.
1122 2332 1188 2374 M.
1220 2333 1443 2375 Cocceius
1476 2334 1640 2376 Nerva.

265 2401 269 2403 ’
642 2401 701 2444 A.
723 2402 775 2444 C.
792 2403 864 2444 36.
916 2402 1095 2444 Horatii
1114 2405 1185 2456 {3-

251 2515 386 2558 Victo
405 2517 511 2558 Sex.
532 2516 767 2572 Pompeio,
788 2517 1064 2559 Octavianus
1085 2517 1275 2558 Romam
1296 2495 1501 2559 reversus
1518 2531 1640 2571 mag-

196 2581 268 2622 nis
294 2583 531 2625 honoribus
561 2584 761 2626 afficitur.
821 2584 1082 2639 Oppidatim
1116 2585 1231 2624 inter
1262 2583 1387 2624 Deos
1405 2584 1638 2626 Tutelares

197 2654 485 2692 consecratur.
544 2650 736 2704 Appian.
766 2665 808 2693 v.
838 2665 882 2705 p.
916 2651 1042 2693 1178.
1100 2650 1334 2700 Phraates,
1374 2650 1638 2693 Parthorum

198 2727 293 2764 rex,
311 2714 358 2755 iu
379 2727 485 2757 suos
505 2717 624 2758 cives
646 2718 803 2760 soevire
822 2718 998 2771 occipit.
