1916 3190
262 262 348 303 326
740 279 783 317 Q.
817 279 1025 309 Hortarii
1063 280 1242 312 macc:

494 371 715 415 Absumet
735 373 879 415 haeres
902 373 1098 416 Caecuba
1116 375 1292 430 >dignior

491 440 675 482 Servata
696 445 867 482 contum
889 442 1119 496 clavibus;
1152 447 1196 485 et
1215 457 1336 486 mero

548 508 708 561 Tinget
728 509 1027 562 pavimentum
1048 512 1244 565 superbo

605 576 875 618 Pontificum
893 579 1067 632 potiore
1086 579 1246 620 coenis.

260 673 396 705 centenis
404 674 548 747 pluribus
562 676 717 707 custodita
727 686 737 707 :
749 678 970 718 superbumque
980 679 1193 718 pavimentum
1207 682 1351 719 asperget
1364 677 1438 710 vino
1450 679 1578 710 meliore
1589 679 1726 721 Ροηιξῇ-

262 727 331 748 cum
344 727 400 758 epu
417 727 454 749 ts.

873 773 993 784 Μῶα-σο
997 773 1111 785 eeoeeo

260 834 301 863 25
325 833 504 866 Assummet
519 834 638 866 Zarot.
676 835 824 867 Assumet
840 835 950 867 Land.
966 840 1001 866 et
1027 837 1294 868 Florent.1482.
1340 837 1475 878 longior,
1500 846 1561 877 pro
1584 837 1730 877 dignior,

260 875 293 906 11.
309 885 339 908 e.
356 876 520 913 vivacior.
537 878 672 910 emend.
689 878 743 911 Jo.
761 879 804 908 du
820 878 958 918 Hamel,
973 878 1191 919 improbante
1209 881 1388 912 sant—27
1414 881 1423 896 ‘
1440 880 1613 920 Porpliyr.
1631 880 1722 911 hand

261 915 363 948 dubie
380 919 466 959 legit
481 921 658 960 superbum,
675 922 731 961 qui
747 927 868 962 aperte
881 930 957 952 cum
974 921 1298 963 pavimentojuugit
1313 933 1322 954 z
1340 922 1520 962 ‘Superbo
1537 927 1651 954 autem
1669 932 1732 963 pa-

261 961 413 992 vimento
430 962 514 1003 (leg.
531 963 718 1002 superbum
737 973 766 995 a.
783 962 1038 1004 pavimentum)
1065 974 1139 1003 pro,
1165 966 1240 1004 ipse
1256 964 1452 1005 superbus!
1496 965 1542 996 Et
1569 965 1617 996 sic
1642 975 1730 996 non-

260 1003 343 1034 nulli
369 1004 486 1035 Lamb.
502 1009 539 1035 et
557 1005 690 1036 Fabric.
718 1006 864 1036 Mentel.
883 1005 1030 1045 Franeq.
1059 1007 1143 1037 Tum
1162 1008 1210 1037 ita
1227 1007 1345 1037 Lamb.
1363 1006 1471 1047 Cruq.
1494 1007 1598 1039 Brut.
1623 1008 1727 1038 Fabr-

262 1045 384 1077 Heins.
403 1047 508 1085 Rutg.
521 1046 610 1078 Cun.
628 1047 742 1078 Klotz.
761 1048 875 1079 Lectt.
889 1048 975 1078 Ven.
1004 1057 1038 1088 p.
1061 1050 1137 1079 262.
1182 1049 1282 1082 Quod
1300 1050 1451 1080 clamant
1474 1048 1517 1085 do
1542 1049 1728 1080 hornoeote-

261 1088 355 1119 leuto
372 1090 503 1124 inarato
520 1089 554 1120 in
568 1090 792 1130 pavimentum,
808 1090 982 1130 superbum,
994 1090 1190 1133 pontaficum,
1207 1090 1254 1131 id,
1277 1095 1315 1122 ut
1330 1096 1425 1122 recte
1440 1090 1528 1122 vidit
1542 1091 1661 1123 Bentl.
1675 1092 1727 1122 ni-

261 1130 306 1162 hil
326 1132 415 1162 valet
431 1142 439 1169 ;
464 1141 542 1162 nam
555 1141 631 1163 cum
645 1133 779 1164 litteras
797 1133 815 1163 b
831 1137 865 1163 et
878 1143 897 1162 v
913 1133 1006 1163 nullo
1018 1132 1215 1165 discrimine
1231 1133 1357 1165 elocuti
1375 1135 1443 1164 sint
1460 1134 1604 1165 Romani
1617 1145 1626 1173 ;
1639 1134 1729 1166 unde

260 1178 297 1204 et
314 1173 346 1204 111
363 1173 546 1206 scribendo
562 1184 678 1206 earum
697 1175 950 1216 permutatione
967 1176 1012 1205 nil
1030 1176 1228 1215 solennius;
1251 1176 1340 1218 (vid.
1358 1176 1550 1208 velCellnr.
1563 1177 1730 1216 orthogr.

259 1215 340 1247 Lat.
362 1216 417 1248 ed.
446 1217 584 1248 narres.
599 1222 623 1249 t.
642 1227 682 1249 11.
698 1229 732 1259 p.
747 1218 820 1259 66.)
843 1228 908 1249 non
933 1223 984 1249 est
1001 1217 1156 1258 dubium,
1171 1219 1251 1261 quin
1274 1219 1530 1260 pronuntiarint
1545 1219 1706 1260 super-bom
1718 1230 1729 1250 .-

263 1258 330 1290 vid.
347 1259 461 1290 Bentl.
509 1260 687 1291 Praeterea
712 1266 746 1291 et
773 1261 804 1291 in
833 1261 978 1300 legendo
996 1266 1073 1300 post
1087 1262 1253 1301 superbum
1275 1271 1369 1293 mora
1385 1266 1449 1301 est,
1471 1262 1655 1303 ponttsscnm
1669 1261 1731 1292 ad-

260 1301 372 1332 liaeret
388 1303 621 1342 sequentibus,
647 1312 690 1333 ex
718 1313 784 1343 quo
808 1303 1026 1334 munumina
1042 1305 1186 1345 querela
1203 1305 1329 1344 perdit.
1373 1303 1478 1335 Multi
1505 1309 1541 1335 et
1566 1304 1733 1345 superbum

262 1353 324 1382 pro
340 1344 503 1375 adverbio
519 1345 736 1383 habuerunt;
762 1346 821 1376 sed
838 1346 976 1377 indocte
994 1346 1094 1387 plane
1107 1347 1171 1378 hoc
1189 1346 1279 1378 foret
1293 1346 1438 1378 divisum
1455 1356 1476 1377 a
1492 1346 1608 1378 verbo.
1623 1355 1732 1387 super-

262 1384 333 1415 bam
359 1386 409 1426 (b.
425 1387 671 1427 superborum)
696 1389 770 1418 vult
789 1388 838 1418 vii·
854 1389 978 1419 doctus
1003 1389 1036 1418 in
1059 1389 1163 1420 Obss.
1181 1390 1282 1421 Misc.
1299 1394 1325 1420 t.
1340 1397 1382 1420 11.
1399 1399 1433 1429 p.
1448 1391 1503 1420 91.
1527 1389 1617 1430 quod
1636 1394 1730 1419 recte

261 1427 390 1467 rejecit
405 1428 591 1461 Burmann.
628 1430 777 1469 superbus
793 1430 883 1469 conj.
906 1430 1028 1462 Barth.
1046 1430 1192 1462 Advers.
1211 1439 1349 1462 xxxvl.
1365 1433 1421 1461 14.
1466 1431 1512 1461 Et
1539 1431 1588 1461 sic
1609 1431 1729 1463 Jonee.

260 1469 423 1510 Turpiter
440 1481 476 1501 se
491 1471 550 1502 dat
567 1472 684 1503 Bentl.
702 1471 818 1503 favere
835 1472 914 1502 huic
928 1472 1116 1512 suspicioni
1146 1478 1274 1512 putans
1299 1472 1550 1514 Porphyrionis
1575 1473 1728 1504 scholion

262 1513 565 1552 supralaudatum.
598 1514 739 1554 superbe,
755 1524 874 1555 sapore,
900 1514 982 1545 item
1007 1515 1132 1555 superbi
1155 1515 1317 1556 pontssds
1332 1515 1497 1555 conjectt.
1524 1515 1627 1554 apud.
1651 1515 1731 1548 Jon.

260 1555 402 1595 superbis
412 1559 500 1598 conj.
517 1557 604 1588 Cun.
621 1557 712 1598 quud
726 1557 860 1597 recepit
874 1556 1000 1588 Sanad.
1013 1562 1050 1588 et
1066 1557 1225 1588 defendit
1240 1559 1352 1599 Toup.
1369 1557 1483 1598 Epist.
1500 1557 1588 1590 erit.
1603 1567 1636 1598 p.
1650 1560 1726 1589 111.

261 1598 351 1628 Sane
367 1598 430 1628 boc
448 1601 652 1639 praeclarum
675 1598 779 1638 foret,
806 1600 833 1630 si
859 1599 962 1630 modo
987 1599 1036 1630 sic
1057 1600 1237 1639 scripsisse
1257 1599 1440 1631 Horatium
1465 1609 1605 1631 necesse
1626 1605 1732 1631 esset.

262 1640 360 1670 Licet
375 1641 464 1671 enim
479 1651 546 1672 non
560 1642 780 1681 dissimulem,
797 1642 911 1672 sensui
929 1640 1068 1681 poetico
1083 1642 1192 1682 magis
1210 1643 1348 1681 placere
1364 1642 1546 1683 epitheton
1563 1653 1582 1673 a
1597 1652 1659 1674 suo
1675 1652 1733 1673 vo-

261 1683 385 1714 cabulo
397 1684 556 1722 divisum,
573 1694 674 1725 quam
693 1685 740 1715 sic
765 1684 928 1721 vicinum,
939 1684 1151 1724 pavimentum
1166 1683 1346 1723 superbum,
1369 1689 1483 1715 tamen
1499 1685 1565 1716 lroc
1582 1685 1624 1716 ad
1641 1693 1732 1716 sum-

261 1735 353 1756 mum
371 1735 435 1766 pro
456 1727 521 1757 levi
547 1727 663 1768 aliqua
686 1726 901 1767 negligentia
916 1726 1122 1765 habendum,
1146 1736 1259 1767 neque
1277 1726 1356 1757 ideo
1371 1729 1506 1757 textum
1529 1727 1731 1758 mutandum

262 1774 395 1808 putem.
443 1770 487 1800 Et
505 1769 602 1810 quid,
624 1770 651 1800 si
675 1777 711 1800 et
724 1779 819 1801 coenoe
837 1767 1020 1811 pontificum
1035 1769 1107 1799 sine
1125 1770 1282 1810 epitheto
1296 1769 1406 1809 magis
1422 1768 1622 1800 arrideant?
1644 1770 1733 1810 puvi-

261 1814 402 1842 mentum
428 1822 469 1843 eo
493 1813 547 1843 vix
575 1822 693 1843 carere
722 1813 846 1852 possit,
861 1812 943 1853 quin
972 1811 1121 1852 enargiae
1146 1811 1276 1852 aliquid
1305 1811 1452 1852 pereat?
1500 1812 1660 1853 Denique
1676 1811 1732 1843 Cl-

261 1853 318 1884 Siv
325 1863 363 1894 ry
380 1855 429 1885 sic
445 1855 603 1886 medetur
619 1866 629 1894 ς
652 1865 735 1886 mero
755 1855 872 1894 Tinget
887 1854 1111 1895 pavimentum,
1125 1854 1254 1895 superbo
1270 1853 1463 1896 Pontificum
1476 1855 1610 1895 potiore,
1625 1854 1733 1893 coenis,

262 1896 297 1926 11.
314 1897 423 1936 tinget
442 1908 476 1937 p.
493 1899 525 1928 iu
541 1899 647 1928 coenis
664 1907 758 1928 mero
777 1898 911 1938 potiore
928 1897 1077 1937 superbo
1092 1897 1150 1928 illo
1172 1907 1265 1929 mero
1281 1895 1494 1938 pontificum.
1540 1897 1670 1929 Durius
1686 1906 1731 1927 ex

261 1947 342 2011 1111εο
363 1939 487 1971 sensu!
508 1940 687 1972 ‹Imm—28
712 1940 895 1982 Pontficis,
919 1949 980 1981 pro
1009 1939 1202 1980 pontificiis,
1230 1940 1319 1981 conj.
1341 1939 1488 1980 Cuning.
1512 1939 1731 1982 improbante

289 1989 356 2011 anl.
1092 1987 1095 1991 ’

932 2035 1076 2067 NOTAE

267 2130 269 2132 .
307 2106 457 2147 Brevem]
492 2107 620 2139 Paucis
650 2110 746 2140 annis
787 2119 897 2149 usum,
933 2115 967 2140 et

264 2167 494 2199 possessorem
506 2157 735 2197 ὀλιγοχρόνιον.
754 2160 898 2190 Valeant
909 2160 968 2200 qui

265 2208 308 2240 ad
320 2209 443 2251 ‚tumuli
469 2209 522 2239 vel
549 2218 642 2240 urnae
661 2210 834 2249 augustias
851 2209 969 2240 redac-

265 2263 337 2289 tum
354 2259 639 2298 interpretantur.
678 2261 763 2292 Quae
780 2260 807 2289 si
825 2259 880 2290 cui
898 2259 967 2299 pla-

265 2313 346 2340 cent
373 2309 569 2349 explicandi
606 2309 704 2345 ratio,
742 2310 852 2341 lucem
890 2308 969 2340 huic

265 2358 390 2391 afferet
402 2359 565 2392 Juvenal.
581 2359 656 2392 Sat.
674 2369 711 2391 x.
726 2363 801 2392 168.
818 2364 854 2391 et
874 2359 970 2401 quin-

266 2420 333 2452 que
353 2409 588 2451 sequentibus.

311 2460 500 2502 Dominum]
515 2462 564 2493 Te
580 2465 756 2502 potentem
773 2470 813 2492 1111
828 2460 970 2505 divitem

265 2512 358 2544 Plio.
383 2522 462 2543 mox
490 2512 551 2543 cit.
580 2513 590 2529 ‘
608 2510 823 2552 Cupressus,’
849 2511 972 2553 inquit,

264 2563 275 2580 ‘
293 2562 368 2594 Diti
383 2572 496 2602 sacra,
513 2567 549 2593 et
567 2562 645 2594 ideo
660 2560 796 2593 funebri
816 2561 912 2602 signo
928 2561 970 2592 ad

267 2613 384 2644 domos
407 2613 551 2654 positas
577 2611 666 2643 adde
691 2614 701 2630 ⁶
718 2611 906 2647 nobilium,’
926 2621 969 2642 ex

267 2665 427 2695 Lucano:
465 2665 475 2681 ‘
501 2665 546 2695 Et
575 2673 642 2694 non
675 2663 828 2704 plebeios
858 2662 970 2694 luctus

266 2718 394 2745 testata
410 2714 615 2754 cupressus-²
651 2714 705 2746 Ad
721 2723 790 2745 rein
803 2719 971 2755 praeterea

267 2763 414 2804 faciunt,
443 2774 519 2805 quae
543 2765 586 2795 de
612 2774 775 2805 cupresso
802 2763 970 2797 scribunt.

268 2814 421 2846 Praeciso
441 2814 554 2854 capite
575 2815 731 2856 moritur,
752 2819 789 2846 et
811 2814 970 2846 subsecta

1023 2118 1088 2139 non
1107 2109 1311 2147 renascitur,
1331 2108 1423 2140 sieut
1444 2118 1487 2139 ex
1513 2107 1656 2139 mortuis
1680 2107 1731 2139 ni-

1023 2160 1068 2190 hil
1087 2165 1259 2200 speratur.
1283 2158 1424 2189 Servius.
1471 2157 1577 2196 Regis
1592 2156 1732 2188 adhibe-

1024 2215 1091 2248 tur,
1108 2214 1144 2240 et
1161 2208 1352 2240 cremandis
1370 2206 1462 2238 utilis
1486 2211 1540 2237 est
1555 2205 1731 2237 cadaveri-

1022 2259 1099 2298 bus,
1125 2259 1170 2289 ob
1199 2268 1339 2299 gravem
1370 2257 1510 2288 ustrinoe
1549 2254 1728 2286 nidorem:

1021 2309 1179 2350 quoniam
1198 2308 1357 2340 foetorem
1369 2305 1558 2344 cadaveris,
1569 2305 1648 2336 dum
1662 2306 1730 2336 uri-

1024 2363 1094 2398 tur,
1107 2358 1222 2390 odoris
1238 2358 1289 2389 sui
1300 2357 1522 2398 jucunditate
1538 2355 1636 2387 lenit.
1673 2355 1730 2387 Ita

1021 2409 1143 2440 Varro.
1190 2408 1300 2448 Leges
1315 2406 1484 2447 publicas,
1503 2409 1540 2436 et
1555 2415 1728 2436 sacrorum

1024 2459 1123 2498 ritus,
1138 2458 1183 2489 ob
1209 2463 1372 2489 aeternam
1394 2455 1607 2497 firmitatem,
1624 2456 1658 2486 111
1680 2461 1730 2486 ta-

1025 2508 1111 2540 bulis
1125 2507 1334 2549 cupressinis
1352 2506 1501 2537 describi
1514 2506 1618 2537 Plato
1629 2505 1732 2546 jube-

1025 2559 1098 2590 bat.
1143 2558 1234 2589 Vide
1250 2557 1336 2589 Coel.
1354 2556 1500 2596 Rhodig.
1521 2563 1614 2587 xxv.
1630 2558 1663 2587 2.

1065 2612 1107 2641 25
1131 2609 1282 2640 Absumet
1306 2607 1405 2637 haereo
1429 2605 1564 2637 Coecubu
1587 2605 1729 2645 dig-nior,

1023 2658 1095 2701 fisca]
1120 2659 1241 2690 Haeres
1264 2656 1402 2698 dignior
1425 2660 1475 2693 te,
1500 2655 1582 2697 quia
1599 2655 1731 2686 ‚libers-

1026 2711 1103 2751 lior,
1125 2715 1161 2742 et
1183 2710 1292 2741 sciens
1314 2709 1364 2740 uti
1389 2707 1446 2748 iis,
1464 2716 1541 2749 quae
1564 2706 1608 2738 ad
1632 2716 1728 2738 usum

1024 2767 1104 2795 sunt
1147 2760 1256 2792 facta:
1291 2758 1416 2801 quibus
1450 2756 1607 2798 improbe
1636 2755 1731 2787 avari

1023 2813 1120 2845 velut
1143 2810 1248 2842 sacris
1276 2811 1435 2851 parcunt.
1478 2807 1568 2840 Quae
1587 2814 1671 2838 vero
1693 2810 1731 2836 tu
