1916 3190
286 267 371 310 476
756 276 801 314 Q.
833 273 1043 305 noum-11
1078 273 1249 304 FuAcci
1269 293 1273 298 .

510 369 640 411 Lenis
662 368 857 417 incedas,
879 367 1102 420 abeasque
1120 366 1272 420 parvis

792 434 967 487 AEquus
988 433 1200 484 alumnis;

510 502 560 544 Si
581 506 696 543 tener
715 501 848 555 pleno
867 499 987 540 cadit
1005 499 1159 541 haedus
1180 511 1311 549 anno,
1696 498 1726 538 5

467 560 469 562 ’
511 568 653 620 Larga
673 580 757 609 nec
777 567 935 608 desunt
956 565 1145 606 Veneris
1166 565 1314 624 sodali

510 634 629 676 Vina
647 639 845 683 craterae,
866 636 992 674 vetus
1012 644 1087 673 ara
1106 632 1242 673 multo

792 699 955 740 Fumat
975 699 1124 740 odore.

510 766 644 808 Ludit
663 766 848 807 herboso
859 777 1006 819 pecus
1028 778 1159 806 omne
1181 778 1354 820 campo,

284 865 449 908 expositos,
463 875 498 895 nc
523 864 643 896 discede
667 864 822 905 propitius
844 863 963 895 tenellis
977 864 1129 902 soetibus;
1150 865 1300 905 siquidem
1317 864 1376 896 tibi
1398 866 1553 896 mactatur
1571 864 1726 905 capreolus

283 919 363 939 anno
377 909 536 947 completo,
550 908 733 946 additurque
747 907 854 937 vinum
866 906 1019 946 copiosum
1031 906 1066 936 in

1086 909 1196 945 patera
1214 907 1324 938 Veneri
1337 906 1449 946 amica,
1467 910 1558 947 atque
1571 916 1628 937 ura
1641 906 1725 936 anti-

283 960 344 991 qua
365 951 498 990 plurimo
522 949 612 980 thure
634 949 821 980 incenditur.
867 948 996 983 Quoties
1018 947 1121 978 Nonoe
1142 948 1326 981 Decembres
1345 948 1405 980 tibi
1429 958 1526 980 σαι-να
1548 951 1725 987 recurrunt,

885 1018 984 1031 ‘0000
988 1018 1125 1031 0‘00000

285 1077 426 1108 Locher.
445 1080 480 1107 et
504 1075 656 1107 Mancin.
660 1076 720 1105 —3
748 1074 856 1106 Laetus
879 1073 1004 1104 incedas
1030 1082 1116 1105 unus
1133 1073 1296 1106 Torrent.
1312 1077 1348 1106 et
1362 1073 1499 1116 quidam
1515 1073 1682 1106 Lambini.
1682 1091 1725 1098 —
1783 1091 1795 1107 ι

282 1121 303 1150 7
316 1118 403 1150 Edd.
420 1123 504 1149 vett.
521 1117 595 1148 fere
609 1120 741 1155 cratere,
755 1117 858 1147 etiam
874 1116 1004 1157 antiqui
1019 1115 1175 1158 Interpp.
1191 1121 1231 1148 ut
1245 1117 1396 1148 Manciu.
1430 1116 1567 1147 Primus
1580 1115 1726 1148 Ascens.

282 1170 399 1191 veram
415 1164 452 1191 et
467 1163 681 1191 constantem
698 1158 799 1191 codd.
813 1158 997 1190 lectionem
1010 1161 1142 1190 crateroe
1156 1158 1352 1191 vindicavit.
1377 1158 1494 1190 crateri
1503 1158 1632 1190 Muret.
1644 1158 1725 1190 dum

282 1203 374 1233 inter
388 1206 558 1233 craterem
573 1207 610 1233 et
625 1206 794 1233 crateram
811 1200 939 1241 aliquid
952 1201 1116 1233 interesse
1136 1200 1221 1233 falso
1243 1201 1388 1244 putavit.
1435 1201 1499 1232 Est
1517 1200 1620 1232 etiam
1635 1199 1670 1231 in
1685 1200 1723 1231 li-

284 1244 369 1285 bris,
383 1244 513 1276 solenni
530 1244 711 1284 varietate,
731 1246 1045 1284 craterroe,creteroe,
1058 1235 1214 1276 creterrae.
1257 1244 1339 1275 Var.
1354 1244 1470 1276 Lecti.
1485 1252 1541 1284 ap.
1553 1243 1674 1276 Jones.
1689 1252 1726 1273 oc

935 1327 1082 1360 NOTAE

284 1391 505 1453 Dryadesque
530 1391 672 1432 puellae·
703 1391 847 1422 Munera
864 1395 978 1423 vestra

282 1439 392 1472 eano.’

325 1493 345 1522 3
368 1490 466 1522 laenis
477 1490 616 1531 incedas]
638 1489 749 1531 Optat
760 1490 849 1521 hunc
865 1489 977 1520 lenem

282 1545 319 1572 et
334 1540 501 1581 placidum
523 1540 670 1578 habere;
697 1539 822 1571 etenim
844 1539 977 1570 iracun-

281 1590 344 1621 dus
374 1588 559 1631 putabatur
584 1592 620 1619 et
657 1588 832 1628 pestilens,
858 1591 978 1628 utpote

280 1638 442 1671 Inferuus
452 1639 564 1669 Deus:
588 1647 631 1669 ex
645 1637 854 1678 Theognide.
866 1637 978 1668 Theo-

281 1689 359 1720 crit.
378 1687 478 1728 Idyn.
492 1696 516 1718 1.
533 1685 649 1727 πικρὸς,
661 1687 883 1726 amarulentus,
895 1684 978 1716 dici·

281 1743 349 1770 tur.
391 1737 446 1769 Ab
462 1746 503 1769 eo
519 1746 651 1778 quoque
667 1737 782 1778 pueris
800 1740 905 1769 noctu
927 1736 978 1767 in-

280 1788 410 1820 somnia
419 1792 455 1819 et
467 1787 745 1819 terriculamenta
755 1786 892 1818 immitti
902 1794 976 1817 cre-

281 1837 361 1870 dita.
406 1836 507 1868 Unde
527 1838 537 1854 ‘
551 1836 671 1868 Panici
687 1841 834 1868 terrores
846 1835 855 1849 '
875 1835 978 1867 nomi·

280 1888 365 1927 nati,
387 1888 464 1919 vani
480 1887 612 1919 scilicet
627 1891 663 1918 et
679 1887 809 1918 inanes.

323 1938 484 1978 Abeasqne
525 1937 632 1977 parvis
664 1937 787 1977 AE'quus
831 1934 979 1976 alumnis]

281 1988 448 2021 Quoniam
463 1997 505 2019 ea
513 1993 588 2018 erat
601 1987 799 2027 superstitio
812 1990 979 2026 veterum,

281 2042 322 2067 ut
334 2046 353 2067 a
368 2036 570 2077 quibusdam
594 2036 799 2068 Numinibus
822 2036 920 2073 mala,
935 2034 978 2066 ab

282 2085 356 2116 aliis
371 2084 461 2116 bona
478 2085 580 2116 tribui
600 2085 794 2124 crederent,
817 2087 978 2126 precatur

280 2134 447 2166 Horatius
472 2133 573 2169 hunc,
597 2138 634 2164 ut
651 2134 736 2173 dixi,
757 2134 978 2174 pestilentem

281 2183 411 2222 Deum,
429 2191 472 2213 ne
487 2182 582 2223 agnis
598 2187 634 2212 et
649 2183 818 2222 capreolis
840 2187 976 2219 noceat,

281 2235 341 2277 qui
351 2235 489 2266 aluntur
500 2234 533 2264 in
545 2233 635 2274 agris
651 2238 687 2264 et
701 2233 802 2264 villis.
838 2234 977 2265 Frustra

280 2284 434 2317 nonnulli
448 2282 667 2324 interpretati
681 2286 761 2313 suut
780 2291 915 2321 vernas,
929 2281 978 2313 fa·

281 2334 405 2372 mulos,
420 2341 554 2374 pueros,
566 2341 631 2373 per
647 2341 764 2364 vocem
778 2332 924 2364 alumnis.

326 2389 344 2416 5
362 2383 401 2415 Si
425 2388 512 2415 tener
533 2383 635 2423 pleno,
658 2381 796 2423 &c-JSi
825 2381 888 2414 tibi
911 2381 978 2413 rite

283 2434 466 2476 quotannis
485 2431 652 2471 sacrifico,
675 2432 744 2472 vel,
764 2431 979 2474 quemadmo-

283 2489 363 2520 dum
387 2485 462 2527 pius
485 2484 520 2516 in
545 2489 580 2515 te
603 2493 689 2525 sum,
703 2483 752 2514 ita
767 2483 848 2515 mihi
863 2482 979 2525 propi-

284 2538 352 2570 tius
369 2536 423 2568 sis.

324 2590 346 2618 6
368 2586 476 2625 Larga
499 2593 554 2615 nec
572 2583 693 2622 desunt,
704 2581 775 2622 ξω]
806 2582 849 2613 In
873 2582 978 2614 sacris

283 2634 519 2668 anniversariis
541 2633 675 2665 haedum
695 2633 756 2664 tibi
777 2632 914 2664 immolo
929 2636 979 2665 te-

282 2695 423 2724 nerum;
449 2685 628 2725 vinumque
643 2684 781 2725 copiose
794 2683 874 2716 libo.

332 2736 460 2769 Veneris
473 2736 572 2767 sodali
581 2734 727 2775 craterae]
738 2734 889 2775 Scilicet,
902 2734 978 2767 abs-

284 2795 351 2829 que
366 2785 504 2826 Baccho
529 2784 633 2826 friget
647 2785 775 2818 Venus.
819 2785 873 2816 Ex
887 2784 978 2817 Aris-

1031 1392 1179 1432 tophane
1195 1392 1285 1434 apud
1301 1392 1425 1424 Athen.
1442 1400 1479 1423 x.
1495 1395 1548 1424 12.
1573 1389 1652 1422 οἶνος
1673 1391 1725 1422 Ἀ-

1029 1441 1175 1481 φροδίτης
1185 1441 1395 1482 γάλα,ὀὶπιιηι
1405 1442 1453 1472 lac
1464 1441 1602 1472 Veneris.
1621 1440 1724 1472 Ovid.

1030 1491 1174 1523 Remed.
1191 1491 1309 1523 Amor.
1333 1500 1359 1522 1.
1370 1492 1447 1522 237.
1469 1490 1580 1521 ‘Vina
1603 1494 1725 1530 parant

1031 1540 1159 1572 animos
1170 1539 1322 1573 Veneri.’
1698 1577 1702 1582 ·

1071 1592 1092 1620 ’1
1113 1589 1210 1621 Vetus
1220 1589 1293 1630 ara]
1322 1590 1389 1621 Vel
1411 1588 1502 1631 quod
1519 1588 1562 1621 ab
1578 1588 1724 1620 Horatio

1031 1639 1157 1671 dudum
1172 1643 1310 1671 erecta:
1333 1639 1388 1670 vel
1403 1639 1482 1681 quia
1496 1639 1629 1671 Faunus
1652 1638 1723 1670 Ab·

1031 1688 1200 1730 originum
1224 1689 1298 1720 Rex
1323 1688 1469 1729 primns,
1483 1692 1580 1728 pater
1601 1689 1727 1728 Latini,

1032 1739 1206 1780 antiquam
1221 1737 1417 1778 religionem
1433 1736 1576 1769 tradidit
1590 1737 1725 1770 rusticis

1031 1789 1108 1821 istis
1139 1788 1342 1820 Numinibus
1371 1788 1414 1820 ab
1443 1796 1485 1819 eo
1513 1786 1726 1820 trahentibus

1030 1838 1206 1879 originem.

1073 1892 1093 1920 8
1110 1889 1223 1920 Fumat
1239 1886 1345 1928 odore]
1365 1887 1511 1919 Incenso
1527 1887 1626 1918 thure
1639 1886 1726 1918 bene

1031 1939 1181 1973 olentem
1195 1937 1321 1968 fumum
1338 1936 1428 1968 tollit
1442 1936 1648 1978 odoremque
1661 1936 1726 1968 Su-

1029 1990 1124 2031 peris
1140 1993 1284 2030 gratum.

1072 2042 1094 2071 9
1109 2038 1210 2070 Ludit
1224 2037 1363 2074 herboso,
1373 2037 1445 2079 ξω]
1467 2037 1552 2070 Cum
1563 2036 1726 2069 Faunalia

1031 2088 1251 2122 celebrantur
1282 2087 1404 2128 Nonis,
1430 2096 1491 2119 seu
1523 2087 1580 2132 die
1607 2086 1726 2128 quinta

1029 2139 1154 2171 mensis
1175 2137 1393 2178 Decembris,
1410 2142 1482 2169 tum
1497 2146 1541 2168 ex
1554 2145 1650 2168 more
1667 2145 1727 2178 pe·
1764 2136 1766 2139 '

1030 2199 1091 2221 cus
1117 2188 1266 2220 otiosum
1293 2191 1407 2219 aratro
1436 2185 1596 2228 omnique
1619 2193 1724 2227 opere

1029 2240 1174 2270 solutum
1188 2238 1334 2280 quiescit
1355 2241 1392 2268 et
1411 2236 1501 2268 ludit
1520 2236 1555 2268 in
1576 2236 1729 2276 campis;

1030 2292 1068 2318 ut
1083 2292 1119 2318 et
1136 2287 1261 2327 pagani
1285 2287 1350 2327 ipsi
1374 2285 1465 2318 festa
1484 2286 1560 2318 haec
1582 2289 1725 2327 agentes

1027 2334 1160 2367 l‘aetitiae
1188 2340 1322 2367 vacant.
1366 2336 1476 2368 Quem
1499 2340 1595 2366 certe
1621 2335 1723 2366 ritum

1029 2384 1288 2425 depromserant
1326 2393 1346 2414 e
1381 2383 1494 2415 Sacris
1528 2382 1725 2415 Codicibns.

1030 2434 1141 2468 Exod-
1155 2443 1230 2474 cap.
1249 2441 1312 2465 xx.
1333 2434 1344 2451 ⁴
1357 2433 1511 2474 Septimo
1525 2432 1581 2464 die
1594 2433 1724 2466 Sabba-

1029 2490 1102 2518 tum
1120 2483 1259 2516 Domini
1271 2482 1340 2514 Dei
1355 2482 1406 2514 tui
1421 2485 1488 2514 est.
1522 2482 1603 2514 Non
1616 2481 1724 2515 facies

1030 2543 1128 2566 omne
1143 2542 1228 2574 opus
1243 2532 1278 2564 in
1293 2541 1348 2572 eo,
1363 2536 1402 2563 tu
1420 2536 1457 2563 et
1474 2530 1578 2572 filius,
1591 2534 1628 2563 et
1641 2531 1725 2572 filia,

1031 2589 1068 2617 et
1091 2592 1219 2620 servus,
1248 2587 1285 2614 et
1310 2582 1445 2621 ancilla,
1473 2584 1510 2613 et
1529 2581 1725 2622 jumentum

1032 2636 1151 2667 tuum-²
1183 2633 1230 2665 Et
1244 2641 1322 2673 cap.
1339 2640 1453 2664 xxm.
1475 2631 1487 2649 ⁴
1499 2630 1653 2672 Septimo
1665 2631 1724 2666 die

1031 2682 1192 2723 cessabis,
1217 2687 1256 2715 ut
1277 2681 1469 2724 requiescat
1483 2680 1545 2715 bos
1559 2686 1598 2714 et
1611 2681 1723 2714 asinus

1031 2733 1132 2774 tuus,’
1145 2734 1212 2764 διο.

1074 2783 1176 2815 Pecus
1191 2782 1293 2823 omne]
1330 2781 1447 2815 Fauno
1474 2780 1526 2813 rei
1552 2779 1721 2823 pecuaria
