1916 3190
287 277 371 321 122

767 296 812 334 Q.
844 294 1055 327 noRArn
1089 299 1261 330 FLAcci

459 385 674 438 Hune„et
693 388 898 430 incomtis
918 390 1099 432 Curium
1121 393 1296 446 capillis

459 453 626 496 Utilem
645 455 760 496 bello
780 456 896 506 tulit,
917 461 961 498 et
982 455 1213 499 Camillum

458 519 591 562 Saeva
610 527 866 576 paupertas,
885 529 931 564 et
950 525 1096 565 avitus
1117 529 1222 578 apto

799 589 909 630 Cum
929 591 1019 631 lare
1038 591 1215 632 fundus.

285 694 317 722 et
335 692 466 725 Curium
491 695 625 736 impexis
639 696 779 728 crinibus
801 697 877 728 bello
903 696 1059 737 idoneum,
1081 698 1202 738 pariter
1223 702 1255 729 et
1279 698 1444 730 Camillum
1463 699 1613 739 produxit
1633 697 1737 739 inopia

285 735 406 776 durior,
420 740 451 767 et
462 738 586 777 patrius
599 739 719 778 agellus
733 749 802 770 cum
817 741 905 770 domo
922 741 1132 772 conveniente.
1178 741 1324 772 Marcelli
1346 750 1449 781 porro—
1463 751 1574 773 nomen
1593 741 1737 781 augescit

890 822 1127 835 como-‘nu

287 870 386 901 Dens.
403 874 436 903 2.
458 872 593 912 insignis
608 875 836 912 referam—41
860 876 958 908 Hunc
972 881 1003 908 et
1016 878 1150 910 intonsis
1164 877 1248 909 citat
1265 878 1410 910 Quintil.
1427 886 1479 909 tx.
1493 881 1613 909 9.--43
1637 875 1736 910 Sanc·

286 914 321 943 tu
332 918 502 955 paupertas
519 917 611 957 conj.
627 918 743 949 Bentl.
766 918 858 949 Laeta
870 923 1039 960 paupertas
1055 920 1218 960 Crusius;
1253 921 1352 951 Casta
1373 924 1543 961 paupertas
1564 921 1671 953 With.
1691 928 1736 951 ex

944 1004 1084 1037 NOTAE

324 1066 365 1094 41
386 1063 495 1105 Hunc,
508 1068 539 1098 et
553 1066 697 1098 irwomtis
707 1068 839 1099 Curium
851 1068 984 1108 capillis,

281 1113 352 1154 δῖα]
375 1114 547 1145 Virtutem
565 1121 772 1156 paupertate
788 1117 984 1156 educatam,

283 1172 324 1194 ac
339 1162 507 1194 celebrem
523 1164 662 1205 factam,
674 1166 707 1197 in
721 1166 830 1197 tribus
846 1166 984 1197 summis

282 1211 364 1242 viris
390 1222 465 1245 cnm
487 1213 634 1245 Horatio
656 1224 830 1254 venerare,
853 1216 984 1254 lecton

281 1259 316 1291 in
349 1261 522 1301 Fabricio,
556 1262 590 1294 in
621 1263 739 1303 Curio,
769 1266 802 1295 in
829 1265 983 1298 Camillo.

283 1310 357 1342 Hos
373 1312 546 1344 enimvero
562 1323 647 1346 soeva
667 1319 845 1356 paupertas,
867 1316 901 1347 id
919 1321 983 1353 est,

282 1367 403 1400 magna
430 1360 629 1403 frugalitas,
658 1365 769 1396 tenuis
800 1366 982 1397 admodum

281 1420 336 1442 res
361 1410 549 1453 familiaris,
578 1413 755 1452 fundulus,
787 1425 847 1447 seu
874 1426 983 1457 pauca

281 1461 353 1500 agri
373 1461 496 1502 jugera
523 1463 589 1495 sibi
613 1465 655 1504 ab
676 1466 747 1496 avis
765 1466 898 1505 relicta,
912 1475 983 1497 cum

280 1510 346 1542 lare
359 1515 444 1551 apto,
460 1512 495 1543 id
512 1517 578 1554 est,
602 1515 729 1554 pariter
745 1514 892 1552 modico,
906 1513 982 1546 bello

280 1560 375 1591 utiles
397 1559 493 1593 fecit.
542 1563 710 1594 Nimirum
737 1564 830 1595 victu
859 1573 981 1604 aspero

279 1610 432 1643 indurati
454 1611 497 1643 ad
524 1613 689 1653 laborem,
711 1624 841 1646 morum
865 1619 978 1645 antem

279 1659 480 1701 integritate
504 1661 547 1692 ad
570 1663 730 1695 virtutem
753 1673 886 1695 omnem
912 1662 980 1694 for-

279 1709 375 1746 mati,
397 1711 574 1751 egregiam
595 1712 807 1753 Reipublicae
825 1711 979 1744 difficilli-

280 1760 345 1793 mis
361 1763 572 1803 temporibus
587 1773 726 1804 operam
746 1769 980 1804 navaverunt3

280 1816 348 1841 non
366 1815 434 1842 tam
450 1822 520 1843 suae
541 1823 643 1854 quam
669 1814 816 1855 publicae
839 1815 980 1846 utilitati

281 1860 481 1893 studentes:
505 1862 595 1894 unde
615 1868 651 1895 et
666 1872 830 1895 summam
846 1864 980 1895 laudem

280 1911 456 1940 consecuti
473 1917 563 1943 sunt.

323 1957 438 1998 Hunc]
462 1960 596 1999 Nempe
621 1961 659 1992 C.
681 1962 877 1993 Fabricium
901 1964 981 1994 Lus·

279 2005 405 2045 einum,
429 2010 482 2037 ter
507 2007 702 2048 Consulem,
723 2010 766 2039 de
788 2020 854 2050 quo
880 2015 977 2042 ante:

281 2061 319 2087 et
341 2056 457 2087 Valer.
483 2056 627 2087 Maxim.
650 2066 701 2089 lv.
716 2061 748 2089 3.
772 2058 807 2088 Is
823 2058 834 2075 ‘
849 2060 981 2089 honori·

280 2106 343 2137 bns
359 2108 395 2136 et
411 2106 618 2137 auctoritate
633 2107 723 2137 omni
739 2107 882 2138 civitate
896 2112 979 2138 tem-

280 2155 420 2196 poribus
435 2155 504 2186 suis
521 2156 642 2196 major,
657 2164 760 2187 censu
777 2165 839 2197 par
855 2157 981 2187 uuicui-

280 2206 348 2247 q'ue
362 2205 578 2246 pauperrimo
592 2215 601 2243 ;
626 2215 645 2235 a
660 2205 883 2244 Samnitibus,
896 2215 979 2246 qnos

279 2254 458 2285 universos
487 2253 521 2284 in
544 2254 708 2285 clientela
737 2254 896 2293 babebat,
921 2254 979 2285 de-

281 2313 355 2335 cem
381 2303 469 2343 aeris,
487 2308 522 2334 et
537 2303 686 2344 quinque
702 2303 814 2344 pondo
834 2305 979 2344 argenti,

280 2352 495 2395 totidemque
507 2362 622 2384 servos
634 2348 878 2392 sibiinissosfin
887 2354 981 2385 Sam-

280 2403 374 2434 nium
397 2403 537 2443 remisit,
552 2403 773 2435 contineutiae
791 2413 862 2435 suae
877 2404 980 2435 bene-

278 2454 356 2485 ficio
371 2454 443 2484 sine
469 2453 614 2494 pecunia
635 2454 816 2494 praedives,
833 2454 903 2485 sine
919 2463 980 2485 usu

281 2502 419 2534 familiae
441 2502 577 2534 abunde
599 2504 800 2535 comitatus:
831 2503 911 2545 quia
933 2504 981 2535 lo-

282 2555 453 2593 cupletem
478 2554 571 2585 illum
596 2552 758 2594 faciebat,
784 2563 850 2585 nou
875 2554 983 2585 multa

282 2603 472 2642 possidere,
512 2603 571 2634 sed
604 2603 738 2635 modica
774 2603 980 2634 desiderare.

283 2651 375 2692 Ergo
388 2651 508 2682 domus
519 2653 608 2693 ejus,
622 2653 901 2694 quemadmodum
915 2661 982 2684 aere

282 2704 319 2731 et
347 2705 490 2740 argento
520 2706 556 2732 et
587 2703 765 2743 mancipiis
792 2702 982 2735 Samnitum

283 2758 408 2788 (aena,
432 2750 481 2780 ita
506 2751 628 2790 gloria,
656 2761 699 2783 ex
724 2753 775 2784 his
801 2753 982 2785 contemtis

284 2802 397 2841 parta,
427 2798 554 2831 referta
584 2799 673 2842 fuit,’
697 2803 762 2834 ὅτε.
823 2801 913 2833 Vide
946 2805 982 2833 et

1039 1066 1188 1108 ejusdem
1204 1065 1318 1099 Valer-
1334 1077 1376 1099 ιι.
1390 1071 1423 1109 9.

1084 1116 1231 1157 Curium]
1261 1117 1384 1148 Curius
1413 1117 1588 1148 Dentatus
1611 1119 1736 1148 ‘exsc-

1040 1165 1171 1197 tissima
1185 1175 1304 1196 norma
1324 1166 1486 1196 Romanae
1511 1164 1735 1205 frugalitatis,

1038 1214 1196 1254 idemque
1204 1213 1415 1245 fortitudinis
1423 1213 1736 1255 perspectissimum

1036 1263 1220 1305 specimen,
1243 1264 1433 1294 Samnitum
1462 1264 1584 1304 legatis
1609 1263 1738 1303 agresti

1036 1322 1074 1344 se
1097 1313 1131 1343 in
1153 1321 1288 1344 scamno
1304 1313 1508 1344 assidentem
1525 1312 1619 1350 foco,
1631 1317 1735 1355 atque

1035 1362 1150 1402 ligneo
1165 1362 1283 1393 catillo
1296 1366 1486 1394 coeuantem
1502 1362 1638 1403 (quales
1652 1369 1736 1402 epu·

1035 1413 1098 1451 las,
1107 1418 1295 1453 apparatus
1303 1412 1426 1443 indicio
1435 1413 1505 1453 est)
1513 1412 1735 1453 spectandum

1036 1461 1206 1502 praebuit!
1223 1461 1287 1492 Ille
1302 1470 1417 1492 eorum
1433 1461 1571 1492 divitias
1583 1466 1736 1493 contem-

1035 1512 1102 1543 sit:
1128 1515 1366 1552 paupertatem
1390 1511 1465 1551 ejus
1485 1510 1654 1542 Samnites
1676 1512 1736 1542 mi-

1036 1561 1102 1592 rati
1131 1566 1222 1592 sunt.
1268 1559 1500 1591 Offerentibus
1533 1568 1651 1591 aurum
1682 1569 1735 1590 re·

1034 1610 1194 1651 spondit:
1219 1611 1326 1642 Malle
1348 1618 1386 1640 se
1402 1612 1411 1627 ‘
1429 1608 1659 1649 locupletibus
1674 1609 1736 1641 im-

1035 1669 1277 1702 perare,quam
1290 1661 1399 1701 ipsum
1409 1658 1484 1690 fieri
1494 1659 1700 1699 locupletem
1712 1659 1736 1691 :’

1035 1715 1072 1742 et
1086 1711 1223 1743 Curium
1245 1712 1254 1728 ‘
1269 1718 1334 1741 nec
1345 1709 1420 1741 acie
1433 1709 1536 1747 vinci,
1549 1718 1616 1740 nec
1631 1717 1735 1749 pecu-

1035 1760 1093 1792 nia
1121 1759 1293 1801 corrumpi
1323 1758 1446 1799 posse,'
1468 1760 1533 1790 διο.
1559 1767 1636 1799 quae
1658 1759 1734 1797 lege

1034 1810 1124 1850 apud
1147 1810 1265 1840 Valet.
1291 1809 1432 1840 Maxim.
1453 1817 1504 1840 xv.
1520 1810 1556 1840 »3.
1593 1807 1683 1839 Vide
1698 1812 1735 1839 et

1035 1859 1214 1891 Aurelium
1229 1859 1407 1890 Victorem
1423 1857 1468 1889 de
1479 1857 1573 1888 Viris
1586 1857 1735 1889 Illustri·

1036 1910 1111 1949 bus,
1124 1909 1197 1940 Cic.
1210 1908 1254 1940 de
1268 1907 1471 1947 Senectute,
1485 1907 1552 1938 ὅτε.
1608 1934 1612 1937 .

1077 1959 1228 1990 Incomtis
1265 1957 1397 1988 Curium
1425 1956 1563 1997 capillis]
1591 1957 1735 1996 'Legunt

1034 2009 1185 2048 quidam,
1201 2018 1277 2039 cum
1303 2009 1517 2041 Quintiliano
1533 2008 1668 2049 quidem
1685 2014 1735 2040 rx.

1035 2059 1066 2087 3.
1079 2055 1213 2095 intonsis
1221 2057 1342 2096 capillis
1353 2068 1363 2088 ,-
1372 2058 1509 2089 scilicet
1521 2056 1639 2098 priscis
1652 2062 1736 2089 tem·

1036 2104 1173 2144 poribus
1190 2105 1337 2135 nondum
1362 2110 1463 2136 erant
1486 2106 1604 2137 Romae
1620 2111 1735 2138 tonso-

1035 2163 1110 2185 res:
1137 2158 1174 2184 et
1195 2153 1322 2184 cultum
1345 2154 1566 2194 negligebant
1586 2155 1734 2186 maxime

1034 2204 1218 2236 bellatores
1234 2203 1310 2235 viri.
1337 2204 1416 2235 Hoc
1431 2204 1568 2245 quidem
1589 2205 1733 2246 perinde
1768 2224 1771 2228 r

1031 2254 1248 2295 significatur
1271 2263 1332 2294 per
1348 2262 1465 2284 vocem
1479 2254 1623 2286 ino-omlis
1636 2265 1647 2286 .·
1670 2256 1732 2287 sed

1034 2312 1100 2335 non
1131 2303 1235 2342 illud;
1271 2303 1362 2344 quod
1390 2311 1473 2335 sane
1505 2305 1565 2345 ab„
1586 2305 1733 2337 Horatio

1034 2354 1184 2394 spectari
1209 2354 1382 2394 oportuit:
1406 2354 1454 2386 sic
1471 2353 1572 2386 Ovid.
1587 2354 1680 2387 Fast.
1693 2361 1734 2387 n.

1035 2404 1132 2435 ‘Hoc
1149 2404 1239 2445 apud
1263 2403 1418 2435 intonsos
1442 2411 1563 2435 nomeu
1584 2403 1734 2436 babebat

1035 2453 1139 2486 avos.²
1181 2454 1225 2485 Et
1242 2454 1335 2486 Fast.
1357 2461 1408 2485 lv.
1432 2452 1476 2485 de
1493 2454 1628 2485 Numa:
1645 2454 1660 2475 -⁴
1673 2454 1733 2486 Bis

1034 2509 1140 2544 caput
1156 2503 1324 2534 intonsum
1337 2501 1477 2534 fontana
1487 2500 1661 2542 spargitur
1670 2511 1734 2534 un·

1035 2552 1099 2584 da]
1144 2552 1289 2584 Codices
1305 2555 1417 2582 tamen
1437 2549 1510 2581 fere
1534 2559 1650 2582 omnes
1674 2552 1733 2583 ha-

1034 2601 1129 2640 bent,
1151 2601 1295 2631 incomtis
1319 2599 1450 2630 Curium
1469 2599 1615 2639 capinis,·
1642 2601 1731 2632 unde

1035 2651 1078 2682 ab
1102 2660 1143 2681 ea
1165 2650 1312 2680 lectione
1334 2653 1463 2679 temere
1485 2648 1730 2682 discedendum

1034 2709 1101 2731 non
1113 2698 1192 2730 fuit.
1703 2711 1706 2714 ⁴

1038 2768 1041 2769 ν
1076 2751 1119 2780 42
1144 2746 1324 2787 Camillum]
1361 2746 1412 2777 M.
1434 2745 1555 2778 Furius
1569 2746 1730 2779 Camillae

1036 2799 1212 2842 quinquies
1229 2797 1388 2830 Dictator
1403 2795 1482 2837 fuit,
1494 2796 1538 2829 de
1553 2796 1662 2838 Gallis
1673 2798 1729 2829 bin
