1916 3190
267 225 351 267 472
739 229 785 279 Q.
814 241 1024 272 HoRATu
1046 243 1232 282 „ivnAcct
1250 271 1253 274 ,

490 331 705 388 (Quando
725 342 771 374 et
790 335 956 387 priores
976 335 1077 376 hinc
1098 337 1277 379 Lamias
1298 337 1441 381 serunt

546 401 885 450 Denominatos‚
907 406 954 442 et
971 408 1178 456 nepotum

603 466 691 506 Per
707 479 917 508 memores
937 481 1074 521 genus
1093 482 1220 511 omne
1240 469 1380 510 fastos

265 579 343 612 miae
357 581 533 622 appellatos,
555 593 592 614 ac
613 583 785 615 universam
803 588 995 624 posterorum
1007 585 1165 623 familiam
1180 586 1214 617 in
1228 586 1393 618 annalibus
1405 587 1588 619 mentionem
1601 596 1704 619 eornm

865 668 884 680 ο
889 669 1102 682 οοΝοΜΝο

265 718 344 758 mia,
368 723 427 759 per
449 720 655 762 Syncopen.’
698 721 807 752 Lamia
822 722 1030 754 Mentel.—2
1055 724 1185 759 Quando
1205 724 1337 764 priores,
1364 724 1485 756 omisso
1507 728 1551 762 et,
1576 725 1609 755 in
1639 734 1704 755 uuo

265 759 394 791 Bersm.
420 766 457 794 et
485 763 583 793 Dess.
606 765 700 794 1.-4
721 763 955 796 ‘Permemores
979 766 1071 806 qnid.
1099 767 1203 806 Cruq.
1226 766 1334 802 fastus
1358 767 1508 798 Bentleii
1529 767 1643 798 Groev.
1667 771 1706 798 et

264 802 389 843 Regin.
403 813 422 834 a
437 813 482 835 m.
499 814 550 845 pr.
566 805 664 836 codd.
681 815 735 846 ap.
751 806 879 838 Mutet.
897 807 972 838 cod.
988 809 1110 839 Petav.
1129 818 1181 847 ap.
1200 808 1242 839 N.
1259 809 1380 840 Heius.
1395 809 1439 840 ad
1455 809 1634 840 claudian.
1648 817 1703 840 lv.

266 844 366 877 Cous.
385 846 516 878 Honor.
531 850 603 878 155.
646 848 690 878 Et
713 847 762 879 sic
782 848 878 879 dedit
901 850 1045 889 Cuning.
1090 851 1135 881 Et
1154 851 1227 890 jam
1242 860 1301 880 sna
1320 855 1423 882 aetate
1438 851 1494 882 hic
1509 855 1546 882 et
1563 859 1615 882 iv.
1633 849 1703 881 od.

265 889 317 918 14.
328 891 360 919 4.
385 892 561 929 utramque
576 889 789 929 scripturam,
796 889 902 928 fastos
917 896 952 922 et
957 891 1079 931 fastus),
1093 893 1124 922 in
1141 892 1240 922 codd.
1255 891 1358 923 fuisse
1373 897 1520 924 testatur
1535 893 1703 924 Priscian.

264 929 322 959 lib.
338 938 388 961 vr.
415 939 448 970 p.
462 933 538 962 711.
564 935 600 961 et
623 936 801 972 utramque
823 931 978 971 formam,
999 933 1115 971 Ἵππη,
1131 933 1246 972 orum‚'
1270 939 1305 964 et
1328 934 1472 972 “fastus‚
1488 935 1589 975 unm‚’
1615 934 1704 965 bene

263 970 404 1010 habere,
420 973 501 1003 licet
517 972 581 1003 ista
597 973 751 1003 usitatior
773 973 830 1011 sit,
854 979 973 1004 contra
998 974 1152 1005 Servium
1169 975 1228 1015 (ad
1245 975 1338 1014 Virg.
1354 975 1430 1006 AEn.
1446 985 1504 1007 ιιι.
1520 975 1614 1017 826.)
1635 976 1705 1007 dis·

265 1018 375 1053 putat.
419 1014 562 1054 Legitur
581 1020 616 1045 et
633 1014 714 1045 alibi
736 1014 889 1055 ‘fastusf
910 1020 945 1046 et
961 1017 1107 1048 occurrit
1123 1017 1224 1047 tertio
1240 1026 1320 1047 casu
1343 1017 1355 1034 ‘
1370 1017 1515 1049 fastibus
1527 1018 1536 1031 ¹
1559 1028 1614 1058 ap.
1637 1019 1704 1049 Lu-

263 1064 340 1086 can.
357 1064 398 1086 ιι.
415 1058 488 1086 130.
504 1060 540 1086 et
556 1056 675 1087 Claud.
691 1065 780 1088 xm.
797 1060 849 1088 15.
873 1056 927 1088 Cf.
946 1057 1065 1089 Heius.
1082 1059 1103 1089 Ι.
1119 1058 1142 1089 l.
1160 1063 1196 1089 et
1211 1057 1251 1089 ad
1269 1058 1372 1090 Ovid.
1393 1059 1485 1091 Fast.
1509 1068 1533 1091 ι.
1550 1063 1601 1091 11.
1618 1061 1704 1091 Dra-

264 1096 449 1128 kenborch.
467 1097 509 1128 ad
534 1098 592 1128 Sil.
608 1107 647 1129 11.
668 1101 717 1129 10.
761 1099 1027 1139 Exquisitiorem
1043 1100 1160 1142 itaque
1174 1100 1314 1131 formam
1331 1101 1442 1139 fastus
1466 1101 1703 1142 praetulissem,

263 1139 293 1169 si
307 1149 382 1170 esse
398 1139 572 1170 crederem
588 1140 646 1171 hos
663 1150 716 1171 vv.
732 1140 775 1171 ab
795 1141 963 1174 Horatio:
985 1143 1074 1175 Jani.
1121 1142 1216 1174 Harl.
1233 1146 1263 1173 1.
1277 1143 1398 1180 fastus.
1441 1144 1450 1160 ‘
1465 1143 1592 1174 Omnes
1606 1144 1705 1176 codd.

264 1185 301 1211 et
325 1181 404 1213 edd.
420 1191 550 1213 summa
573 1184 778 1221 constantia,
793 1183 889 1216 ducis.
920 1184 988 1215 Sed
1002 1185 1092 1216 varie
1110 1185 1328 1224 distinguitur
1343 1185 1496 1216 inlibris.
1530 1186 1618 1218 Post
1633 1186 1704 1224 sas-

263 1225 314 1252 tos
341 1224 441 1254 colon
464 1230 596 1265 ponunt
618 1225 733 1256 Basili·
757 1225 877 1256 Lamb.
902 1226 1005 1267 Cruq.
1029 1232 1065 1258 et
1086 1228 1180 1258 Torr.
1226 1227 1342 1259 Verba
1365 1228 1495 1262 Quando
1510 1249 1520 1258 .
1536 1250 1544 1259 .
1561 1249 1570 1259 .
1586 1228 1705 1267 .sustos

263 1265 459 1305 parenthesi
490 1267 669 1299 includunt
697 1268 815 1308 steph.
845 1268 948 1299 Fabr.
975 1269 1016 1300 Τ.
1050 1269 1132 1300 Fab.
1168 1270 1289 1301 Dacer.
1315 1270 1411 1302 Talb.
1434 1272 1499 1302 ὅτε.
1550 1270 1704 1312 Utroque

262 1307 364 1338 modo
387 1312 499 1339 esset:
525 1309 556 1341 Ο
580 1309 659 1349 AEli,
682 1310 739 1350 qui
762 1309 939 1341 descendis
963 1311 1004 1342 ab
1031 1311 1148 1350 Lamo,
1164 1315 1199 1342 tu
1221 1312 1384 1352 originem
1405 1312 1502 1344 ducis
1525 1312 1566 1343 ab
1588 1313 1707 1352 Lamo,

262 1350 332 1388 qui,
363 1351 427 1381 διε.
480 1349 627 1382 Indocta
659 1361 738 1382 vero
767 1353 953 1388 conversio,
986 1353 1199 1394 Horatioque
1229 1353 1388 1394 indigna!
1446 1355 1580 1386 Deinde
1609 1356 1704 1386 recte

262 1390 354 1422 ridet
375 1392 489 1423 Bentl.
520 1398 672 1424 orturum
703 1399 783 1424 tnnc
814 1395 1057 1426 sententiarum
1088 1397 1192 1427 totius
1223 1396 1389 1427 Carminis
1419 1406 1566 1427 nexum:
1601 1397 1651 1427 Tu
1683 1406 1704 1426 a

264 1432 370 1463 Lamo
394 1434 557 1473 originem
588 1435 710 1472 habes3
743 1435 816 1465 dies
850 1437 1016 1467 crastinus
1053 1437 1185 1475 pluvius
1215 1436 1350 1468 futurus
1371 1442 1447 1476 est3
1480 1438 1584 1477 igitur
1613 1447 1704 1468 com-

261 1483 352 1514 pone
375 1475 515 1514 lignum,
537 1477 601 1507 ἄιε.
655 1477 717 1508 Ro.
740 1476 933 1516 Stephanus
966 1481 1002 1508 et
1034 1478 1135 1509 Baxt.
1168 1479 1364 1520 parenthesi
1386 1479 1564 1511 includunt
1596 1479 1704 1515 Quaa—

261 1517 300 1546 do
316 1539 325 1547 .
343 1538 352 1547 .
369 1539 378 1547 .
394 1520 557 1558 tyrannus,
580 1527 629 1548 vs.
651 1521 684 1550 9.
708 1519 820 1558 posito
844 1524 955 1551 tamen
978 1520 1053 1551 colo
1075 1525 1153 1560 post
1180 1520 1295 1560 fastos,
1325 1525 1363 1552 ut
1386 1529 1435 1552 vs.
1451 1523 1527 1553 5-9.
1550 1521 1618 1552 sint
1641 1531 1703 1562 pro

198 1577 211 1586 .
263 1558 405 1598 apodosi
422 1559 685 1599 parentheseos3
709 1570 775 1600 qno
799 1569 918 1600 parum
940 1561 1083 1592 medelae
1111 1562 1184 1593 loco
1210 1561 1364 1602 affertur,
1378 1572 1490 1604 neque
1503 1564 1610 1595 multo
1624 1564 1705 1595 doc-

261 1600 330 1630 tior
343 1601 463 1632 existit
477 1602 648 1642 ingressus
660 1602 850 1634 sententiae.
887 1603 1047 1644 Denique
1063 1604 1384 1645 Quando-..tyrannus
1398 1605 1548 1646 inclusit,
1561 1605 1704 1637 delevit-

263 1651 330 1683 que
345 1643 444 1674 colon
461 1649 537 1684 post
548 1645 666 1682 fastos,
688 1649 724 1675 et
738 1644 826 1675 ducis
840 1644 874 1675 in
889 1645 973 1676 ducit
989 1655 1030 1676 ex
1045 1645 1183 1685 iugenio
1199 1647 1344 1677 mutavit
1361 1646 1409 1678 l).
1425 1647 1544 1680 Heius.
1556 1656 1703 1689 eumque

262 1685 373 1716 secuti
398 1686 512 1716 Bentl.
534 1686 619 1718 Cnn.
637 1686 741 1717 Gesn.
757 1691 794 1717 et
815 1687 900 1718 Sivr.
918 1692 955 1718 ut
971 1687 1033 1718 sit:
1059 1688 1190 1722 Quando
1215 1691 1266 1719 et.
1279 1688 1539 1727 ..denominatum
1560 1693 1592 1720 ct
1616 1699 1704 1722 ornare

260 1736 359 1765 genus
382 1727 579 1769 (nominat.)
602 1738 670 1768 nep.
686 1729 725 1759 ab
739 1729 793 1760 illo
806 1738 838 1760 a.
854 1729 940 1760 ducit
962 1739 991 1760 ο.
1013 1730 1079 1770 qui,
1093 1732 1147 1770 ᾄτ.
1189 1729 1258 1761 Sed
1282 1729 1464 1771 displicere
1479 1731 1519 1764 ,iu
1543 1731 1605 1763 hac
1630 1733 1705 1772 ipsa

261 1769 392 1800 ratione
408 1769 513 1801 debet
528 1775 563 1802 et
578 1771 754 1811 longitudo
766 1771 870 1803 nimia
878 1772 1172 1812 parentheseos,et
1188 1772 1450 1813 inprimis‚quod
1465 1773 1526 1811 sic,
1536 1775 1704 1805 communi

262 1820 339 1842 cum
355 1813 479 1844 ceteris
494 1813 806 1844 constituendorum
822 1814 1001 1846 verborum
1018 1813 1123 1845 modis
1136 1814 1231 1849 vitio,
1247 1815 1426 1855 splendida
1440 1815 1631 1847 sententia:
1648 1816 1704 1856 qui

261 1853 460 1885 Formiarum
471 1877 480 1886 .
494 1876 503 1886 .
514 1875 522 1884 .
533 1858 695 1895 tyrannus,
710 1865 786 1897 quae
802 1861 921 1896 aperte
945 1856 987 1887 ad
1004 1855 1193 1887 ornandum
1220 1857 1370 1896 Lamum,
1393 1857 1571 1899 ipsumque
1594 1858 1705 1890 Lami-

263 1904 329 1934 am,
344 1898 507 1936 pertinet,
522 1907 631 1937 eaque
646 1897 690 1928 de
706 1907 808 1928 causa
823 1907 843 1928 e
858 1908 957 1930 sensu
973 1899 1085 1938 lyrico
1097 1898 1209 1930 versui
1226 1901 1257 1930 1.
1272 1899 1410 1931 adnecti
1426 1899 1541 1939 debet,
1557 1900 1635 1931 inde
1651 1910 1704 1931 re-

261 1938 356 1968 vulsa
373 1939 725 1971 notionisecuudariae
743 1940 911 1981 jungitur.
959 1940 1063 1972 Forte
1080 1941 1199 1972 melius
1227 1941 1272 1972 sit
1296 1941 1471 1973 includere
1486 1942 1676 1983 parenthesi
1693 1953 1703 1974 :

266 1979 396 2014 Quando
411 1985 442 2012 et
452 2004 462 2013 .
476 2004 484 2013 .
497 2003 506 2012 .
516 1982 603 2013 ducis
617 1982 769 2021 originem
776 1992 790 2019 ,·
812 1988 852 2014 ut
867 1983 933 2024 qui,
948 1993 997 2015 vs.
1014 1986 1046 2016 6.
1068 1993 1136 2015 non
1159 1982 1326 2015 referatur
1348 1982 1391 2015 ad
1413 1984 1466 2015 illo
1481 1995 1511 2016 ιι.
1534 1993 1583 2017 vs.
1598 1988 1630 2016 5.
1646 1994 1703 2016 ve-

911 2048 1053 2087 NOTAE

1008 2124 1061 2151 tas
1081 2120 1135 2151 alii
1149 2120 1386 2165 contendunt..
1411 2120 1567 2152 Eustath.
1580 2119 1703 2152 Strabo

1007 2169 1067 2200 lib.
1093 2179 1127 2201 v.
1154 2170 1246 2201 Pliu.
1270 2179 1327 2202 111.
1350 2174 1382 2202 5.
1406 2169 1601 2212 ‘Oppidum
1622 2170 1704 2201 For-

260 2115 398 2155 Lamiae,
413 2117 477 2146 διο.
493 2125 557 2147 nec
572 2117 778 2149 omittendus
794 2123 848 2150 est
862 2122 954 2150 ortus

259 2176 302 2197 ex
333 2175 373 2197 ea
402 2166 506 2206 stirpe
533 2165 724 2197 Antoninus
749 2167 954 2207 Imperator.

260 2216 449 2247 Lamiarum
466 2223 566 2255 porro
587 2219 655 2246 tam
672 2215 806 2246 celebre
821 2225 954 2256 nomen,

259 2270 299 2296 ut
312 2260 489 2298 ,Iuvenalis
503 2264 577 2295 Sat.
600 2273 651 2295 vr.
668 2266 742 2295 384.
758 2263 954 2304 scripserit:

257 2315 267 2332 ‘
280 2314 437 2357 quaedam
453 2313 666 2355 Lamiarum,'
678 2323 740 2355 pro
754 2323 821 2345 una
831 2318 955 2345 matro-

258 2373 380 2396 narum
390 2368 523 2396 vetusta
532 2364 710 2395 nobilitate
721 2363 955 2405 superbarum.

260 2415 330 2447 Hic
350 2413 591 2454 intelligendus
616 2412 753 2444 videtur
777 2412 879 2451 idem,
897 2413 955 2454 qui

259 2474 286 2496 1.
304 2463 372 2496 od.
384 2466 439 2494 26.
453 2467 489 2494 et
503 2465 555 2494 36.
571 2462 704 2494 scilicet
715 2462 759 2495 Q.
773 2461 876 2494 AElius
891 2462 955 2494 La-

260 2514 339 2550 mia,
361 2513 450 2544 bello
476 2512 623 2553 Augusti
645 2511 849 2544 Cantabrico
869 2521 956 2553 prae·

259 2563 394 2595 fectura
409 2567 444 2594 et
456 2562 586 2594 bellicis
602 2561 702 2593 rebus
717 2561 871 2602 insignis.

303 2613 429 2644 Nobilis
455 2613 494 2643 ab
517 2612 631 2652 Lamo]
653 2611 877 2643 Nobilitatem
889 2616 957 2644 tra·

258 2664 342 2695 heus
354 2667 391 2694 et
407 2662 669 2704 appellationem
684 2662 726 2694 ab
742 2662 848 2694 Lamo
859 2663 956 2704 Nep-

260 2713 335 2746 tuni
349 2712 430 2752 filio,
446 2713 542 2752 Rege
558 2717 593 2744 et
615 2712 788 2744 conditore
808 2712 956 2743 Formia-

262 2771 356 2795 rum:
372 2762 431 2794 lxas
446 2769 559 2794 tamen
575 2772 595 2794 a
610 2761 799 2794 Laconibus
809 2761 955 2794 aedifica-

1008 2219 1097 2259 miae,
1126 2219 1278 2251 Hormiae
1307 2220 1447 2259 dictum,
1470 2224 1510 2251 ut
1532 2219 1702 2251 existima-

1009 2277 1102 2304 vere,
1125 2270 1267 2310 antiqua
1296 2270 1552 2310 Laestrygonum
1580 2267 1702 2300 sedes.'

1008 2315 1074 2346 His
1092 2325 1171 2346 vero
1186 2318 1307 2347 Lamus
1325 2318 1517 2357 imperavit.
1672 2322 1677 2329 “

1048 2366 1068 2395 2
1091 2364 1180 2395 Hinc
1193 2364 1320 2395 Lamias
1331 2365 1445 2402 serunt
1465 2365 1702 2405 Denominatoe]

1007 2412 1039 2445 A
1054 2413 1158 2444 Lamo
1174 2417 1287 2444 tamen
1311 2413 1478 2452 Lamides,
1498 2418 1535 2444 ut
1558 2413 1701 2445 Priami-

1008 2463 1068 2495 des
1083 2473 1104 2494 a
1114 2463 1262 2502 Priamo,
1275 2462 1403 2494 rectius
1418 2461 1592 2496 efferatur.

1049 2515 1070 2544 4
1096 2512 1223 2553 Festos]
1245 2512 1423 2544 Annalium
1445 2513 1560 2553 libros,
1573 2512 1607 2544 in
1628 2514 1701 2556 qui-

1007 2562 1070 2595 bus
1094 2563 1198 2595 totius
1219 2563 1296 2594 anni
1315 2562 1355 2594 fit
1375 2562 1578 2604 descriptio;
1598 2566 1701 2605 atque

1007 2612 1142 2644 nomina
1151 2612 1345 2653 Consulum,
1357 2616 1394 2643 et
1405 2621 1460 2644 res
1472 2612 1610 2653 egregie
1621 2621 1702 2644 con-

1007 2660 1111 2694 fectae
1127 2660 1300 2694 annuatim
1313 2665 1348 2693 et
1363 2660 1513 2694 breviter
1526 2665 1701 2695 notantur.

1008 2710 1103 2743 Fest.
