1916 3190
425 435 508 497 Q.
580 435 1036 508 HORAT'II¹
1097 435 1483 496 FLACCI

597 614 1279 689 ¹CARMINUM

788 829 1007 878 LIBER
1053 829 1142 876 ΙΙ..

846 1137 988 1180 ODE
1037 1137 1076 1178 Ι.

591 1256 659 1285 ΑΙ)
692 1255 732 1285 C.
764 1253 979 1285 ASINIUM
1012 1254 1323 1285 POLLIONEM.

233 1350 399 1384 Horatius
415 1353 686 1385 Caesarianarum
702 1357 739 1384 et
756 1353 1041 1393 Pompeianarum
1068 1353 1218 1394 partium
1239 1353 1368 1386 medius
1383 1353 1540 1386 Asinium
1555 1353 1682 1385 Pollio·

276 1412 368 1444 nem,
378 1404 600 1436 Consularem
615 1405 722 1436 virum
738 1408 775 1436 et
790 1403 939 1445 Augusti
957 1405 1065 1446 gratia
1091 1409 1281 1446 potentem,
1293 1416 1316 1447 a
1330 1406 1527 1447 stringendo
1542 1406 1633 1446 stylo
1648 1405 1684 1436 in

275 1455 505 1497 Pompeianos
520 1457 689 1497 deterret,
704 1466 744 1489 ac
762 1457 868 1498 magis
884 1466 960 1488 eum
978 1457 1020 1488 ad
1039 1467 1161 1489 suaves
1182 1467 1292 1490 mores
1307 1463 1344 1491 et
1366 1459 1615 1490 miserationem
1632 1460 1686 1488 tot

273 1508 456 1541 illustrium
465 1510 609 1542 virorum
626 1510 779 1543 adducit·
820 1511 976 1552 (Summa
992 1510 1130 1542 videtur
1141 1520 1215 1543 esse
1231 1512 1324 1543 haec:
1340 1511 1410 1550 Tu,
1424 1511 1548 1550 Pollio,
1563 1509 1683 1541 scribis

275 1560 468 1593 Historiam
491 1562 658 1595 bellorum
680 1563 845 1603 civilium,
861 1572 945 1603 opus
965 1562 1107 1594 arduum
1128 1573 1168 1595 ac
1184 1562 1342 1596 diffie-ile:
1367 1573 1432 1605 ego
1447 1572 1528 1618 vero
1550 1566 1683 1595 tantum

275 1613 436 1646 Carmina
450 1614 610 1647 meditari
626 1624 764 1656 possum
780 1615 909 1647 leviora
924 1619 960 1647 et
975 1615 1153 1647 amatoria.
1182 1616 1284 1647 Zeun.
1287 1615 1302 1656 )

404 1688 596 1731 Morum
620 1702 679 1731 ex
702 1690 882 1731 Metello
903 1690 1088 1732 consule
1109 1690 1316 1740 civicum,

275 1788 368 1819 Bella
382 1787 490 1819 civilia
510 1798 531 1820 α
547 1788 670 1821 Metelli
692 1789 863 1830 consulatu,
884 1792 917 1821 et
937 1788 1167 1821 discordiarum
1187 1787 1336 1828 origines,
1357 1787 1560 1828 criminaque,
1581 1790 1614 1819 et
1633 1796 1684 1818 ra-

839 1871 1082 1884 000000000000

280 1925 368 1956 Haec
385 1925 462 1957 Ode
480 1925 614 1957 decima
630 1926 777 1966 septima
789 1931 844 1958 est
859 1927 952 1959 Libri
970 1925 1134 1958 secundi'
1126 1935 1160 1957 ιιι
1184 1925 1250 1957 Ed.
1264 1923 1390 1956 Sanad.
1431 1923 1661 1955 Inscribitnr⁰
1652 1933 1687 1955 ιιι

236 1973 306 1998 vet.
322 1966 398 1998 cod.
414 1967 601 2002 Torrentii‚
623 1967 677 1998 Aa
703 1968 851 1999 Asinium
876 1969 1060 2009 Pollionem,
1085 1969 1189 2000 virum
1212 1968 1426 2006 Consularem,
1445 1969 1480 1998 ut
1503 1965 1692 2000 inter-»niun

237 2008 416 2048 Trngoediis
430 2009 503 2040 belli
518 2009 621 2040 civilis
635 2009 790 2040 describat
804 2010 1005 2046 Historiam5
1036 2011 1132 2041 multi
1155 2009 1256 2041 codd.
1267 2014 1421 2041 recentt.
1441 2018 1496 2049 ap.
1521 2007 1616 2049 Jani,
1637 2008 1691 2040 Aa

235 2051 410 2083 Pollionem
425 2051 585 2091 Asinium,
599 2052 653 2091 qui
664 2051 801 2091 primum
815 2050 957 2082 movebat
968 2052 1059 2082 civile
1074 2051 1195 2083 bellum.
1196 2054 1258 2082 —l
1276 2052 1361 2082 Exc.
1371 2051 1450 2082 Sax.
1466 2050 1591 2082 Motum
1603 2060 1629 2081 e
1643 2051 1690 2082 M.

889 2138 1033 2170 NOTAE

275 2201 427 2233 Mettum
441 2200 530 2231 idem
549 2199 638 2240 quod
658 2209 683 2231 ι.
698 2199 767 2232 od.
782 2203 814 2231 9.

279 2255 297 2283 l
316 2251 444 2283 Metello
458 2250 594 2291 consule]
618 2250 740 2281 Plures
766 2250 862 2292 liujus
877 2259 936 2281 no·

234 2300 334 2333 minis
349 2310 428 2332 cum
450 2298 583 2332 fuerint
603 2300 782 2341 Consules,
795 2299 936 2340 ambigi-

234 2355 292 2382 tur
305 2359 399 2390 sane,
416 2349 459 2381 de
474 2359 539 2391 quo
551 2345 764 2390 potissimum
777 2350 936 2390 loquatur

235 2399 414 2431 Horatius.
435 2399 562 2430 Verum
575 2407 618 2429 ex
633 2398 805 2439 adjunctis
821 2402 934 2430 tamen

234 2447 475 2490 intelligendus
490 2447 635 2479 maxime
651 2447 786 2479 videtur
801 2448 846 2481 Q.
858 2448 934 2479 Me-

234 2498 335 2529 tellus
365 2497 478 2536 Celer‚
505 2496 563 2538 qui
593 2495 806 2527 consulatum
832 2497 936 2537 gessit

235 2557 312 2578 cum
337 2548 375 2579 L.
390 2545 547 2586 Afranio,
571 2555 659 2577 anno
682 2545 725 2577 ab
749 2545 832 2577 urbe
854 2555 935 2578 con-

235 2596 310 2627 dita
338 2599 413 2628 690.
445 2596 511 2635 vel,
539 2598 577 2626 ut
605 2595 680 2627 aliis
709 2595 836 2636 placet,
859 2598 935 2629 693.

233 2644 305 2675 Sub
321 2644 372 2675 his
388 2645 478 2675 enim
494 2644 620 2676 bellum
630 2645 936 2678 exarsitCaesarem

236 2694 327 2726 inter
353 2698 389 2725 et
421 2695 634 2735 Pompeium,
660 2700 698 2726 ut
725 2694 798 2727 fuse
818 2700 936 2728 narrat

237 2744 357 2777 Florus
372 2752 425 2777 ιν.
439 2746 471 2776 2.
517 2745 586 2776 Res
607 2745 722 2787 itaque
742 2755 805 2788 per
830 2755 935 2778 annos

990 2199 1130 2231 circiter
1141 2199 1273 2239 viginti,
1284 2197 1440 2230 civilibus
1453 2196 1599 2228 dissidiis
1611 2207 1688 2238 ges-

989 2254 1058 2287 tas,
1074 2250 1135 2280 hoc
1151 2253 1216 2288 est,
1231 2249 1274 2279 ab
1289 2257 1342 2287 eo,
1356 2247 1444 2289 quod
1461 2247 1588 2286 notavi,
1601 2251 1685 2279 tem-

989 2307 1073 2339 pore
1086 2298 1127 2328 ad
1145 2307 1240 2328 suum
1257 2305 1363 2338 usque
1380 2296 1591 2328 consulatum
1607 2296 1687 2327 Pol·

989 2347 1034 2379 lio
1050 2346 1337 2387 persequebatur,
1352 2354 1428 2376 cum
1444 2344 1555 2376 Poeta
1570 2350 1688 2376 noster

989 2396 1031 2428 ab
1049 2396 1207 2427 instituto
1222 2404 1321 2426 cursu
1343 2394 1436 2425 illum
1459 2403 1621 2425 revocare
1637 2394 1689 2425 ni·

989 2449 1128 2480 tebatur
1150 2448 1213 2479 hac
1238 2446 1336 2486 Ode;
1359 2445 1448 2477 forte
1471 2455 1514 2476 ne
1540 2446 1688 2478 excitata

990 2498 1155 2530 bellorum
1171 2497 1314 2528 istorum
1330 2494 1524 2527 recordatio
1541 2497 1688 2536 asperio-

991 2557 1062 2579 rem
1088 2547 1152 2579 sibi
1182 2545 1313 2578 faceret
1337 2544 1541 2585 Augustum,
1568 2550 1688 2578 contra

991 2607 1090 2639 quem
1114 2596 1295 2635 militarat3
1322 2599 1361 2627 ut
1387 2594 1582 2635 explicatur
1607 2595 1686 2628 Ode

991 2655 1057 2678 vn.
1083 2645 1250 2687 sequenti.
1303 2644 1469 2675 Pollionis
1496 2644 1687 2677 Historiam

991 2697 1093 2729 altius
1109 2695 1289 2736 repetitam
1305 2695 1423 2725 volunt
1443 2694 1514 2730 alii,
1529 2703 1652 2736 nempe
1666 2705 1687 2726 a

989 2747 1169 2779 consulatu
1194 2746 1237 2779 Q.
1259 2745 1396 2777 Metelli
1419 2744 1607 2787 Numidici,
1630 2744 1687 2787 qui
