1916 3190
802 230 1031 261 nonwrn.
1578 219 1635 260 31

189 326 235 367 in
257 323 452 367 Pantheo
470 328 643 367 statuae.
685 324 773 365 Dio
800 334 906 365 mn.
928 327 1040 365 extr.
1065 333 1159 366 ων.
1181 336 1244 377 pr.
1302 321 1420 363 Haec
1440 322 1639 377 prodigia

190 393 469 433 occasionem
488 391 668 433 dedisse
690 391 892 432 videntur
915 403 946 432 1.
969 390 1054 432 Od.
1073 391 1115 432 2.
1137 391 1239 432 licet
1257 388 1539 430 manifestum
1561 390 1636 439 sit,

189 459 515 500 commemorari
536 471 623 499 non
642 457 723 499 illa
743 458 856 508 sola,
877 458 952 499 sed
980 458 1107 512 plura
1127 457 1257 514 simul
1278 456 1384 504 alia,
1404 468 1503 509 quae
1525 469 1638 508 prae-

191 526 439 567 cessissent.
506 524 753 578 Augustum
788 537 930 565 rerum
966 525 1152 577 potitum
1190 536 1290 564 cum
1330 521 1637 564 commendare

191 591 320 633 vellet
338 591 486 646 poeta,
506 594 726 644 tamquam
747 603 858 640 eum,
878 591 955 643 qui
986 589 1324 644 rempublicam,
1344 589 1476 630 bellis
1495 589 1637 630 civili-

190 659 272 699 bus
285 658 516 713 jactatam,
544 657 821 698 restituturus
841 662 983 709 esset;
1014 657 1127 698 bella
1150 660 1297 699 autem
1318 656 1470 697 civilia
1489 656 1638 698 decla-

188 725 274 766 rari
309 724 499 765 solerent
530 736 606 777 per
635 721 744 778 ἇίγος,
766 723 883 778 quod
915 724 1170 777 expiatione
1200 723 1424 776 indigeret,
1449 723 1638 777 denique

190 787 392 844 prodigia
412 804 439 832 a
458 791 594 843 longo
610 790 711 832 inde
732 795 931 844 tempore
947 791 1173 831 civitatem
1191 791 1303 844 ἐναγῆ
1320 795 1366 831 et
1383 790 1638 843 expiatione

190 862 383 910 egentem
412 857 706 910 indicassent;
748 857 993 910 Augustum
1026 870 1123 898 eum
1154 870 1253 898 esse
1282 862 1539 910 auguratur,
1561 858 1640 911 qui

191 923 403 980 καθαρμοῖς,
423 925 751 978 expiationibus
771 924 981 978 publicis,
1000 924 1318 978 rempublicam
1346 924 1524 978 piaculo
1547 926 1639 966 exi-

192 987 342 1033 meret.
402 992 452 1033 In
471 992 633 1046 quibus
653 991 920 1033 redeundum
952 997 1021 1033 est
1050 991 1105 1032 ad
1140 992 1345 1032 notiones
1372 996 1563 1031 veterum
1585 991 1641 1032 de

191 1057 488 1099 calamitatum
505 1058 781 1111 publicarum
801 1071 936 1099 causa
958 1059 1014 1099 ab
1042 1059 1106 1099 ira
1135 1058 1329 1098 Deorum
1360 1058 1562 1110 repetita,
1582 1071 1641 1100 ex

192 1127 407 1178 concepto
436 1124 628 1177 piaculo,
653 1127 698 1164 et
732 1124 786 1164 de
819 1124 1082 1166 necessitate
1112 1125 1428 1177 expiationum.
1488 1123 1640 1175 Plura,

192 1203 291 1246 quae
311 1203 486 1231 carmen
507 1190 563 1231 ad
583 1190 625 1230 h.
646 1203 687 1231 a.
707 1190 861 1232 referre
882 1191 1111 1240 suadeant,
1133 1191 1178 1231 in
1200 1189 1334 1231 Obss.
1356 1191 1617 1234 monuimus.

247 1256 487 1311 Conjurant
505 1257 549 1298 in
569 1255 817 1309 Augustum
845 1258 1044 1299 Licinius
1065 1257 1209 1299 Varro
1231 1256 1437 1298 Muraena
1458 1266 1503 1299 et
1524 1258 1640 1300 Fan-

190 1323 286 1366 nius
305 1323 481 1378 Caepio.
537 1323 761 1376 Augustus
782 1325 827 1365 in
849 1324 1044 1366 Siciliam
1060 1324 1154 1366 abit
1177 1323 1290 1379 (Dio
1309 1334 1409 1365 mv·
1427 1324 1505 1376 6.)‚
1528 1326 1641 1367 unde

190 1391 237 1431 in
267 1390 456 1432 Parthos
486 1391 761 1445 profecturus
788 1395 979 1445 putatur.
1040 1391 1183 1433 Paulo
1205 1394 1307 1432 ante
1328 1390 1438 1433 hanc
1470 1393 1640 1446 profec-

192 1457 360 1499 tionem
377 1457 543 1511 scripta
561 1457 736 1499 videtur
758 1470 790 1499 1.
811 1459 950 1513 Epist.
969 1461 1012 1500 9.

334 1581 392 1624 U.
422 1582 472 1624 c.
500 1582 599 1624 733.
650 1579 714 1622 M.
735 1581 924 1622 Lollius.
969 1580 1256 1632 Q AEm111us
1285 1555 1499 1636 Lepidus]

642 1647 700 1689 A.
715 1648 767 1690 C.
788 1649 857 1690 21.
888 1648 1069 1689 Horatii
1088 1650 1161 1703 {3⁵2-

249 1725 424 1779 Scripta
459 1725 543 1766 hoc
580 1738 695 1766 anno
726 1736 758 1766 1.
782 1725 923 1779 Epist.
950 1725 1021 1766 20.
1079 1723 1309 1777 Augustus
1329 1726 1372 1765 in
1401 1725 1639 1775 Graeciam,

191 1790 292 1832 hinc
305 1791 351 1831 in
373 1791 555 1832 Samum
574 1790 766 1842 navigat,
787 1791 938 1843 ibique
959 1790 1148 1843 hyemat.
1186 1789 1342 1831 Medio
1365 1804 1481 1832 anno
1503 1794 1641 1845 scrip·

192 1862 285 1897 tum
306 1856 450 1898 Carm.
472 1867 546 1897 11¹.
567 1856 638 1896 29.
669 1855 724 1896 ad
762 1856 1070 1905 Maecenatem,
1099 1857 1281 1897 absente
1301 1857 1502 1910 Augusto
1529 1858 1641 1899 Urbi

192 1922 462 1976 praefectum.
522 1921 635 1963 Item
655 1921 815 1961 referas
834 1920 919 1961 huc
940 1919 1084 1961 Carm.
1103 1932 1156 1961 11.
1179 1921 1247 1962 13.
1270 1923 1389 1975 quod
1407 1935 1520 1964 anno
1540 1928 1641 1965 ante

195 1999 269 2030 111.
289 1987 330 2029 8.
350 1987 566 2040 scriptum
587 1999 702 2037 esse,
723 1990 894 2027 constat
915 1999 974 2027 ex
994 1986 1124 2040 hujus
1142 2000 1209 2028 vs.
1228 1988 1269 2029 9.

339 2110 396 2152 U.
429 2110 479 2152 C.
511 2111 609 2153 734.
672 2110 738 2152 Μ.
775 2110 1006 2165 Apuleius,
1069 2112 1122 2153 P.
1150 2112 1286 2155 Silius
1323 2114 1483 2157 Nerva.

618 2177 674 2218 A.
694 2177 747 2220 G.
767 2179 840 2219 20.
882 2178 1058 2220 Horatii
1077 2181 1147 2232 45}-
1189 2188 1193 2190 ·

248 2253 420 2303 Asiam,
451 2254 727 2309 Bythyniam,
751 2254 925 2308 Syriam
952 2253 1178 2308 Augustus
1209 2256 1371 2298 invisit.
1424 2257 1638 2300 Phraates

192 2321 314 2374 signa
334 2321 535 2374 Augusto
572 2327 616 2362 et
646 2321 846 2374 captivos
875 2320 1083 2373 remittit3
1117 2322 1206 2363 Dio
1242 2333 1340 2364 ων.
1366 2322 1408 2363 8.
1467 2323 1535 2364 Ea
1569 2337 1638 2365 res

193 2387 435 2440 magnificis
456 2387 600 2428 verbis
621 2400 648 2428 a
668 2386 821 2428 Poetis
841 2388 986 2428 ornari
1008 2388 1135 2431 solet.
1182 2389 1441 2442 Loquuntur
1460 2390 1515 2430 de
1534 2390 1640 2431 Par-

192 2453 278 2495 this
298 2453 554 2508 profligatis,
573 2454 787 2503 subactiS‚
804 2453 999 2503 domitis,
1018 2455 1074 2495 de
1094 2467 1248 2495 everso
1270 2467 1422 2495 eorum
1441 2455 1642 2509 imperio,

195 2519 251 2560 de
283 2519 463 2562 Oriente
498 2520 734 2569 debellato,
770 2520 826 2561 de
856 2520 1049 2562 Phraate
1069 2520 1261 2573 Augusti
1291 2521 1348 2561 ad
1375 2521 1514 2575 pedes
1540 2536 1639 2577 pro-

196 2586 435 2637 cumbente,
456 2587 512 2628 ab
531 2599 670 2640 eoque
684 2587 763 2640 jus
793 2587 1002 2640 regnandi
1035 2588 1293 2640 accipiente,
1321 2590 1399 2630 &c-
1456 2588 1571 2631 Tum
1591 2595 1638 2631 et

197 2651 314 2692 Daci
338 2665 391 2693 ac
411 2653 639 2703 Sarmatae,
670 2654 831 2708 aliique
852 2653 959 2695 Istri
980 2654 1159 2702 accolae,
1180 2654 1390 2696 continuo
1409 2668 1639 2697 excurren-

199 2721 267 2757 tes
292 2717 335 2757 in
362 2717 468 2759 fines
488 2719 716 2761 Romanos
744 2734 823 2774 per
855 2721 1087 2762 Lentulum
1120 2719 1398 2774 coercentu13
1432 2722 1548 2764 Flor.
1571 2734 1636 2763 lv.
