1916 3190
258 234 342 276 154

729 247 773 285 Q.
805 247 1014 278 HORATU
1050 249 1225 280 FLAGG!

313 339 561 396 Arcanique
582 339 719 382 Fides
740 341 939 395 prodiga,
959 342 1229 397 pellucidior
1248 343 1375 386 vitro.

246 432 333 473 fides
345 436 496 465 secretum
506 434 652 474 prodens,
666 433 749 465 vitro
759 435 955 476 pellucidior.

254 550 341 580 —16
363 548 457 591 Lips.
473 552 506 581 4.
518 551 711 591 prolucidior
723 552 818 584 vitro.

1036 507 1096 521 m

908 605 941 637 N
946 604 1053 637 OTAE

254 664 424 708 plerisque
440 666 575 707 passim,
597 670 634 699 at
653 667 779 699 nemini
794 667 951 710 frequen-

249 715 486 797 ggsmaccidit,
508 726 609 758 quam
631 717 711 749 vino
726 716 951 750 effervescen-

298 819 340 849 16
359 817 536 858 Arcanique
551 817 647 849 Fides
666 817 818 859 prodiga]
846 818 952 850 Deni-

254 876 321 909 que
335 867 424 899 sicut
439 868 563 899 vitrum
586 868 668 899 nihil
687 868 878 908 abscondit,
900 869 951 900 sic

253 917 368 950 'vinum
403 917 552 959 tegenda
588 918 732 959 revelat,
769 918 952 952 retinenda

1006 669 1170 711 prodigit,
1179 668 1381 701 involvenda
1391 668 1523 700 silentio
1532 667 1685 710 divulgat
1696 682 1706 711 ;

1006 719 1161 761 adeoque
1188 719 1289 751 fidem
1325 717 1488 751 labefacit
1517 726 1558 750 ac
1585 720 1703 760 violat,

1007 778 1084 801 cnm
1099 769 1266 811 religiosae
1281 768 1508 801 taciturnitati
1526 770 1706 802 commissa

1005 824 1043 851 et
1057 819 1192 851 credita
1206 823 1335 851 temere
1361 817 1496 859 profert
1517 823 1554 850 et
1579 828 1702 860 propa-

1004 869 1072 901 lam
1085 867 1211 901 effutit.

822 1010 953 1074 o'DE
985 1033 1136 1075 XIX.

783 1132 853 1162 AD
884 1131 1175 1163 GLYGERAM.

337 1208 501 1240 Horatius
526 1208 569 1239 ob
598 1208 827 1242 intermissum
850 1209 1055 1253 aliquamdiu
1086 1219 1235 1244 amorem
1259 1211 1492 1244 vehementius
1514 1217 1614 1246 amat.

744 1262 845 1295 Conf.
859 1263 1110 1306 Argumentum
1131 1273 1158 1297 1.
1172 1268 1207 1298 ὃ.

426 1334 614 1378 MATER
635 1309 758 1379 saeva
777 1337 1065 1393 Cupidinum,

477 1402 792 1459 Thebanaeque
808 1406 940 1460 jubet
959 1421 1028 1448 me
1047 1407 1244 1450 Semeles
1266 1413 1395 1461 puer,

295 1519 439 1552 Crudelis
451 1519 603 1552 Amorum
622 1522 780 1562 genitrix,
794 1522 926 1565 elfilius
950 1523 1087 1556 Semela
1101 1524 1264 1564 Thebanae,
1287 1527 1380 1564 atque
1400 1523 1560 1555 luxuriosa
1573 1522 1702 1554 cismo·

856 1605 915 1618 OOC

293 1656 383 1689 Haec
398 1657 477 1690 Ode
492 1658 590 1690 deest
613 1659 765 1692 Editioni
780 1659 967 1692 Sanam—1
993 1660 1154 1703 Quinque
1169 1661 1270 1694 codd.
1285 1660 1439 1703 Cruqnii,
1450 1659 1587 1702 quidam
1605 1659 1702 1692 Lam—

255 1698 338 1736 bini,
368 1700 465 1733 Harl.
482 1703 515 1732 2.
536 1701 687 1733 Bentleii
703 1702 802 1734 Leid.
822 1703 948 1744 Regin.
969 1702 1059 1744 Reg.
1078 1704 1158 1736 Soc.
1175 1705 1332 1736 Petrens.
1346 1704 1417 1744 alii,
1430 1709 1466 1734 et
1480 1702 1536 1734 ed.
1561 1701 1702 1734 Aseem.

243 1740 356 1779 jubent
368 1752 416 1774 me
425 1753 439 1780 ‚·
460 1743 520 1774 sed
538 1744 653 1784 plures
669 1747 706 1776 et
721 1745 879 1777 meliores
894 1755 971 1778 cum
987 1745 1104 1778 Graev.
1121 1751 1156 1778 et
1171 1746 1397 1785 Batte1.jubet
1411 1755 1459 1777 me
1467 1755 1481 1783 ‚·
1497 1750 1533 1777 et
1546 1745 1597 1776 sic
1613 1744 1702 1776 solet

251 1783 417 1816 Horatius
431 1795 441 1824 ς
465 1790 502 1817 ut
517 1784 579 1818 inf.
594 1795 708 1819 xxxv.
724 1790 779 1820 21.
794 1794 852 1830 seq

856 1797 888 1830 q.
933 1788 1065 1820 Semele
1082 1788 1237 1820 Lambin.
1260 1789 1365 1829 Cruq.
1383 1788 1542 1820 Torrent.
1566 1787 1701 1819 Barter.

249 1831 286 1858 et
302 1827 346 1859 al.
361 1833 447 1860 vett.
462 1837 539 1861 cum
552 1828 689 1861 Wakef.
735 1830 870 1863 Semeles
884 1830 1027 1863 Mediol.
1045 1830 1187 1863 Venett.
1206 1832 1300 1864 Flor.
1316 1831 1438 1863 Heius.
1450 1829 1571 1871 Steph.
1584 1828 1702 1861 Bentl.

916 1910 950 1943 N
954 1909 1057 1943 01⁸AE

293 1969 445 2002 Mettum
468 1976 523 2002 est
544 1972 635 2003 idem
653 1974 744 2014 quod
761 1983 867 2014 supra
880 1974 950 2006 Od.

245 2029 310 2053 ιιι.

294 2072 311 2101 l
336 2070 445 2102 Mater
453 2081 538 2102 soeva
553 2071 761 2112 Cupidinum]
782 2073 862 2105 Tria
872 2077 951 2105 sunt

245 2122 418 2153 incentiva
440 2121 591 2153 libidinis
620 2123 808 2163 praecipua,
836 2125 950 2156 humo-

249 2182 324 2204 rum
338 2173 442 2204 crasis
457 2177 492 2204 et
500 2173 703 2214 temperies,
715 2173 949 2215 vinum,fami·

246 2218 381 2255 liaritas
405 2226 441 2254 et
461 2223 665 2255 comessatio
691 2233 771 2256 cum
799 2224 948 2256 mulieri-

246 2272 326 2305 bus.
368 2272 434 2304 His
446 2282 482 2304 se
496 2274 624 2305 revolvi
639 2274 674 2305 in
691 2273 848 2315 abjectos
859 2283 950 2307 amo·

246 2330 302 2355 res
338 2327 444 2364 atque
481 2323 592 2364 abripi
620 2323 741 2355 scribit
773 2324 949 2365 Horatios,

245 2372 256 2390 ‘
270 2372 430 2412 Venere,’
454 2374 466 2391 ‘
478 2372 642 2414 Baccho,'
664 2374 811 2407 ‘lasciva
830 2375 950 2407 Licen-

247 2422 318 2454 tia!
361 2423 523 2455 Ceterum
539 2423 724 2455 versiculus
735 2423 801 2455 iste
814 2434 882 2456 non
898 2429 949 2457 te-

246 2481 341 2505 mere
368 2475 529 2515 scriptus,
559 2473 617 2514 qui
646 2482 776 2505 rursum
803 2473 950 2506 habetur

246 2531 298 2554 lv.
312 2522 382 2554 Od.
394 2526 424 2554 l.
457 2523 612 2563 Singulas
621 2531 705 2564 ergo
718 2523 854 2555 voculas
865 2533 950 2565 pou-

246 2571 418 2603 deremus.
463 2573 573 2604 Mater
586 2573 685 2614 soeca]
708 2573 837 2605 venus.
860 2574 948 2606 Nam

247 2622 257 2638 ‘
271 2621 423 2662 quisquis
438 2632 568 2654 amores
586 2622 656 2654 Aut
672 2627 801 2654 metuet
817 2622 948 2663 dulces,

247 2675 308 2702 aut
329 2672 527 2711 experietur
554 2671 710 2704 amaros.'
754 2671 880 2714 virgil.
904 2673 949 2705 E-

198 2734 201 2737 ·
248 2721 336 2762 clog.
354 2729 412 2752 ιιι.
430 2724 503 2753 11⁰.
521 2727 556 2753 et
570 2723 688 2764 Eclog.
700 2731 781 2755 νιιι.
797 2723 949 2757 4⁷38oe-

248 2780 309 2803 vus
335 2780 430 2804 amor
452 2771 591 2810 docuit:
613 2774 679 2806 διο.
701 2774 710 2790 ‘
725 2783 810 2815 puer
825 2773 948 2815 impro-

1003 1975 1067 2006 bus
1078 1974 1161 2007 illel
1207 1975 1303 2006 Beue
1320 1974 1511 2014 Anacreon,
1523 1971 1593 2006 Od.
1603 1980 1704 2005 nvi.

1006 2027 1036 2056 1.
1053 2024 1202 2056 Χαλεπὸν
1222 2025 1261 2056 τὸ
1281 2025 1325 2064 μὴ
1341 2025 1484 2065 φιλῆσαι,
1499 2022 1649 2056 Χαλεπὸν
1668 2021 1702 2055 δὲ

1003 2074 1055 2105 καὶ
1084 2074 1230 2113 φιλῆσαι·
1259 2075 1488 2115 xant-{npetu
1515 2073 1550 2105 δὲ
1576 2071 1702 2104 πάντων

1001 2122 1251 2163 Ἀπτνγχάνειν
1282 2123 1446 2163 φιλοῦντα.
1491 2123 1618 2154 Durum
1653 2126 1702 2154 ent

1003 2183 1065 2216 m
1093 2183 1210 2212 amare,
1240 2173 1365 2204 Durum
1386 2174 1438 2203 est
1458 2171 1554 2203 etiem
1573 2181 1701 2209 amam

1004 2216 1216 2254 Durissimum
1226 2231 1300 2254 vero
1314 2226 1361 2254 est
1374 2220 1528 2260 Noe-sm·
1535 2231 1571 2253 re
1582 2225 1701 2254 aad«.

1047 2273 1251 2314 Cupidinum]
1281 2272 1360 2303 Non
1389 2280 1455 2303 una
1477 2272 1608 2310 Venus,
1637 2280 1700 2304 nec

1004 2332 1090 2354 unus
1126 2322 1263 2364 Cupido
1293 2321 1369 2356 fuit.
1414 2323 1510 2354 Duas
1545 2323 1699 2354 Veneres

1003 2381 1078 2404 esse
1101 2373 1150 2404 ait
1173 2372 1274 2404 Plato
1300 2372 1334 2403 in
1361 2371 1698 2408 Convivio,alteram

1002 2428 1164 2462 veterem,
1178 2422 1350 2463 juniorem
1365 2422 1516 2453 alteram.
1560 2421 1610 2452 At
1624 2420 1698 2453 Cic.

1003 2481 1062 2505 ιιι.
1077 2473 1118 2504 de
1137 2473 1217 2504 Nat.
1231 2473 1337 2504 Deor.
1353 2481 1384 2503 n.
1399 2473 1454 2503 58.
1477 2473 1488 2490 ‘
1501 2471 1616 2502 Venus
1630 2470 1700 2511 pri-

1001 2522 1080 2564 ma,'
1096 2522 1221 2563 iuquit,
1242 2524 1253 2540 ‘
1267 2522 1362 2553 Coelo
1385 2526 1422 2552 et
1444 2521 1513 2552 Die
1529 2525 1620 2556 nata,
1639 2530 1699 2552 cu-

997 2572 1056 2613 jus
1070 2572 1169 2604 Elide
1185 2571 1364 2603 delubrum
1380 2570 1544 2601 videmus.
1576 2569 1700 2602 Altera

1000 2631 1119 2663 spuma
1134 2625 1314 2662 procreata
1326 2641 1334 2651 .
1349 2641 1357 2650 .
1367 2642 1376 2651 .
1391 2618 1513 2650 Tertia
1529 2618 1619 2652 Jove
1638 2627 1700 2650 na-

1000 2677 1038 2704 ta
1064 2677 1102 2703 et
1129 2672 1255 2702 Dione.
1300 2671 1432 2703 Quarta
1458 2670 1569 2710 Syria,
1598 2679 1699 2712 quan

1003 2721 1150 2753 Adonidi
1173 2719 1329 2761 nupsisse
1351 2718 1515 2751 traditum
1531 2718 1608 2750 est?
1644 2719 1698 2751 Et

1002 2781 1094 2804 num.
1117 2773 1170 2802 60.
1194 2769 1349 2812 ‘Cupido
1372 2769 1501 2811 primus
1523 2768 1698 2802 Mercurio
