1916 3190
294 244 380 286 372
773 260 817 296 Q.
851 258 1063 289 HORATH
1099 258 1270 290 rnAcct

524 351 624 394 Non
645 353 886 394 verberatae
908 352 1120 406 grandine
1145 354 1286 396 vineae

525 419 795 473 Phndusque
816 420 1023 471 mendax,
1044 422 1197 463 arbore
1216 435 1327 464 nunc
1348 435 1486 477 aquas

577 486 810 541 Culpante,
832 500 946 530 nunc
967 489 1176 530 torrentia
1195 502 1324 543 agros

635 554 805 605 Sidera,
827 568 938 596 nunc
956 555 1134 610 hyemes
1160 556 1350 610 iniquas.

525 622 761 664 Contracta
781 623 932 676 pisces
953 636 1133 677 aequora
1153 624 1357 673 sentiunt,

1687 427 1743 468 30

292 761 429 800 attrito,
443 763 492 793 vel
505 772 582 802 ager
587 762 708 801 fallax,
722 761 884 793 arboribus
899 763 987 793 modo
999 762 1123 803 pluvias
1140 763 1368 802 accusantibus,
1387 764 1475 794 modo
1497 762 1742 795 constellationes

291 814 367 835 arva
380 808 554 846 exurentes,
567 806 655 836 modo
663 804 802 845 frigoris
814 804 980 837 saevitium.
1024 804 1132 845 Aquas
1146 805 1275 836 molibus
1289 805 1322 836 in
1338 815 1422 837 mare
1440 806 1585 845 profic-tis
1603 807 1742 837 coarcta-

895 911 1134 924 OOONO-‘MO

290 984 435 1025 Cuuiug.
463 985 556 1024 conj.
575 985 716 1017 animata
734 986 943 1026 Tempe.——29
966 987 1035 1018 Nec
1050 988 1221 1018 verberatoe
1237 996 1319 1018 unus
1334 987 1631 1020 Bersmanni.—30
1654 988 1741 1020 Fun-

289 1028 384 1058 dusve
402 1027 493 1067 Lips.
509 1030 540 1058 4.
556 1031 591 1058 et
605 1027 653 1059 sic
669 1027 816 1068 Cuning.
831 1028 951 1060 Jones.
971 1029 1097 1061 Snuad.
1113 1029 1206 1068 Jani,
1221 1029 1362 1070 Bipont.
1378 1030 1519 1061 Mitsch.
1542 1034 1578 1061 et
1592 1031 1740 1063 Wetzel.

289 1069 378 1100 Vide
396 1069 482 1100 infra
511 1069 554 1100 nd
579 1079 627 1100 vs·
643 1072 697 1101 44.
724 1075 761 1101 et
785 1079 888 1111 supra
914 1070 957 1102 ad
983 1081 1033 1103 vs.
1054 1074 1108 1103 23.
1156 1072 1343 1112 fundusque
1359 1071 1457 1103 Harl.
1475 1075 1505 1103 1.
1518 1074 1551 1103 2.
1567 1074 1600 1102 3.
1616 1074 1648 1103 4.
1661 1076 1694 1104 5.
1707 1075 1741 1105 6.

289 1112 398 1142 ceteri
416 1111 517 1142 codd.
536 1115 572 1142 et
588 1111 666 1142 edd.
688 1117 774 1144 vett.
790 1122 867 1144 cum
885 1112 995 1146 Bond.
1018 1114 1194 1146 Schrevel.
1211 1113 1333 1155 Delph.
1350 1114 1466 1145 Bentl.
1483 1114 1583 1145 Baxt.
1595 1114 1741 1148 Gesner.

296 1153 404 1186 Zeun.
421 1152 560 1186 Wakef.
575 1159 611 1186 et
627 1154 821 1186 Kidd.——3l
847 1156 990 1188 Gesner.
1007 1156 1098 1198 conj.
1113 1166 1205 1197 agro,
1219 1162 1357 1198 putans,
1379 1166 1395 1187 ο
1419 1156 1602 1189 adhaesisse
1624 1167 1643 1188 e
1666 1166 1739 1200 seq.

946 1248 1086 1283 NOTAE

288 1337 344 1378 gil.
374 1336 501 1376 Georg.
532 1344 556 1367 1.
582 1338 659 1367 204.
690 1336 699 1353 ‘
717 1335 896 1367 Praeterea
919 1341 985 1368 tam
1041 1337 1080 1369 iti
1102 1339 1274 1379 perimunt
1299 1337 1435 1377 imbres,
1452 1337 1642 1379 gelidaeque
1659 1346 1740 1379 prn-

287 1390 366 1417 sunt
382 1385 522 1416 Arcturi
537 1384 651 1416 sidera
671 1385 768 1416 nobis
784 1386 987 1417 Haedorum·

287 1445 354 1477 que
369 1435 443 1466 dies
460 1433 645 1471 se1·vandi‚’
661 1436 725 1465 ὅτε.

330 1488 372 1517 30
394 1485 581 1525 Fundusque
593 1483 742 1525 mendax]
756 1484 848 1525 Ager
860 1484 987 1516 infruc-

286 1539 415 1571 tuosus,
430 1544 594 1576 spemque
610 1538 646 1565 et
661 1534 812 1566 laborem
828 1535 986 1575 agricolae

286 1586 489 1623 destituens,
511 1587 521 1601 ‘
534 1594 629 1624 spem
647 1585 794 1616 mentita
809 1585 926 1624 seges,’
949 1590 987 1617 ut

285 1635 335 1666 ait
353 1635 463 1675 Epist.
485 1634 528 1666 ad
546 1635 692 1666 Maecen.
736 1635 922 1666 Petronius
938 1636 987 1667 ait

286 1686 454 1724 similiter,
490 1685 500 1703 ‘
526 1683 648 1716 fundos
691 1683 895 1717 mendaces-¹
939 1686 986 1717 Et

285 1736 412 1769 Psalm.
431 1743 553 1766 xxxu.
569 1733 699 1765 ‘fallax
715 1743 822 1776 equus
838 1735 879 1766 ad
896 1736 984 1766 salu-

285 1784 378 1818 tem.’

327 1837 449 1869 Arbore
483 1835 562 1868 nun'c
588 1845 684 1876 aquas
717 1835 881 1877 culpante,
909 1836 981 1878 θεὴ]

285 1887 418 1919 Arbore
431 1887 647 1919 sterilitatem
663 1896 756 1917 suam
771 1887 865 1918 velut
881 1891 983 1917 excu-

285 1943 396 1976 sante,
412 1942 480 1969 tres
497 1938 568 1978 ejus
583 1936 747 1968 afferente
759 1946 891 1977 causas,
905 1937 983 1969 viti-

286 1996 410 2027 umque
428 1985 630 2017 refundente
647 1987 700 2017 vel
714 1987 746 2017 in
761 1996 866 2027 aquas
878 1993 911 2018 et
924 1986 985 2018 im-

285 2036 362 2067 bres
378 2036 510 2074 nimios,
524 2036 645 2077 quibus
659 2036 868 2077 putrefactio
883 2047 985 2077 geue·

285 2089 403 2124 ratur3
429 2085 482 2115 vel
502 2086 534 2115 in
553 2085 721 2116 torrentia
737 2095 835 2125 agros
857 2086 985 2127 sidera,

285 2140 389 2168 aestus
414 2135 572 2166 nimirum
587 2139 622 2166 et
638 2136 767 2167 calores
783 2136 984 2168 immodera-

285 2192 352 2227 tos,
379 2186 436 2228 qui
459 2195 596 2217 succum
624 2190 661 2217 et
683 2186 855 2216 humorem
883 2187 983 2218 absu-

284 2240 382 2269 munt
413 2244 566 2266 omnem:
596 2234 689 2275 atqui
715 2243 768 2265 ex.
787 2235 923 2266 humido
946 2241 982 2267 et

285 2286 397 2319 calido
421 2284 658 2326 atteuiperatis
686 2283 836 2315 fructum
859 2294 898 2315 ae
920 2283 981 2315 foe-

286 2341 356 2367 tum
373 2334 559 2376 quemlibet
573 2343 670 2365 suum
686 2338 810 2365 natura
824 2334 981 2374 producit

284 2392 321 2418 et
336 2389 514 2426 procreat:
532 2384 585 2414 vel
601 2383 635 2414 in
651 2381 872 2423 asperitatem
888 2383 981 2415 deui-

284 2444 350 2477 que
367 2434 495 2476 hyemis
505 2438 541 2464 et
552 2432 768 2464 immodicum
785 2434 876 2474 gelu,
891 2434 980 2474 quod

286 2485 386 2516 nimis
402 2484 577 2524 astringit,
593 2483 710 2523 fruges
732 2482 859 2523 adurit,
881 2483 980 2515 arbo-

284 2545 407 2576 resque
437 2539 572 2572 enecat,
602 2533 680 2564 dum
707 2533 886 2574 vegetandi
913 2534 979 2566 vim

286 2596 426 2626 prorsus
455 2583 636 2624 extinguit.
681 2584 821 2615 Lucret.
847 2592 883 2615 v.
904 2586 978 2615 214.

283 2637 292 2652 ‘
309 2636 351 2666 Et
366 2641 479 2666 tamen
497 2633 668 2666 interdum
693 2643 814 2674 magno
837 2634 981 2674 quaesita

286 2685 415 2724 labore,
430 2685 596 2725 Cumjam
612 2693 671 2725 pei·
685 2690 792 2715 terras
809 2683 982 2724 frondent,

262 2762 273 2770 Ι
285 2739 388 2774 atque
414 2735 525 2766 omnia
539 2733 675 2773 florent,
692 2734 761 2765 Aut
785 2734 896 2766 nimiis
913 2741 981 2766 tor-

287 2790 340 2815 ret
354 2784 544 2815 t'ervoribus
555 2783 725 2816 AEtherius
740 2784 811 2825 Sol,
825 2785 892 2816 Aut
904 2785 980 2816 sub-

1041 1387 1131 1418 mae!

1083 1439 1124 1468 33
1151 1438 1321 1468 Contracta
1334 1438 1437 1477 pisces
1448 1445 1573 1476 equora
1586 1435 1736 1476 sentiunt,

1037 1487 1107 1527 ξω]
1129 1486 1304 1517 Invehitur
1326 1486 1427 1517 modo
1449 1486 1483 1516 in
1505 1486 1641 1516 insanas
1658 1485 1738 1516 sub-

1037 1537 1258 1576 structiones,
1270 1537 1372 1577 inque
1389 1536 1527 1567 stultam
1543 1534 1738 1566 aedificandi

1036 1586 1070 1617 in
1095 1587 1177 1618 mari
1205 1586 1392 1625 libidinem,
1408 1586 1456 1625 de,
1467 1585 1587 1627 quibus
1604 1585 1674 1625 jam
1694 1594 1736 1617 11.

1038 1635 1106 1667 Od.
1120 1639 1171 1667 15.
1185 1641 1219 1667 et
1237 1638 1288 1667 18.
1315 1635 1402 1667 Item
1417 1641 1539 1677 postea
1552 1634 1620 1667 Od.
1632 1643 1736 1668 xxrv.

1036 1685 1136 1726 hujus
1160 1685 1250 1716 libri.
1289 1684 1475 1716 Petronius
1497 1685 1532 1717 iu
1555 1684 1735 1724 Satyrico:

1038 1746 1116 1776 cap.
1145 1744 1229 1768 cxx.
1258 1734 1399 1775 ‘aspice
1439 1735 1511 1766 late
1548 1733 1735 1766 Luxuriam

1036 1787 1236 1828 spoliorum,
1265 1791 1301 1818 et
1327 1795 1466 1818 censum
1488 1785 1522 1817 in
1544 1784 1667 1817 dumne
1683 1784 1735 1817 fu-

1038 1843 1183 1870 rentem.
1237 1837 1421 1869 AEdificunt
1451 1846 1548 1875 auro,
1573 1835 1736 1878 sedesque

1038 1889 1080 1920 ad
1096 1889 1207 1920 sidera
1222 1887 1375 1920 mittunt.
1395 1887 1622 1928 Expelluntur
1637 1895 1735 1928 nquae

1037 1939 1148 1976 saxis3
1172 1947 1265 1969 mare
1289 1938 1439 1970 nascitur
1461 1936 1571 1976 arvis3
1593 1937 1639 1968 Et
1659 1944 1736 1978 per-

1036 1993 1166 2021 mutata
1182 1998 1293 2021 rerum
1310 1988 1457 2020 statione
1473 1987 1651 2019 rebellant.
1682 1987 1736 2018 En

1035 2039 1136 2070 etiam
1167 2047 1243 2069 mea
1271 2046 1374 2077 regna
1403 2041 1543 2078 petunt:
1582 2035 1736 2078 per-fiisse

1035 2087 1182 2119 dehiscit
1197 2086 1348 2119 Molibus
1364 2086 1490 2119 insanis
1507 2087 1621 2119 tenus.
1656 2086 1734 2119 Jam

1034 2136 1206 2167 montibus
1217 2136 1350 2168 haustis
1367 2136 1478 2168 Antra
1492 2134 1656 2177 gemunt-‚³
1670 2137 1734 2167 ὅτε.

1035 2186 1170 2217 Sallust.
1181 2187 1272 2217 Bell.
1284 2186 1420 2218 Catiliu.
1433 2195 1508 2226 cap.
1522 2194 1606 2218 xm.
1622 2185 1633 2202 ⁴
1645 2184 1732 2216 Nam

1033 2235 1114 2274 quid
1139 2244 1180 2266 ea
1209 2244 1404 2275 memorem,
1418 2244 1495 2276 quoe
1517 2234 1582 2266 nisi
1602 2233 1654 2264 his
1673 2232 1732 2274 qni

1036 2284 1166 2323 videre,
1194 2285 1318 2315 nemini
1348 2284 1527 2316 credibilia
1560 2283 1664 2315 sunt?
1699 2281 1732 2313 A

1036 2333 1176 2373 privatis
1193 2333 1424 2374 compluribus
1446 2333 1626 2364 subversos
1639 2340 1733 2363 mon-

1035 2387 1100 2421 tes,
1134 2382 1238 2413 maria
1273 2382 1464 2413 constrata’
1493 2382 1570 2423 (alii
1598 2382 1732 2423 legunt,

1034 2432 1238 2474 constructa),
1252 2435 1318 2464 &c.
1342 2434 1482 2464 Sueton.
1497 2433 1642 2474 Caligul.
1655 2443 1730 2474 cap.

1033 2486 1086 2515 37.
1125 2483 1189 2514 ‘In
1219 2482 1510 2513 exstructionibus
1545 2481 1731 2514 Praetorio-

1034 2543 1105 2565 rum
1132 2538 1236 2574 atque
1267 2532 1436 2571 villarum,
1465 2531 1556 2562 omni
1596 2532 1730 2564 ratione

1032 2582 1238 2624 posthabita,
1254 2582 1336 2612 nihil
1360 2586 1428 2612 tam
1452 2579 1586 2613 efficere
1607 2591 1730 2614 concu-

1034 2633 1202 2675 piscebat,
1220 2642 1318 2673 quam
1335 2631 1424 2672 quod
1450 2640 1548 2672 posse
1564 2630 1655 2663 effici
1670 2641 1729 2663 ne-

1035 2690 1183 2726 garetur.
1229 2685 1274 2715 Et
1293 2684 1399 2724 jactae
1422 2683 1538 2724 itaque
1561 2683 1666 2714 moles
1681 2683 1729 2713 in-

1035 2733 1119 2765 festo
1135 2744 1174 2766 ac
1191 2732 1358 2774 profundo
1371 2732 1471 2764 inari:
1490 2732 1613 2767 excisae
1626 2739 1727 2771 rupes

1035 2786 1203 2817 durissimi
1227 2785 1348 2816 silicis:
1374 2789 1411 2816 et
1424 2783 1536 2825 campi
1557 2781 1727 2814 montibus
