1916 3190
243 221 331 263 490

714 238 765 276 Q.
798 237 1006 269 HORA'ru
1041 237 1216 269 rucei

786 416 917 458 ODE
976 411 1149 460 XXII.

818 537 872 568 IN
907 537 1029 570 DIAN
1040 539 1125 571 AM.

247 609 467 651 Epigramma
488 613 520 645 in
542 614 666 646 Pinum
687 615 794 655 juxta
817 615 930 648 villam
955 624 1048 647 suam
1071 619 1217 648 stantem
1239 618 1276 647 et
1302 625 1324 647 a
1344 624 1381 647 se
1406 614 1529 647 Dianae
1554 611 1690 643 dedica-

276 668 371 695 tam·
414 665 524 706 (Quid
537 666 592 699 hic
605 667 648 699 ad
664 667 855 700 Saeculares
877 667 992 700 Ludos
1016 667 1139 701 referri
1162 668 1271 710 possit
1295 668 1395 710 plane
1416 676 1481 699 non
1502 662 1692 698 comminiu-

289 724 359 748 cor.
379 716 496 759 Gesn.)

471 781 722 826 MON'mUM
743 787 894 826 custos
914 796 1246 838 nemorumque,
1265 783 1417 837 Virgo,

475 848 595 900 Quae
610 850 858 904 laborantes
876 855 1007 891 utero
1026 850 1197 905 puellas

470 915 557 957 Ter
576 920 733 958 vocata
755 915 898 965 audis,
918 915 1167 968 adimisque
1187 916 1295 964 leto,

876 981 997 1022 Diva
1011 979 1218 1021 triformis
1237 993 1248 1031 ;

292 1085 322 1115 Ο
344 1085 442 1124 Virgo
466 1092 580 1123 praeses
594 1083 744 1114 montium
757 1086 788 1114 et
812 1083 982 1124 sylvarum,
1005 1082 1075 1113 Dea
1089 1081 1204 1120 formoe
1229 1081 1376 1122 triplici-³,
1395 1083 1535 1122 quater
1556 1079 1701 1111 invocato.

245 1126 386 1158 mbuenis
401 1125 579 1158 mulieribus
589 1125 849 1166 parturientibus,
871 1128 903 1156 et
923 1133 974 1156 eas
988 1125 1081 1156 morti
1095 1123 1214 1165 σφὰς
1235 1124 1280 1155 sit
1303 1124 1360 1155 tibi
1381 1132 1469 1155 sacra
1489 1123 1581 1163 pinus
1594 1121 1699 1161 sunnio

862 1220 1100 1234 OOOWNNO

290 1286 368 1319 Ode
392 1286 524 1318 decima
546 1289 646 1317 sexta
674 1285 767 1317 Libri
794 1285 895 1326 primi
918 1285 952 1315 in
979 1284 1174 1316 recensione
1200 1282 1383 1314 Sanadoni.
1428 1280 1516 1313 Edd.
1534 1284 1618 1312 vett.
1642 1280 1699 1311 In-

248 1328 470 1369 scriptionem
497 1327 672 1366 exhibent,
696 1327 814 1359 Diana>
828 1328 927 1369 officia
940 1327 1085 1358 celebrat.
1129 1326 1169 1357 In
1195 1326 1257 1356 bac
1282 1324 1360 1356 Ode
1375 1323 1478 1355 codd.
1494 1323 1539 1355 nil
1555 1322 1700 1361 variant,

247 1371 311 1400 nisi
327 1371 417 1410 quod
435 1371 527 1411 Lips.
543 1373 575 1402 1.
601 1379 619 1400 a
635 1379 681 1401 m.
701 1379 770 1401 sec.
788 1370 947 1401 exhibeat
963 1379 1012 1400 vs.
1026 1371 1059 1399 3.
1078 1370 1175 1400 lotum
1189 1376 1251 1407 pro
1265 1367 1326 1398 leto
1337 1376 1350 1403 ‚⁴
1372 1371 1409 1398 et
1425 1365 1486 1403 sic,
1500 1369 1539 1397 ut
1554 1364 1702 1403 videtur,

247 1412 386 1451 legebat
400 1418 498 1443 vetus
514 1413 774 1443 commentator
795 1421 852 1452 ap.
876 1412 981 1452 Cruq.
1000 1414 1095 1442 notat
1111 1410 1200 1441 enim
1213 1419 1224 1439 ε
1249 1409 1259 1426 ‘
1273 1407 1455 1448 adimisque,
1471 1407 1593 1448 supple
1614 1407 1624 1422 ‘
1640 1415 1700 1446 pu-

247 1453 348 1485 ellis!
359 1452 368 1467 ’

893 1501 1032 1535 NOTAE

289 1566 441 1598 Mettum
459 1566 549 1598 idem
565 1566 656 1608 quod
673 1575 777 1606 supra
792 1574 817 1597 r.
832 1564 903 1597 Od.
915 1568 946 1597 2.

291 1618 308 1646 l
332 1615 492 1647 Montium
519 1618 633 1655 custos,
660 1613 732 1655 εμπ]
769 1613 949 1654 Venatrix‚

248 1665 359 1696 incola
373 1665 557 1705 sylvarum.
603 1663 705 1695 Adde
721 1662 813 1705 quod
824 1662 950 1703 bei-bis,

248 1714 389 1754 plantis,
404 1713 582 1746 arboribus
597 1713 784 1756 vegetandi
807 1714 873 1744 vim
890 1713 950 1743 im-

249 1765 399 1804 pertitur
414 1765 523 1796 Luna.

290 1817 312 1845 2
337 1814 416 1850 Quo:
431 1814 607 1846 laborantes
619 1817 717 1850 utero,
732 1813 805 1854 εἶα]
826 1813 953 1844 Partu-

250 1863 379 1894 rientee
400 1863 502 1904 juvas
526 1863 568 1894 ad
595 1862 761 1895 infantem
783 1862 953 1896 edendum

248 1913 284 1943 in
322 1914 433 1945 lucem
448 1924 456 1944 ε
492 1923 568 1955 qnae
599 1918 636 1945 et
673 1914 776 1945 matri
811 1913 953 1946 fratrem

249 1961 445 2003 Apollinem
459 1963 663 2003 parturienti
674 1962 775 2004 opem
787 1967 823 1995 et
832 1972 952 1995 munus

250 2011 447 2043 obstetricis
463 2012 659 2045 exhibuisti.
702 2013 800 2044 Luna
821 2012 966 2052 scilicet⁵

250 2068 352 2100 poros
369 2065 405 2091 et
430 2066 561 2093 meatus
577 2063 729 2103 corporis
744 2061 949 2103 tempestive

251 2109 409 2140 relaxans
425 2109 485 2140 dat
498 2109 702 2142 facilitatem
721 2111 836 2152 partui
848 2115 883 2142 et
898 2119 949 2142 sa-

250 2157 461 2189 lubritatem.
506 2158 579 2190 Cic.
598 2161 630 2189 2.
657 2158 700 2189 de
727 2159 810 2190 Nat.
841 2160 950 2191 Deor.

252 2209 262 2225 ‘
275 2206 472 2239 Adhibetur
494 2206 539 2238 ad
561 2209 680 2247 partus
699 2207 789 2246 quod
805 2207 828 2237 ii
843 2212 952 2238 matu-

251 2261 392 2289 rescunt
407 2262 465 2289 aut
480 2260 614 2297 neptem
627 2264 880 2298 nonnunquam,
893 2261 953 2286 aut

253 2312 291 2337 ut
308 2306 507 2347 plerumque
521 2313 644 2336 novem
661 2304 767 2336 Lunae
785 2303 955 2343 cursibus,

254 2356 311 2397 qui
348 2354 428 2396 quia
461 2362 580 2385 mensa
613 2352 726 2393 spatia
753 2351 952 2391 conficiunt,

254 2414 388 2436 menses
412 2401 603 2435 vocantur!
648 2401 744 2433 Idem
767 2399 843 2433 fere
865 2401 954 2432 Var-

255 2464 294 2485 ro
310 2454 353 2485 de
370 2454 468 2494 Ling.
492 2453 571 2484 Lat.
591 2450 650 2483 lib.
669 2460 721 2482 1v.
746 2450 805 2483 ubi
834 2450 845 2467 ‘
859 2451 956 2482 Luna

255 2503 468 2535 nascentium
495 2501 565 2532 dux
581 2524 590 2533 .
607 2523 616 2532 .
633 2523 643 2533 .
659 2524 668 2533 .
684 2500 859 2541 parientes
881 2509 955 2531 eam

256 2552 440 2585 invocant!
478 2550 622 2582 Diodor.
660 2550 768 2582 Sicul.
804 2549 865 2580 lib.
903 2557 956 2580 vr.

257 2602 434 2633 Plutarch.
463 2600 621 2642 Sympos.
647 2607 705 2630 ιιι.
735 2599 908 2630 Problem.
931 2606 957 2629 ι.

261 2652 327 2682 &c.

301 2701 321 2732 8
349 2698 408 2730 Ter
433 2698 556 2738 vocata]
586 2696 770 2729 Ter-narius
797 2705 958 2729 numerus

261 2747 424 2789 religione
451 2751 683 2779 consecratus.
709 2756 733 2780 1.
750 2747 818 2779 Od.
836 2749 889 2779 28.
904 2750 957 2779 36.

1042 1563 1160 1605 Audis,
1166 1563 1339 1603 adimisque
1349 1562 1424 1604 leto]
1453 1561 1597 1594 Terent.
1611 1559 1702 1592 And.

1002 1621 1061 1645 ιιι.
1082 1615 1114 1644 1.
1133 1615 1189 1644 15.
1211 1611 1327 1644 ‘Juno
1353 1612 1482 1644 Lucina
1503 1610 1555 1642 fer
1577 1619 1704 1651 opem;

1003 1673 1100 1696 serva
1132 1672 1187 1695 me
1215 1660 1381 1694 obsecro?
1435 1661 1561 1695 Coton.
1589 1661 1703 1694 carm.

1004 1722 1130 1746 xxxix.
1160 1715 1212 1744 1³.
1250 1704 1261 1730 ²
1278 1712 1330 1743 Tu
1356 1710 1485 1743 Lucina
1509 1710 1705 1743 dolentibus

1001 1764 1023 1796 J
1027 1772 1095 1796 uno
1121 1762 1216 1794 dicta
1239 1759 1445 1804 puerperis?
1488 1759 1597 1793 Ovid..
1608 1759 1706 1793 Fut.

1003 1823 1045 1846 ιι.
1061 1816 1137 1846 451.
1159 1815 1169 1831 ⁴
1187 1812 1300 1845 Parce
1316 1819 1438 1852 precor
1454 1809 1605 1852 gravidis
1622 1807 1707 1842 faci-

1002 1864 1044 1895 lis
1060 1862 1187 1896 Lucina
1203 1861 1336 1903 puellis,
1345 1860 1589 1900 Mami-umque
1605 1862 1706 1891 utero

1003 1913 1153 1946 molliter.
1167 1910 1265 1943 aufer
1288 1909 1397 1942 onus.'
1439 1907 1583 1950 Dionys,
1607 1906 1706 1939 Hali-

1005 1971 1159 1995 carnass.
1175 1960 1234 1993 lib.
1249 1969 1288 1992 v-
1302 1960 1337 1991 in
1353 1957 1464 1990 aedem
1478 1957 1501 1990 J
1505 1956 1623 1990 ononi·
1640 1956 1707 1987 Lu»

1004 2012 1093 2044 cinae
1117 2018 1240 2043 recens
1262 2013 1428 2040 natorum,
1444 2005 1623 2038 infantium
1646 2014 1706 2036 no-

1002 2062 1095 2093 mina
1109 2063 1320 2100 :etatemque
1336 2055 1461 2089 referri
1480 2055 1582 2087 solita
1604 2059 1708 2086 testa·

1003 2118 1072 2144 tur.
1116 2110 1189 2143 Cic.
1205 2107 1288 2140 ante
1299 2108 1360 2140 cit.
1377 2112 1387 2125 ⁶
1400 2106 1451 2138 Ut
1460 2103 1551 2148 apud
1563 2104 1707 2136 Graecos

1004 2160 1150 2191 Dianam
1166 2165 1310 2199 eamque
1325 2155 1534 2202 Luciferam,
1549 2154 1600 2185 sic
1615 2152 1706 2195 apud

1005 2213 1139 2241 nostros
1153 2208 1175 2242 J
1179 2216 1325 2240 unonem
1340 2205 1504 2238 Lucinam
1522 2204 1557 2238 in
1573 2203 1707 2245 petien-

1006 2258 1051 2288 do
1080 2257 1263 2289 invocant?
1309 2258 1377 2294 Ne,
1411 2256 1552 2293 Lector,
1584 2254 1708 2285 mirere

1007 2306 1096 2345 quod
1119 2306 1300 2336 videantur
1322 2303 1487 2336 confundi
1506 2302 1653 2336 Junonis
1667 2309 1707 2332 ac

1006 2354 1130 2386 Dianae
1147 2354 1274 2384 munia,
1320 2353 1408 2384 Nam
1423 2353 1520 2384 Deos
1531 2360 1648 2383 omnes
1664 2349 1708 2381 ad

1006 2403 1134 2439 Solem,
1147 2402 1242 2433 Deas
1260 2400 1302 2431 ad
1321 2401 1451 2431 Lunam
1464 2398 1600 2439 referri,
1612 2407 1708 2439 egre-

1009 2451 1064 2492 gie
1079 2451 1182 2482 docet
1196 2448 1354 2481 Macrob.
1369 2448 1542 2480 Satur-nal.
1561 2457 1588 2480 1.
1604 2451 1656 2480 17.
1672 2452 1709 2480 et

1010 2510 1084 2542 seq.

1049 2552 1071 2581 4
1093 2548 1181 2580 Diva
1195 2545 1364 2586 triformis]
1378 2546 1518 2587 Triplex
1534 2547 1630 2587 quasi
1647 2556 1708 2579 nu-

1008 2609 1086 2631 men
1099 2598 1247 2629 habens:
1272 2597 1367 2628 Luna
1382 2596 1415 2626 in
1432 2595 1532 2634 coelo,
1542 2596 1657 2628 Diana
1671 2598 1706 2628 in

1010 2647 1125 2683 terris,
1139 2641 1349 2685 Proserpina
1365 2655 1381 2676 a
1387 2644 1456 2686 pud
1470 2644 1617 2677 Inferos.
1633 2646 1709 2677 Vir-

1010 2697 1070 2739 gil.
1098 2695 1233 2727 AEneid.
1259 2703 1310 2726 lv.
1334 2697 1373 2724 51
1384 2696 1409 2726 Ι.
1438 2694 1712 2735 ‘Tergeminam-

1013 2755 1078 2788 que
1092 2745 1260 2785 Hecaten,
1272 2743 1337 2776 tria
1349 2742 1489 2783 virginis
1497 2753 1558 2776 ora
1568 2744 1712 2776 Dianae!
