1916 3190
250 202 337 244 220

730 215 774 251 Q.
807 214 1016 244 nonA'rii
1054 215 1228 246 rucei

422 306 629 348 Praesens
649 308 721 348 vel
741 308 830 348 imo
852 308 1003 350 tollere
1020 309 1079 350 de
1100 310 1239 362 gradu

476 372 668 415 Mortale
688 387 863 428 corpus,
879 375 952 416 vel
974 377 1194 430 superbos

535 439 721 483 Vertere
742 441 966 484 funeribus
986 444 1250 498 triumphos:

420 507 486 548 Te
506 520 679 562 pauper
699 510 837 551 ambit
855 511 1032 553 solicita
1052 524 1186 566 prece
1348 516 1354 522 ’·
1675 513 1705 553 5

423 574 558 616 Ruris
578 575 786 629 colonus;
806 582 850 618 te
871 577 1092 620 dominam
1115 578 1322 633 aequoris,

477 641 758 696 Quicumque
780 643 973 699 Bithyna
992 645 1178 686 lacessit

532 707 821 763 Carpathium
842 712 1027 764 pelagus
1049 713 1213 754 carina.

247 821 311 854 loco
333 822 466 862 erigere,
486 805 542 854 aut
564 825 747 861 arrogantes
767 820 916 852 victorias
936 823 1058 852 mutare
1071 820 1106 851 in
1120 821 1241 853 clades.-
1265 821 1325 852 tibi
1339 821 1419 852 votis
1430 820 1539 852 anxiis
1549 819 1703 860 supplicat

248 864 337 907 inops
361 866 521 906 agricola.-
545 869 575 896 te
597 864 694 896 maris
715 866 874 905 potentem
898 866 968 894 orat
992 863 1134 903 quisquis
1154 873 1240 895 mare
1264 864 1468 905 Carpathium
1481 862 1607 903 fatigat
1630 863 1704 893 navi

852 946 971 958 eeeeee

974 946 1092 959 eeeeee

247 1012 302 1044 Ad
315 1012 503 1061 fortunam,
518 1022 586 1052 quoe
602 1012 698 1044 Antii
712 1012 847 1061 colitur-j
877 1012 968 1060 Edfl.
983 1016 1068 1044 vett.
1082 1012 1134 1043 De
1149 1011 1300 1043 Forennoe
1313 1011 1532 1061 puteum—2
1556 1010 1704 1043 Mentel.

247 1056 296 1086 vel
310 1064 371 1085 :mo
382 1055 606 1087 κείουσα-5
632 1055 642 1072 ‘
656 1055 728 1085 Pro
745 1054 790 1086 Te
804 1055 859 1085 hie
875 1058 911 1085 et
927 1063 963 1085 in
978 1063 1077 1095 seqq.
1092 1063 1228 1094 semper
1243 1059 1339 1095 ponit
1356 1054 1460 1089 Quum
1481 1051 1539 1085 Jo.
1560 1052 1607 1084 du
1631 1051 1704 1084 Ha-

247 1098 328 1138 mel,
349 1101 389 1129 nt
411 1107 460 1129 vs.
484 1099 604 1129 1—28.
628 1106 729 1129 unam
752 1095 906 1129 efficiant
921 1096 1071 1139 phrasin.
1116 1097 1271 1130 Pessime
1285 1096 1309 1128 !'
1327 1096 1490 1129 Just—6
1513 1095 1557 1127 Te
1577 1095 1703 1127 donin

905 1180 1050 1214 NOTAE

244 1245 445 1278 Volscorum
479 1250 599 1288 capnt,
631 1246 781 1279 Neronis
818 1246 948 1288 patria,

245 1296 354 1327 classe
370 1300 510 1337 potens:
533 1307 610 1329 nam
626 1306 703 1329 cum
724 1295 947 1329 interdictum

244 1346 330 1378 mari
353 1351 446 1378 esset
461 1346 597 1379 Antiati
613 1347 739 1389 populo
754 1347 878 1387 saepius
895 1356 948 1377 re-

244 1395 340 1436 belli,
366 1397 376 1414 ‘
392 1396 508 1428 Naves
539 1396 732 1436 Antiatium
759 1396 885 1437 partim
911 1396 947 1427 in

243 1446 378 1477 navalia
400 1446 517 1478 Romae
539 1446 731 1486 subductae,
751 1446 877 1487 partim
897 1446 947 1477 in-

243 1503 370 1535 eensae,
394 1495 583 1537 rostrisque
608 1505 725 1527 earnm
749 1500 946 1537 suggestum

236 1545 279 1576 >in
295 1543 370 1576 foro
386 1549 599 1576 exstructum
615 1544 774 1577 adornari
794 1545 945 1586 placuit:

244 1595 438 1638 Rostraque
462 1595 497 1627 id
521 1596 686 1637 templum
710 1595 948 1637 appellatum!

244 1645 317 1676 Liv.
329 1655 409 1677 vm.
425 1648 478 1677 14.
500 1645 541 1677 In
554 1647 665 1678 tutela
679 1647 842 1678 Fortunae
856 1651 946 1687 erat,

244 1705 320 1736 quae
337 1696 384 1727 ibi
398 1696 556 1737 religiose
566 1696 756 1728 colebatur.
779 1696 857 1729 Quo
869 1706 947 1737 per-

243 1746 353 1778 tinere
367 1756 434 1778 non
451 1747 512 1777 abs
528 1755 565 1777 re
586 1746 746 1778 videatur
760 1745 853 1788 quod
872 1755 948 1778 nar-

243 1801 297 1828 rat
313 1796 430 1828 Livius
446 1805 499 1828 vr.
515 1799 547 1828 9.
565 1796 708 1828 Animus
719 1795 853 1828 Camilli
868 1797 878 1815 ‘
897 1796 949 1829 rei

242 1846 375 1886 majori,
387 1846 709 1886 Antio‚imminebat
718 1870 728 1880 .
741 1868 750 1878 .
760 1870 770 1880 .
779 1846 858 1878 .sed
868 1848 949 1888 quia

243 1895 308 1926 nisi
323 1904 446 1936 magno
469 1901 652 1937 apparatu,
669 1897 862 1936 tormentis,
876 1907 946 1929 ma-

243 1945 432 1986 chinisque,
447 1949 517 1976 tam
533 1945 648 1976 valida
670 1946 752 1977 urbs
776 1946 856 1986 capi
877 1956 946 1978 non

243 1999 399 2034 poterat3
416 1994 537 2025 relicto
547 1994 590 2025 ad
602 1994 793 2025 exercitum
800 1995 947 2035 collega,

243 2044 385 2076 Romam
408 2047 462 2074 est
477 2041 653 2083 profectus
668 2046 708 2074 ut
722 2043 885 2075 Senatum
901 2042 944 2074 ad

244 2093 473 2127 excidendum
488 2091 628 2124 Antium
641 2092 848 2124 hortaretur.
886 2091 944 2123 In-

242 2148 297 2177 ter
308 2152 496 2175 sermonem
509 2143 580 2183 ejus
592 2141 728 2184 (credo,
742 2151 814 2174 rem
823 2141 944 2174 Antia-

241 2198 312 2229 tem
321 2192 575 2226 diuturniorem
590 2200 742 2228 manere,
754 2191 833 2224 Diis
847 2190 947 2222 cordi

242 2242 368 2284 fuisse)
389 2242 497 2283 legati
527 2241 570 2274 ab
598 2241 736 2282 Nepete
759 2249 800 2271 ac
824 2239 944 2272 Sutrio

242 2293 404 2326 auxilinm
421 2292 582 2324 adversus
606 2292 771 2325 Etruscos
785 2295 943 2332 petentes

241 2343 394 2382 veniunt,
413 2342 554 2375 brevem
575 2341 790 2374 occasionem
805 2349 881 2373 esse
895 2339 943 2371 fe-

242 2391 340 2425 rendi
370 2392 489 2424 auxilii
517 2395 756 2424 memorantes.
801 2391 852 2423 Eo
877 2390 945 2423 vim

241 2442 375 2476 Camilli
385 2442 430 2474 ab
442 2441 548 2474 Antio
560 2442 714 2474 Fortuna
724 2439 947 2482 avertit‚'&c.

284 2497 305 2526 2
327 2494 476 2526 Praeem
499 2494 548 2525 vel
574 2493 636 2525 imo
654 2493 761 2525 tollere
782 2492 948 2534 degrada,

239 2545 311 2586 ilfa]
332 2547 464 2578 Potens
486 2549 524 2577 et
547 2547 670 2586 parata
690 2543 881 2585 derepente
903 2552 946 2575 ac

243 2595 358 2627 subito
381 2595 476 2626 ‘ima
504 2594 644 2626 summis
669 2598 817 2634 mutare,
841 2593 946 2635 insig-

242 2654 320 2677 nem
329 2648 521 2685 attenuare,
533 2645 682 2677 obscura
693 2653 863 2686 promere,
873 2644 944 2686 api-

241 2703 315 2726 cem
333 2693 413 2726 inde
426 2702 548 2735 rapere
564 2704 633 2727 non
649 2695 723 2727 sine
739 2695 888 2736 strepitu
901 2703 944 2727 ao

241 2743 391 2781 stridore
415 2748 531 2786 acuto,
555 2747 660 2787 atque
689 2744 763 2778 illio
787 2745 830 2779 ad
854 2744 943 2778 arbi·

1000 1246 1105 1280 trium
1133 1245 1295 1288 ponere:’
1318 1249 1357 1278 ut
1378 1249 1433 1277 est
1456 1244 1587 1277 in²0de
1602 1254 1704 1287 supe·

1001 1296 1095 1338 riori,
1103 1306 1203 1340 quem
1213 1297 1325 1328 locum
1332 1305 1410 1328 cum
1417 1295 1484 1328 isto
1492 1294 1624 1336 confer,
1632 1301 1704 1329 stu·

1001 1347 1096 1378 diose
1113 1348 1234 1379 lector.
1267 1346 1357 1378 Vide
1371 1350 1409 1378 et
1422 1345 1580 1378 Macrob.
1596 1354 1632 1377 v.
1648 1348 1701 1378 16.

1001 1396 1058 1428 ubi
1089 1397 1138 1428 sic
1169 1396 1293 1428 habet:
1333 1397 1344 1413 ‘
1360 1396 1544 1428 Fortunam
1573 1394 1703 1427 Home-

1001 1456 1058 1478 rus
1082 1446 1217 1478 nescire
1241 1446 1375 1486 maluit,
1401 1449 1438 1476 et
1457 1444 1520 1476 soli
1547 1444 1702 1484 decreto,

1001 1506 1101 1538 quam
1123 1497 1235 1538 μοῖραν
1258 1499 1398 1534 vocant,
1418 1493 1530 1526 omnia
1550 1492 1703 1534 regenda

999 1546 1204 1586 committit5
1231 1546 1319 1577 adeo
1345 1548 1384 1577 nt
1408 1544 1474 1575 hoc
1497 1543 1702 1575 vocabulum

997 1593 1084 1637 τύχη
1106 1597 1143 1628 'in
1166 1596 1261 1629 nulla
1282 1599 1380 1637 parte
1403 1593 1580 1626 Homerici
1602 1593 1698 1624 volu-

1000 1647 1100 1678 minis
1128 1647 1332 1678 nominetur.
1377 1646 1509 1678 Contra
1535 1644 1701 1685 Virgilius

999 1706 1068 1729 non
1097 1698 1206 1730 solum
1241 1697 1337 1729 novit
1365 1701 1404 1729 et
1436 1695 1604 1736 meminit,
1639 1694 1702 1727 sed

1000 1747 1285 1788 omnipotentiam
1295 1755 1430 1788 quoque
1439 1745 1550 1778 eidem
1563 1744 1701 1777 tribuit:

1001 1807 1101 1839 quam
1128 1801 1165 1829 et
1187 1796 1399 1837 Philosophi,
1421 1796 1480 1838 qui
1499 1804 1574 1827 eam
1597 1794 1705 1827 nomi-

1001 1850 1099 1887 nant,
1119 1846 1202 1879 nihil
1225 1856 1288 1878 suu
1309 1846 1344 1878 vi
1370 1854 1480 1887 posse,
1494 1845 1555 1877 sed
1569 1843 1702 1877 decreti

1002 1896 1076 1928 sive
1098 1896 1326 1937 providentiae
1339 1895 1531 1929 ministram
1551 1904 1627 1928 esse
1643 1904 1702 1927 vo-

999 1946 1160 1978 luerunt!

1041 1998 1061 2025 6
1089 1995 1132 2026 Te
1157 2005 1277 2036 pauper
1303 1995 1414 2034 ambit,
1440 1993 1512 2034 aaz]
1547 1993 1702 2037 Quisque

999 2048 1091 2074 tuam
1109 2053 1210 2084 opem
1226 2044 1388 2082 iuvocat3
1412 2048 1508 2075 tuum
1530 2043 1639 2076 ambit
1651 2042 1704 2076 fa-

1000 2101 1114 2124 vorem
1131 2093 1295 2133 agricola,
1310 2097 1425 2128 nauta,
1441 2098 1624 2133 mercator,
1639 2093 1702 2126 mi·

999 2142 1061 2182 les,
1084 2144 1150 2174 &c.
1195 2141 1287 2173 Vide
1314 2141 1606 2182 Pincianolymp.
1632 2142 1702 2174 Od-

999 2200 1069 2225 xn-
1085 2191 1154 2231 ubi,
1166 2190 1302 2232 Σώτειρα
1314 2189 1414 2230 Τύχα·
1436 2189 1492 2223 'riv
1501 2189 1564 2232 7²⁴⁹
1579 2190 1614 2222 ἐν
1624 2189 1701 2224 rav-

997 2252 1042 2280 τῳ
1061 2243 1265 2282 κυβερνῶντα
1286 2240 1353 2273 θοαὶ
1373 2241 1468 2280 Nan,
1483 2241 1517 2272 ἐν
1536 2238 1644 2282 χέρσῳ
1663 2252 1702 2274 τε

997 2289 1142 2331 λαιψηροὶ
1162 2290 1308 2330 πόλεμοι,
1333 2289 1474 2332 Κᾷγοραὶ
1495 2289 1703 2330 βουλαφόροι.

1000 2342 1030 2375 0
1042 2342 1205 2375 servatrix
1225 2342 1382 2381 Fortuna,
1394 2351 1414 2372 a
1429 2344 1461 2372 te
1478 2340 1514 2373 in
1534 2341 1616 2373 mari
1638 2351 1700 2381 gu-

997 2391 1167 2424 bernantur
1176 2392 1288 2424 celeres
1301 2400 1408 2431 naves,
1419 2391 1453 2423 in
1466 2394 1552 2423 terra
1566 2400 1636 2423 tero
1647 2401 1700 2423 ra-

994 2444 1071 2484 pida
1085 2443 1174 2484 bella,
1189 2446 1220 2475 et
1238 2442 1397 2475 οωιάοηεε
1413 2441 1578 2475 coa-ilium
1590 2442 1701 2481 seren-

999 2497 1057 2527 tes.

1041 2546 1062 2576 7
1085 2541 1245 2584 Bithyna]
1261 2542 1453 2583 Metonym.
1467 2552 1531 2584 pro
1545 2542 1701 2585 qualibet

998 2593 1063 2627 alia
1076 2594 1167 2627 navi.
1207 2594 1278 2628 Seu
1294 2592 1386 2634 quod
1400 2592 1539 2634 Bithyni
1551 2594 1602 2626 rei
1617 2603 1700 2629 ua·-

997 2644 1076 2677 uem
1105 2643 1317 2685 peritissimi,
1343 2643 1579 2685 ναντικότατοι,
1603 2643 1698 2686 apud

987 2694 1155 2730 'Eustatln
1185 2694 1220 2726 in
1248 2693 1391 2735 Dionys.
1421 2702 1483 2726 seu
1507 2694 1598 2736 quod
1627 2693 1698 2729 fre..

997 2753 1104 2787 quens
1126 2748 1205 2776 erat
1227 2742 1418 2785 negotiatio
1441 2743 1485 2777 aa
1505 2753 1582 2778 eain
1601 2743 1696 2780 Asin
