1916 3190
266 234 350 276 138
744 252 788 290 Q.
819 252 1027 284 noum-11
1063 255 1236 287 emec:

435 340 655 383 Iracunda
677 343 790 384 diem
813 345 1002 398 proferet
1022 347 1127 397 Ilio,

436 407 748 464 Matronisque
770 411 992 465 Phrygum
1012 412 1174 454 classis
1194 412 1409 455 Achillei:

434 475 544 518 Post
565 480 705 518 certas
725 477 906 531 hyemes
927 483 1024 521 uret
1043 479 1267 522 Achaicus

496 543 616 596 Ignis
638 543 804 587 Iliacas
825 546 997 588 domos.

1660 484 1717 526 35

261 660 396 710 ᾼσΙζίὶὶἰε
410 662 512 701 Trojae
530 662 731 704 Trojanisque
745 665 890 703 soeminis
906 665 1011 703 fatale
1029 669 1152 707 tempus
1177 653 1326 709 differet.-
1348 671 1383 699 at
1401 671 1471 709 post
1488 669 1607 708 aliquot
1621 676 1717 699 annos

261 711 348 742 zgms
363 705 545 737 Graecorum
558 705 707 744 Troianas
721 708 802 738 oedes
813 707 967 740 incendet.

845 801 962 814 ‘0000‘
966 802 1101 820 '‘OOC“

265 873 339 904 Non
354 873 420 904 hoec
433 874 591 914 pollicitus
605 873 677 905 Alt.
691 877 724 905 2.
758 875 831 906 Non
847 875 882 906 id
894 875 1052 916 pollicitus
1067 875 1221 908 alib—35
1239 876 1319 908 Post
1329 877 1426 908 denas
1439 875 1574 907 emend.
1591 875 1720 907 Markl-

263 915 306 946 ad
322 915 411 947 Stat.
423 916 519 956 Sylv.
544 926 579 956 p.
594 919 671 948 247.
716 917 797 948 Post
813 918 921 949 tertris
936 927 1009 950 var.
1026 919 1105 949 lect.
1122 927 1178 959 ap.
1193 918 1314 951 Jones.
1329 919 1351 950 i.
1366 928 1397 950 e.
1414 916 1494 950 Post
1511 922 1561 950 ter
1576 919 1646 957 trin,
1662 918 1718 949 vel

263 961 339 990 tres.
384 959 394 976 ‘
409 959 547 989 Achaim
562 958 669 998 edidi,
684 968 759 989 cum
776 961 986 991 auctoritate
1008 960 1096 991 Cun.
1110 965 1146 991 et
1161 961 1244 992 San.
1262 965 1333 992 tum
1348 961 1437 1002 quod
1454 961 1558 1001 magis
1579 960 1717 1002 poetica

263 1005 317 1031 est
331 998 450 1031 forma.
494 999 574 1031 Vid.
591 1000 634 1031 ad
651 1009 675 1031 ι.
693 1000 762 1031 Od.
778 1004 812 1032 6.
829 1004 881 1033 14.
904 1002 1168 1033 Drakenborch.
1184 1002 1227 1033 ad
1250 1002 1309 1035 Sil.
1324 1011 1387 1035 xv.
1402 1005 1477 1034 306.
1493 1008 1531 1034 et
1544 1003 1658 1044 Heyn.
1673 1002 1718 1033 ad

263 1042 338 1074 AEn.
354 1050 394 1074 n.
407 1044 483 1073 462.
525 1042 584 1073 Sic
601 1046 638 1072 et
653 1041 725 1073 Alt.
740 1045 772 1074 2.
786 1052 804 1073 a
819 1053 861 1074 m.
879 1053 907 1075 s.
923 1043 1013 1084 quod
1028 1048 1136 1080 certe,
1160 1054 1181 1075 a
1195 1044 1295 1075 codd.
1311 1054 1380 1075 non
1396 1045 1516 1076 abesse
1530 1054 1605 1076 eam
1621 1044 1721 1076 lecti-

797 1084 804 1091 .
872 1085 881 1098 ,
973 1087 979 1093 .
1104 1087 1114 1103 ς
1212 1086 1218 1093 .
1472 1086 1480 1094 .
1586 1087 1593 1093 .
1632 1097 1640 1104 ,

262 1084 1086 1168 ’ἐξῖῗέἐᾷἓοὸῗζω,ἶῖἓέῗεῗὲζῖῗέῗῐιιέἓὲἕηῖῶἷ
1102 1085 1718 1170 1gassl²ssz“.2¹·qt::‚l⁸33⁸33¹3&

262 1169 408 1200 dendam
426 1168 573 1209 proferri
588 1170 700 1201 solent
714 1171 884 1211 exempla,
907 1171 972 1202 huc
996 1180 1062 1202 non
1085 1170 1306 1210 conveniunt,
1322 1171 1401 1212 quia
1417 1171 1547 1212 syllaba
1561 1171 1613 1203 nis
1627 1171 1719 1203 vocis

263 1211 357 1251 Ignis
373 1221 438 1242 non
454 1215 507 1242 est
524 1212 676 1243 Caesura.
708 1212 833 1252 Itaque
849 1212 929 1244 dedi
945 1214 1145 1254 Pergamus,
1160 1213 1251 1253 quod
1268 1213 1353 1245 etin
1365 1213 1543 1246 codicibus
1559 1222 1636 1246 esse
1651 1218 1721 1244 tes-

261 1257 358 1285 tatur
373 1253 535 1286 Glarean.
552 1259 587 1285 et
602 1260 809 1295 receperunt
825 1255 972 1297 Cuuing.
994 1260 1032 1287 et
1053 1255 1182 1288 Sanad.
1209 1256 1455 1297 confirmatque
1475 1256 1658 1288 Schrader.
1673 1254 1720 1287 V.

264 1296 303 1328 C.
320 1296 517 1328 Emendatt.
533 1295 632 1337 praef.
651 1306 681 1336 p.
694 1299 747 1328 22.
791 1297 909 1329 Iliacas
923 1297 1012 1329 haud
1029 1297 1134 1329 dubie
1150 1307 1169 1328 e
1184 1298 1297 1338 glossa
1313 1297 1388 1330 est.'
1399 1299 1490 1330 Jani.
1537 1297 1720 1330 Dardaniae

262 1339 317 1369 vel
334 1338 515 1370 barbaricas
531 1339 737 1380 conjecturae
755 1349 810 1380 ap.
825 1340 946 1372 Jones.
987 1339 1168 1372 barbaricas
1183 1340 1256 1372 vult
1273 1350 1408 1382 quoqne
1424 1341 1530 1372 With.
1552 1351 1628 1382 quae
1655 1350 1719 1371 vox

263 1408 301 1482 ir}
311 1408 411 1482 ‹igdddd
423 1391 531 1441 iiicas
543 1409 715 1450 scribitur,
728 1409 819 1441 unde
827 1409 956 1442 Iliacas.
981 1411 1174 1451 Pergameas
1189 1411 1293 1442 aomos
1306 1410 1409 1442 etiam
1420 1410 1562 1452 Bipont.
1578 1410 1720 1443 Mitsch.

264 1460 284 1482 e
354 1461 362 1481 ι
415 1474 423 1483 .

924 1517 1065 1550 NOTAE

262 1605 318 1634 cat
347 1602 511 1644 carpendi
541 1603 734 1636 cacoethes.
778 1604 831 1635 En
859 1603 964 1635 Scali-

264 1661 337 1692 ger,
362 1656 424 1683 ‘ex
451 1657 527 1684 toto
549 1653 708 1692 Galeno,'
733 1654 855 1695 inquit,
875 1653 964 1685 ‘non

261 1701 416 1742 intelligo
430 1703 510 1744 quid
533 1704 589 1743 sit,
604 1703 757 1735 sublimis
773 1703 964 1736 anhelitus!

263 1753 391 1785 Verum
415 1754 517 1790 enim,
539 1756 612 1786 sine
635 1754 785 1786 Medicae
811 1755 963 1787 scientiae

262 1810 323 1835 aut
345 1804 561 1836 Medicorum
586 1814 665 1846 ope,
690 1805 776 1837 bene
804 1805 965 1846 intelligi-

262 1858 321 1885 tur
345 1854 483 1895 copiose
499 1858 536 1886 et
550 1863 593 1886 ex
616 1856 685 1887 alto
701 1859 844 1897 pectore
864 1855 968 1887 anhe-

263 1903 336 1937 lare
361 1913 497 1944 cervus,
519 1905 573 1935 vel
591 1905 715 1944 potius,
728 1906 821 1937 elato
836 1910 872 1937 et
889 1905 966 1937 sub-

262 1951 347 1987 limi,
368 1956 408 1983 ut
429 1951 481 1990 fit,
504 1955 619 1993 capite
641 1953 788 1995 fugiens,
809 1965 869 1987 ore
884 1965 966 1997 quo-

264 2010 330 2042 que
352 2000 530 2033 sublimem
547 2002 731 2034 anhelitum
754 2013 794 2034 ac
811 2004 965 2044 spiritum

265 2050 395 2083 efflare.

307 2103 349 2132 32
375 2101 449 2132 Ncm
462 2101 518 2132 hoc
528 2100 688 2141 pollicitus
703 2100 781 2141 luae]
813 2101 965 2142 Intrepi-

264 2149 344 2183 dum
368 2155 404 2183 te
430 2150 588 2182 nimirum
604 2151 815 2192 jactaveras,
834 2160 855 2182 o
871 2151 967 2191 Pari,

264 2202 412 2235 Helenae
442 2211 504 2243 per
527 2202 665 2234 illicitos
689 2211 820 2234 amores
840 2205 915 2242 tuae,
929 2205 967 2233 et

263 2252 423 2284 Menelao
452 2251 584 2292 totique
613 2251 761 2284 Graeciae
785 2261 903 2293 parem
930 2255 966 2283 te

265 2311 369 2334 unum
384 2306 591 2334 ostentaras.
636 2301 685 2334 At
695 2301 794 2334 facile
807 2305 861 2333 est
877 2300 966 2342 apud

266 2352 429 2384 amasiam
445 2351 606 2394 gloriari:
623 2360 688 2382 non
705 2350 750 2382 ita
766 2350 857 2392 apud
870 2350 967 2383 Grae-

266 2411 325 2433 cos
346 2406 479 2443 raptam
498 2401 643 2443 perfide,
667 2404 705 2432 et
723 2401 885 2432 ultionem
893 2400 965 2441 jus—

266 2457 337 2483 tam
351 2453 362 2471 ‘
375 2452 483 2484 multo
496 2451 604 2483 milite
615 2450 837 2492 repetentes!
859 2449 966 2483 Ovid.

266 2502 376 2542 Epist.
400 2500 536 2533 Paridis
558 2500 602 2532 ad
622 2500 804 2537 Helenam,
825 2509 875 2533 vs.
889 2502 965 2532 851.

262 2556 274 2569 ⁴
288 2551 395 2592 Finge
409 2556 535 2591 tamen,
559 2551 588 2582 si
610 2550 674 2590 vis,
698 2550 818 2592 ingens
832 2559 967 2582 consur·

267 2609 350 2642 gere
367 2601 511 2632 bellum:
537 2601 584 2633 Et
598 2600 679 2632 mibi
696 2605 776 2633 sunt
795 2600 883 2633 vires
898 2611 908 2641 ;
930 2604 968 2633 et

267 2659 346 2683 mea
360 2650 431 2682 tela
448 2655 585 2683 nocent.
628 2651 706 2683 Nec
728 2651 804 2692 plus
826 2650 967 2683 Atrides

266 2699 367 2732 animi
378 2700 557 2731 Menelaus
569 2700 844 2741 habebit‚Quam
858 2700 968 2741 Paris,

269 2755 330 2782 aut
345 2749 446 2780 armis
462 2749 703 2781 anteferendus
717 2750 811 2782 erit.'
832 2750 880 2783 Et
895 2750 968 2792 qui-

269 2799 347 2831 dem
376 2803 581 2840 provocatus
617 2808 637 2830 a
670 2799 831 2831 Menelao
856 2800 968 2832 Paris

1019 1602 1062 1633 ad
1092 1602 1265 1643 singulare
1288 1606 1474 1642 certamen,
1498 1601 1622 1643 vixque
1646 1605 1721 1633 tan-

1018 1652 1096 1684 dem
1107 1661 1320 1693 congressus,
1332 1652 1395 1683 nisi
1407 1661 1472 1693 ope
1483 1651 1628 1683 Veneris
1641 1651 1719 1682 sub-

1019 1705 1148 1734 tractus
1173 1707 1276 1743 esset,
1301 1705 1397 1733 certe
1418 1702 1526 1732 victus
1541 1700 1720 1732 occubuis-

1018 1760 1085 1794 set,
1107 1763 1151 1785 ex
1180 1754 1319 1786 Homer.
1343 1753 1442 1785 Iliad.
1467 1757 1501 1785 Γ.
1523 1751 1614 1784 uude
1635 1752 1722 1785 ibid.

1020 1804 1157 1836 Helena
1184 1803 1359 1835 inducitur
1386 1813 1480 1834 suam
1516 1802 1637 1834 Paridi
1662 1811 1721 1834 ex-

1021 1853 1185 1895 probrans
1201 1846 1381 1894 ignaviam,
1393 1857 1429 1884 et
1441 1852 1606 1892 Menelai,
1620 1861 1720 1894 quem

1022 1903 1115 1943 prius
1140 1903 1196 1934 ille
1219 1906 1463 1943 contemnet-at,
1487 1902 1648 1934 virtutem
1662 1911 1721 1933 ex-

1020 1957 1122 1993 perto
1138 1953 1316 1984 insultans.

1064 2005 1105 2033 33
1130 2002 1286 2034 Irae-unda
1299 2003 1382 2034 diem
1402 2003 1541 2043 proferet
1555 2002 1630 2044 Ilio,
1651 2002 1723 2044 ξω]

1019 2049 1171 2082 Achilles
1195 2052 1239 2082 ob
1262 2056 1416 2092 ereptam
1439 2052 1505 2083 sibi
1529 2052 1722 2083 Briseidem

1019 2100 1126 2132 iratus
1143 2110 1161 2131 a
1178 2110 1293 2141 pugna
1306 2105 1342 2131 et
1358 2101 1449 2131 bello
1465 2110 1559 2132 suam
1574 2102 1720 2133 classem

1020 2151 1198 2182 continens
1220 2149 1338 2190 Trojae
1367 2150 1505 2191 quidem
1525 2149 1635 2182 fatum
1659 2152 1721 2183 ali-

1020 2199 1180 2241 quamdiu
1205 2197 1409 2238 retardabit,
1426 2198 1586 2241 diemque
1606 2199 1720 2241 Trojae

1020 2259 1061 2281 ac
1083 2248 1236 2289 Trojanis
1260 2248 1410 2279 ultimam
1433 2247 1592 2280 differet:
1610 2253 1646 2282 at
1663 2249 1722 2282 nbi

1020 2300 1216 2334 Patroclum
1239 2300 1355 2331 audiet
1381 2299 1424 2330 ab
1454 2299 1609 2332 Hectore
1645 2310 1722 2342 per·
1763 2317 1767 2319 f

1020 2353 1160 2389 emtum,
1183 2353 1253 2380 tum
1277 2349 1320 2380 ad
1342 2358 1448 2389 arma,
1468 2353 1505 2381 et
1532 2350 1631 2382 amici
1650 2351 1722 2382 vin·

1019 2399 1145 2432 dictam
1172 2399 1379 2439 convolabit,
1407 2409 1472 2432 nec
1502 2406 1608 2441 ponet
1634 2401 1720 2432 iram

1019 2449 1128 2481 donec
1155 2449 1342 2480 Hectorem
1366 2449 1542 2481 Iliensium
1563 2449 1721 2483 defenso-

1019 2507 1092 2531 rem
1105 2498 1240 2530 unicum
1253 2503 1460 2539 prosternat.
1503 2498 1627 2540 Virgil.
1642 2499 1720 2534 AEn.

1020 2558 1062 2581 ιι.
1077 2551 1152 2581 324.
1172 2550 1182 2566 ‘
1196 2549 1302 2580 Venit
1328 2558 1457 2580 summa
1478 2548 1565 2588 dies,
1589 2554 1627 2591 et
1649 2551 1722 2582 ine-

1019 2599 1181 2632 luctabile
1206 2603 1341 2640 tempus
1363 2598 1573 2631 Dardania:
1597 2598 1722 2632 fnium·

1018 2649 1143 2682 Troiis:
1166 2649 1232 2681 fuit
1258 2649 1372 2689 Ilium,
1398 2653 1435 2681 et
1459 2649 1579 2690 iugem
1601 2649 1723 2682 Gloria

1019 2699 1253 2738 Teucrorum,'
1269 2701 1334 2730 διο.

1063 2753 1105 2782 34
1127 2749 1309 2791 Phrygum]
1334 2747 1487 2789 Phrygia
1501 2747 1593 2780 Asiae
1607 2747 1721 2781 Mino·

1021 2801 1068 2834 ris
1097 2801 1204 2842 regio,
1235 2799 1330 2840 cujus
1353 2807 1430 2840 pars
1459 2802 1512 2831 est
1535 2797 1654 2839 Troas,
1671 2806 1718 2831 ac
