1916 3190
300 243 383 286 498
780 255 822 294 Q.
854 253 1061 285 HoRA'ru
1095 252 1267 284 FLAccr

466 347 817 401 Defunctumque
836 346 1061 388 laboribus
1681 346 1739 388 15

523 414 706 466 AEquali
725 419 892 454 rooreat
912 418 1030 454 sorte
1050 413 1258 471 vicarius.

464 480 565 521 Illic
587 485 723 521 matre
744 480 998 521 carentibus

520 546 741 599 Privignis
761 546 915 587 mulier
937 549 1148 600 temperat
1165 546 1399 586 innocens:

467 613 569 654 Nec
590 613 743 653 dotata
763 614 872 665 regit
892 613 1028 653 virum

522 679 713 733 Conjux,
727 692 810 720 nec
830 679 966 720 nitido
985 678 1081 719 fidit
1101 677 1315 719 adultero.
1680 676 1738 717 20

465 746 565 787 Dos
582 751 652 788 est
669 759 829 798 magna
846 746 1091 799 parentium

518 811 689 863 Virtus,
711 817 752 854 et
773 817 966 853 metuens
986 813 1161 853 alterius
1182 811 1264 853 viri

292 937 383 973 alque
397 933 477 964 alter
491 933 573 964 vices
593 942 748 964 assumens
767 933 843 972 >pari
858 931 992 970 fortuna
1014 931 1146 971 quietem
1168 930 1279 961 tribuit
1302 930 1394 961 alteri
1417 930 1572 962 laboribus
1590 920 1738 963 anseluco.

291 975 344 1006 1122·
352 975 485 1013 foemina
499 974 631 1006 innoxia
646 974 748 1013 parcit
757 974 914 1014 privignis
927 977 1056 1004 matrem
1071 981 1133 1003 non
1147 971 1339 1010 habentibus,
1351 981 1448 1012 neque
1456 982 1537 1003 uxor
1549 974 1619 1004 cloes
1630 977 1739 1013 potens

291 1018 405 1048 marito
420 1016 589 1056 imperitat,
604 1025 659 1047 nec
673 1015 832 1056 splendido
846 1016 998 1046 auscultat
1013 1013 1135 1045 κιαι-110.
1183 1013 1252 1045 Illic
1271 1014 1406 1045 maxima
1418 1014 1474 1045 dos
1487 1015 1661 1046 oeslimalur
1673 1016 1739 1046 vir-

898 1096 1133 1109 OO‘OOmmO

287 1154 403 1193 placet,
419 1161 437 1182 e
454 1151 541 1183 Caes.
559 1150 600 1182 B.
619 1149 665 1182 G.
681 1158 731 1182 ιν.
750 1154 787 1183 l..
803 1150 922 1182 malint
937 1151 1054 1182 licet.—
1064 1153 1106 1182 20
1131 1150 1225 1191 Lips.
1240 1152 1271 1182 4.
1295 1160 1351 1182 uec
1368 1150 1470 1182 nitido

1485 1151 1567 1192 figit
1586 1152 1735 1183 eduum.

292 1197 378 1225 —19
391 1194 459 1224 Nec
470 1194 578 1224 dotata
593 1193 695 1226 virum
716 1193 800 1232 regit
817 1202 901 1224 unus
914 1193 1097 1225 Huic—21
1114 1192 1207 1233 Lips.
1225 1195 1254 1224 1.
1271 1194 1303 1223 2.
1318 1195 1350 1223 3.
1364 1194 1398 1226 4.
1414 1193 1512 1224 Dess.
1523 1195 1556 1224 2.
1571 1197 1607 1225 et
1622 1202 1737 1224 omnes

294 1245 350 1276 ap.
366 1235 499 1266 Bonfin.
516 1234 646 1266 Annot.
662 1243 735 1266 xm.
751 1244 867 1276 quare,
892 1244 969 1266 curn
998 1235 1055 1266 ille
1072 1244 1134 1266 nec
1160 1235 1273 1266 locum
1289 1235 1415 1266 habere
1437 1235 1536 1276 'putet
1551 1235 1739 1276 parentium,

292 1277 382 1319 quod
399 1277 444 1309 sit
459 1287 479 1308 a
494 1277 598 1308 verbo
622 1276 631 1294 ‘
650 1277 796 1318 parere‚’
819 1277 852 1309 11.
867 1286 898 1308 e.
922 1277 1076 1318 obsequi,
1101 1276 1203 1318 igitur
1227 1277 1386 1308 emendat
1408 1277 1600 1318 parentibus.
1645 1277 1736 1310 Quas

948 1364 978 1395 1<
985 1361 1086 1395 OTAE

334 1427 373 1455 15
390 1425 638 1464 Defunctumque
653 1424 817 1464 laboribus,
830 1426 900 1466 θα]
917 1425 984 1457 Alii

291 1478 370 1515 post
395 1474 479 1505 alios
502 1474 673 1505 culturam
698 1482 867 1513 agrorum,
885 1475 987 1505 satio-

293 1532 372 1554 nem
388 1531 428 1553 ue
440 1531 581 1553 messem
592 1526 726 1562 curant,
736 1527 772 1553 et
787 1522 985 1562 quieseum3

290 1575 393 1612 atque
419 1571 462 1601 ad
484 1580 631 1602 annuum
657 1579 741 1611 opus
770 1580 811 1602 ac
836 1571 987 1602 laborem

292 1619 348 1650 alii
363 1619 437 1650 aliis
451 1619 650 1650 succedunt.
694 1618 751 1650 De
765 1619 886 1650 Suevis
898 1618 987 1650 idern

290 1677 399 1709 prope
417 1666 526 1699 refert
541 1667 660 1699 Caesar
674 1667 717 1699 de
741 1668 839 1699 Bello
853 1667 988 1699 Gallico

291 1717 388 1748 initio
404 1716 462 1747 lib.
475 1725 527 1748 iv.
547 1717 557 1734 ‘
571 1717 664 1748 Gens
682 1717 828 1748 maxima
843 1721 878 1748 et
894 1716 989 1748 belli-

292 1767 465 1799 cosissima
480 1767 739 1805 Germanorum,
762 1767 887 1799 Suevi:
910 1776 989 1798 cen-

293 1820 364 1849 turn
382 1826 485 1857 pagos
507 1816 653 1848 liabent:
680 1826 723 1848 ex
748 1816 868 1858 quibus
892 1821 989 1858 quot·

292 1867 387 1898 annis
405 1867 535 1906 singula
550 1866 653 1897 millia
678 1870 895 1906 armatorum,
921 1866 989 1896 bel-

290 1917 380 1948 landi
406 1926 521 1953 causa,
542 1916 609 1947 suis
633 1926 652 1947 e
679 1915 803 1947 finibus
826 1915 989 1948 educunt.

292 1966 427 2006 Reliqui
447 1965 537 1996 domi
553 1970 715 1997 manent:
740 1975 801 2006 pro
824 1975 862 1996 se
886 1970 988 2006 atque

292 2014 359 2044 illis
375 2015 501 2045 colunt.
547 2014 594 2045 Hi
613 2024 727 2046 rursus
744 2015 886 2047 invicem
902 2023 990 2056 anno

292 2067 371 2102 post
394 2063 427 2092 in
453 2064 552 2094 armis
574 2069 675 2095 sunt:
699 2064 747 2095 illi
770 2064 860 2096 domi
881 2073 989 2096 rema-

292 2116 376 2142 nent
387 2133 395 2142 .
408 2133 416 2140 .
430 2133 438 2141 .
451 2112 574 2151 privati
588 2122 628 2143 ae
644 2115 796 2154 separati
810 2115 882 2155 agri
898 2114 987 2154 apud

292 2169 353 2191 eos
378 2159 462 2190 nihil
491 2165 563 2190 est:
599 2171 710 2202 neque
743 2164 875 2203 longius
903 2173 989 2195 anno

292 2217 469 2253 remanere
479 2217 546 2239 uno
561 2210 594 2239 in
610 2210 685 2240 loco
701 2211 870 2242 incolendi
886 2223 989 2244 causa

293 2258 402 2298 licet,'
414 2260 479 2290 &c-

338 2311 378 2339 17
398 2307 466 2339 Illic
487 2311 585 2338 matre
606 2306 792 2346 carentibus,
817 2307 885 2347 lfa}
916 2308 986 2339 Ubi

293 2357 386 2388 nulla
409 2360 463 2386 est
484 2355 665 2396 cupiditas,
684 2355 754 2388 illic
770 2365 833 2387 nec
849 2356 915 2387 11113
929 2366 986 2387 110-

294 2406 440 2438 vercalia
451 2405 544 2441 odia,
556 2403 699 2445 flagitia,
711 2404 894 2437 veneficia:
914 2406 984 2436 nul-

294 2458 328 2488 la
344 2465 484 2487 uxorum
497 2460 555 2487 aut
566 2455 815 2495 adulteria,a11t
831 2456 987 2497 imperio-

294 2515 331 2537 sa
347 2506 560 2546 insolensque
571 2504 753 2536 dominatio
767 2505 801 2536 in
817 2505 916 2537 viros.
939 2507 988 2538 Ea

295 2562 346 2588 est
362 2556 596 2597 Scythicarum
619 2556 793 2588 mulierum
815 2556 912 2593 fides,
927 2567 986 2598 pu·

295 2607 422 2646 dicitis,
436 2606 558 2644 virtus,
572 2605 739 2646 probitas,

338 2658 379 2686 18
404 2654 569 2694 Privignis
596 2655 704 2686 mulier
727 2659 877 2695 temperat
899 2656 986 2687 inno-

293 2703 378 2743 cens]
401 2704 561 2735 Noverca
587 2713 653 2735 non
677 2704 778 2736 saevit
801 2705 836 2735 in
859 2705 985 2746 privig-

294 2761 366 2789 nos,
381 2752 415 2784 id
431 2758 494 2794 est,
504 2753 612 2785 mariti
625 2754 676 2785 sui
687 2763 705 2785 e
721 2755 824 2795 priori
840 2755 985 2795 conjuge

1040 1425 1140 1465 filios,
1163 1435 1227 1457 nec
1253 1435 1310 1456 eos
1334 1434 1464 1456 veneno
1489 1425 1608 1456 tollere
1631 1423 1735 1455 medi-

1041 1478 1153 1511 tatur;
1181 1473 1269 1513 quod
1296 1474 1411 1504 Romae
1438 1482 1506 1504 non
1531 1471 1737 1513 infrequens·

1039 1523 1198 1555 Juvenal.
1213 1523 1288 1554 Sat.
1303 1525 1443 1566 ”2¹³2
1464 1523 1473 1540 ‘
1491 1521 1751 1564 Hippomanes,v

1041 1581 1247 1613 carmenque
1267 1572 1397 1613 loquer,
1417 1577 1620 1614 coctumque
1635 1582 1735 1605 vene·

1042 1630 1133 1660 num,
1148 1621 1381 1661 privignoque
1394 1622 1509 1653 datum
1519 1621 1548 1653 ?'

1086 1674 1127 1702 19
1144 1671 1210 1702 Nec
1234 1672 1343 1702 dotata
1364 1671 1448 1710 regie
1470 1671 1588 1712 virum]
1618 1672 1734 1704 Plant-

1042 1719 1158 1752 Aulul.
1175 1721 1207 1752 in
1229 1720 1297 1752 fine
1319 1720 1421 1752 Scen.
1438 1722 1490 1751 17.
1515 1724 1525 1738 ¹
1537 1720 1625 1753 Qum
1639 1721 1736 1754 indo-

1043 1774 1117 1801 tata
1133 1775 1196 1809 est,
1212 1778 1252 1801 ea
1267 1770 1301 1801 in
1317 1772 1487 1809 potestate
1501 1773 1553 1802 est
1571 1770 1655 1802 viri:
1677 1771 1737 1803 do-

1043 1823 1125 1850 tatae
1150 1823 1301 1851 mactant
1323 1823 1359 1850 et
1381 1819 1470 1850 malo
1491 1822 1529 1851 et
1549 1818 1736 1852 damnavi-

1044 1868 1123 1901 ros.’
1155 1870 1202 1901 Et
1217 1868 1350 1900 Asinsr.
1363 1869 1465 1901 Scen.
1480 1872 1509 1901 1.
1524 1869 1734 1910 ‘Argentum

1042 1919 1173 1959 accepi,
1189 1918 1270 1950 dote
1285 1918 1459 1958 imperium
1476 1918 1634 1951 vendidi)
1673 1920 1734 1953 Ju-

1044 1968 1151 1999 venal.
1177 1968 1248 1999 Sat.
1271 1976 1320 1998 vr.
1344 1970 1418 1999 223.
1449 1968 1460 1985 ‘
1475 1967 1626 2008 Imperat
1651 1977 1733 2010 ergo

1042 2016 1138 2049 viro.¹
1181 2016 1366 2049 vide-ibid.
1390 2017 1424 2048 in
1445 2018 1640 2058 superbiam
1662 2029 1734 2052 rnu-

1039 2067 1160 2098 lierum
1177 2067 1331 2107 plurima.
1374 2067 1427 2098 Ex
1441 2066 1576 2100 Justino
1599 2068 1659 2100 lib.
1675 2077 1734 2100 111.

1041 2117 1213 2157 Lycurgus
1239 2115 1328 2156 apud
1355 2115 1540 2156 Spartanos
1564 2117 1734 2158 ‘virgines

1040 2165 1113 2196 sine
1140 2165 1221 2196 dote
1246 2165 1374 2196 nubere
1396 2165 1522 2206 jussit;
1545 2170 1583 2198 ut
1608 2174 1731 2199 uxores

1039 2215 1261 2255 eligerentur,
1278 2224 1345 2246 non
1366 2215 1543 2255 pecuniaex
1566 2215 1733 2247 severius-

1039 2273 1104 2303 que
1120 2265 1334 2296 matrimonia
1349 2274 1411 2296 sua
1431 2265 1495 2296 viri
1519 2265 1731 2305 coercerent,

1039 2320 1114 2341 cum
1129 2312 1229 2342 nullis
1245 2312 1334 2343 dotis
1348 2312 1464 2343 fraenis
1480 2313 1704 2344 tenerentur?

1083 2360 1152 2390 Nec
1171 2361 1271 2391 nitido
1285 2361 1366 2400 fidit
1379 2362 1536 2402 adultero]
1560 2362 1638 2401 Non
1653 2362 1733 2393 sinit

1040 2418 1077 2440 se
1092 2408 1126 2439 in
1142 2408 1344 2440 adulterium
1357 2410 1507 2449 pertrahi
1522 2410 1565 2441 ab
1576 2411 1731 2444 adultero

1039 2458 1127 2489 bene
1142 2461 1272 2490 comto:
1297 2458 1363 2494 vel,
1386 2458 1530 2490 amatori
1543 2464 1578 2490 et
1599 2461 1730 2493 moeeho

1040 2507 1171 2547 potenti
1183 2516 1249 2538 nou
1264 2506 1415 2544 confidit,
1427 2512 1504 2548 post
1516 2507 1643 2549 flagitia
1655 2520 1730 2551 spe-

1040 2565 1118 2588 rans
1132 2556 1174 2587 311
1189 2565 1230 2587 eo
1250 2554 1385 2587 defendi
1404 2560 1475 2588 tum
1496 2556 1655 2590 adversus
1680 2560 1730 2592 le-

1039 2615 1096 2646 ges
1111 2605 1308 2637 adulterium
1322 2606 1516 2648 punientes,
1525 2611 1596 2639 tum
1611 2608 1729 2641 adver-

1039 2664 1095 2687 sus
1118 2654 1274 2686 maritum
1301 2664 1398 2686 suum
1419 2655 1603 2688 vindictam
1623 2658 1730 2690 medi-

1039 2708 1178 2738 tantem.

1080 2758 1120 2788 21
1136 2756 1205 2788 Dos
1219 2760 1266 2788 est
1280 2765 1393 2796 magna
1415 2757 1589 2797 parentium
1607 2757 1728 2794 Vinus,
