1916 3190
230 228 316 268 344

708 240 755 278 Q.
786 239 993 270 HORA'l'll
1032 238 1207 270 FLAcci

890 333 1031 366 NOTAE

231 408 285 429 res
307 397 427 429 hostia·
445 397 686 429 caedebnutur:
711 399 855 430 minores
873 408 931 429 au-

232 452 302 479 tem
331 448 468 479 caeteris
498 447 583 480 Diis.
638 448 728 480 Hinc
754 448 931 487 Horatius,

229 507 298 530 non
316 508 377 539 pro
393 507 453 529 sua
475 508 545 539 prae
564 499 769 531 Maecenatis
789 499 931 540 opulen-

231 548 280 580 tia
296 549 474 588 tenuitate,
493 553 532 580 ut
555 549 711 590 garriunt
736 550 853 591 aliqui,
870 550 931 582 sed

230 609 323 631 more
339 598 518 640 majorum,
528 603 565 631 et
577 609 620 630 ex
630 600 761 631 solenni
775 600 932 632 instituto

988 398 1118 436 scribit,
1133 400 1169 430 et
1185 397 1331 439 spondet
1345 399 1463 431 Fauno
1478 399 1622 431 humilem
1638 399 1690 431 se·

989 448 1056 479 rire
1071 457 1197 488 agnam.
1218 448 1274 480 Sic
1291 457 1317 480 ι.
1332 448 1401 480 Od.
1416 450 1448 480 4.
1466 449 1475 465 ‘
1488 449 1589 481 Nunc
1606 455 1641 482 et
1653 450 1687 481 in

988 499 1156 531 umbrosis
1179 499 1297 532 Fauno
1313 499 1417 531 decet
1439 500 1615 532 immolare
1638 500 1689 532 lu-

987 550 1049 590 cis,
1084 550 1153 582 Seu
1181 554 1300 591 poscat
1329 559 1464 592 agnam,
1493 550 1565 581 sive
1595 551 1690 582 malit

986 596 1148 633 haedum!

773 744 904 786 ODE
954 743 1149 786 XVIII.

232 841 481 883 Paupertatem
499 852 593 874 suam
610 843 739 885 magnis
763 844 884 885 opibus
902 843 1041 885 praefert
1060 856 1067 874 :
1090 843 1213 876 Avaris
1229 844 1350 876 deesse
1377 847 1413 875 et
1432 841 1638 894 probitatem
1656 843 1692 871 et

790 896 911 928 bonam
931 901 1093 929 mentem.

463 971 576 1013 NON
599 973 710 1013 ebur
729 985 872 1026 neque
891 985 1073 1013 aureum

525 1039 630 1080 Mea
650 1039 822 1080 renidet
843 1040 888 1079 in
909 1038 1039 1080 domo
1058 1039 1256 1089 lacunar,

463 1106 567 1148 Non
588 1107 733 1148 trabes
756 1106 1001 1160 Hymettiae

518 1173 730 1216 Premunt
752 1174 982 1215 columnas
1006 1173 1163 1215 ultima
1183 1173 1350 1215 recisas

273 1284 342 1315 Nec
356 1284 428 1315 ebur
443 1293 497 1316 nec
518 1294 629 1316 aarum
643 1285 783 1325 splendet
797 1285 830 1315 in
846 1285 984 1325 laqueari
995 1285 1111 1316 oedium
1125 1294 1276 1316 mearum.
1323 1284 1423 1316 Haud
1439 1283 1614 1332 Hymettia
1626 1287 1695 1316 tra·

844 1371 968 1382 ’’’’’

972 1371 1072 1382 ooooo

273 1420 352 1453 Ode
368 1425 466 1452 sexta
485 1421 580 1453 Libri
597 1422 707 1463 quinti
722 1422 753 1453 in
771 1423 836 1456 Ed.
850 1424 1036 1455 Sanadoni.
1081 1423 1231 1457 Quidam
1256 1423 1358 1456 codd.
1381 1423 1556 1456 Torrentii
1574 1423 1692 1455 inscri-

233 1465 320 1496 bunt
341 1465 444 1501 ναι-ιη
469 1464 557 1496 unde
585 1465 640 1496 hic
666 1465 831 1506 scriptum
859 1471 982 1506 putant
1010 1467 1157 1497 Carmen
1174 1466 1216 1497 ad
1241 1466 1344 1497 istum
1360 1466 1503 1506 Varum,
1523 1465 1566 1497 ad
1590 1475 1691 1508 quem

233 1511 310 1538 erat
339 1516 363 1538 ι.
395 1506 464 1538 Od.
491 1509 542 1539 18.

602 1507 669 1539 Sed
702 1508 786 1540 vidit
814 1509 940 1540 Dacer.
971 1514 1082 1540 ortam
1116 1507 1220 1540 fuisse
1247 1518 1321 1539 eam
1360 1508 1619 1550 inscriptionem
1647 1518 1692 1540 ex

232 1550 350 1588 Amr-o,
366 1549 454 1580 unde
472 1550 582 1590 prima
596 1550 698 1581 litera
721 1551 944 1592 perierit.——2
968 1552 1054 1583 Meis
1067 1552 1100 1583 in
1113 1551 1232 1583 cedibus
1245 1551 1324 1583 m'tel
1340 1552 1469 1583 lacunar
1483 1560 1572 1583 nova
1588 1551 1692 1583 lectio

233 1602 287 1631 ap.
312 1592 358 1624 H.
376 1592 498 1633 Steph.
517 1592 634 1624 Diatr.
653 1601 694 1624 ιι.

719 1602 753 1634 p.
772 1596 911 1625 135.—-3
936 1594 1142 1635 ‘Hymettias
1166 1603 1209 1625 ex
1231 1603 1310 1625 mox
1333 1595 1442 1625 recisae
1464 1594 1553 1635 conj.
1567 1594 1688 1626 Thom.

233 1634 321 1684 Gale
338 1643 392 1675 ap.
410 1635 527 1666 Bentl.
553 1635 631 1676 (qui
650 1635 830 1667 admodum
851 1635 968 1668 favere
985 1635 1159 1678 videtui->3
1190 1640 1227 1667 et
1243 1636 1291 1668 sic
1309 1636 1396 1668 Cun.
1420 1641 1456 1669 et
1483 1637 1563 1669 San.
1612 1637 1692 1669 Non

898 1721 1041 1754 NOTAE

275 1784 364 1816 Haec
381 1784 460 1817 Ode
481 1790 536 1817 est
559 1785 702 1817 Dicolos
725 1786 940 1828 Distropbos.

233 1835 385 1866 Mettum
416 1835 544 1867 (licitur
572 1836 625 1867 vel
652 1836 940 1877 Hipponactium,

233 1885 275 1916 ab
293 1885 471 1924 Auctore;
496 1886 549 1917 vel
577 1886 826 1927 Euripidaeum,
847 1887 938 1928 quod

233 1944 274 1965 eo
312 1933 512 1975 frequenter
550 1945 628 1966 usus
661 1936 707 1967 sit
745 1936 939 1977 Euripides.

234 1984 370 2015 Primus
391 1994 506 2016 versus
528 1990 582 2017 est
597 1986 802 2018 Trochaicus
822 1987 938 2018 Dime-

233 2038 287 2066 t'er
303 2034 555 2074 Catalecticus;
579 2035 638 2066 ubi
661 2036 761 2067 deest
784 2046 850 2067 una
873 2038 955 2077 syl--

232 2087 314 2119 laba
337 2087 380 2118 ad
406 2086 673 2128 perfectionem:
702 2094 738 2121 et
760 2090 938 2122 scanditur

234 2139 300 2171 hoc
315 2137 415 2170 modo
430 2149 438 2168 ε

296 2189 375 2222 Non
388 2190 407 2220 e
427 2187 432 2230 Ι
452 2188 514 2220 bur
529 2189 570 2219 ne
589 2188 595 2229 Ι
616 2198 682 2230 que
698 2190 778 2220 aure
797 2188 803 2230 Ι
824 2192 877 2221 ῡιιι

279 2238 349 2271 Alii
367 2239 486 2271 volunt
512 2248 588 2270 esse
613 2238 802 2271 Iambicum
817 2238 939 2271 Archi-

235 2290 384 2322 lochium
403 2289 597 2322 Dimetrum
613 2288 870 2328 Aeatalectum3
883 2289 940 2330 qui

236 2344 374 2372 constat
389 2338 641 2380 Amphimacro,
651 2345 685 2371 et
702 2339 836 2372 duobus
852 2339 940 2371 Iam·

238 2391 308 2431 bis;
331 2390 394 2422 hac
411 2390 567 2421 ratione:
741 2383 746 2387 ⁴

326 2441 404 2472 Non
420 2440 505 2471 ebsir
523 2438 530 2482 Ι
549 2439 659 2481 neque
675 2438 742 2481 ῑιιιΙ
763 2440 854 2471 reum

280 2491 383 2523 Alter
401 2499 515 2521 versus
533 2493 588 2521 est
604 2488 774 2521 lambiens
790 2489 941 2522 Archilo-

238 2541 335 2573 chius
358 2540 529 2572 Trimeter
553 2539 763 2579 Catalectus,
780 2544 941 2571 constans

238 2592 388 2633 quinque
412 2589 540 2622 lambis
564 2594 601 2621 et
623 2598 691 2620 una
707 2589 856 2629 syllaba:
881 2588 940 2621 ad-

237 2642 340 2673 misso
364 2641 446 2673 locis
473 2639 659 2682 imparibus
684 2638 874 2681 Spondaeo:
905 2643 942 2671 et

240 2691 288 2723 sic
306 2690 504 2722 scanditur:

262 2742 343 2774 Mes
362 2740 367 2782 Ι
388 2741 460 2772 reni
477 2740 484 2782 Ι
504 2741 562 2772 det
577 2743 611 2771 in
631 2739 638 2783 Ι
657 2740 756 2774 domo
775 2740 781 2783 Ι
801 2741 876 2774 lieu
895 2740 901 2784 Ι

549 2790 625 2823 ner.

1039 1789 1055 1816 1
1081 1787 1157 1818 Non
1183 1786 1258 1818 ebur
1286 1795 1393 1828 neque,
1415 1785 1486 1827 ξω]
1530 1785 1627 1827 opes
1657 1790 1694 1820 et

993 1836 1132 1868 divitias
1149 1846 1212 1869 nec
1228 1836 1402 1878 possideo,
1412 1845 1476 1868 nec
1489 1836 1605 1878 cupio,
1618 1846 1694 1879 quae

992 1886 1149 1919 omnibus
1180 1887 1299 1928 appeti
1327 1887 1459 1919 solent:
1490 1891 1527 1918 at
1551 1895 1593 1918 ea
1618 1896 1694 1929 quae

992 1946 1179 1977 paucorum
1203 1942 1293 1978 sunt,
1316 1937 1447 1977 babeo3
1470 1935 1617 1979 indeque
1641 1946 1695 1969 me

994 1987 1132 2019 beatum
1156 1987 1327 2020 existimo.
1371 1987 1456 2018 Fide
1477 1986 1624 2029 integer,
1644 1987 1698 2020 iu·

993 2037 1093 2076 genio
1118 2038 1233 2068 valens
1259 2036 1400 2069 cuilibet
1425 2046 1480 2068 me
1501 2040 1637 2069 ostento
1659 2041 1696 2070 et

994 2086 1158 2126 praefero.

1039 2136 1148 2176 Neque
1169 2144 1297 2167 aureum
1322 2135 1399 2167 Mea
1420 2136 1542 2167 renidet
1557 2136 1592 2167 in
1606 2137 1695 2167 domo

993 2184 1138 2225 lacunar]
1161 2185 1289 2217 Domos
1312 2195 1378 2216 non
1400 2185 1519 2217 habito
1541 2184 1695 2226 magnifi-

995 2244 1067 2275 cas,
1081 2235 1184 2266 ebore
1199 2239 1235 2266 et
1249 2244 1331 2266 auro
1341 2239 1538 2271 exornatas,
1551 2244 1697 2267 marmo-

997 2295 1034 2316 re
1055 2285 1238 2326 peregrino
1254 2285 1445 2317 aedificatas
1460 2291 1495 2317 et
1510 2284 1694 2326 fulgentes.

996 2333 1127 2366 Arnob.
1150 2334 1211 2366 lib.
1239 2344 1292 2366 vr.
1317 2335 1574 2375 ‘Laquearibus
1606 2334 1695 2365 reni-

995 2385 1101 2417 deant
1113 2384 1245 2417 aureis!
1267 2385 1404 2416 Lucret.
1418 2384 1477 2415 lib.
1489 2393 1532 2416 u.
1545 2384 1607 2416 sub
1619 2384 1696 2416 init.

993 2437 1002 2452 ‘
1016 2437 1092 2468 Nec
1105 2435 1222 2467 domus
1234 2439 1378 2475 argento
1395 2432 1529 2475 fulgens
1541 2442 1694 2475 auroque

993 2488 1167 2528 renidens,
1193 2487 1270 2519 Nec
1302 2486 1442 2518 citharis
1475 2485 1623 2518 reboant
1648 2487 1695 2518 la-

994 2543 1119 2580 queata
1134 2542 1323 2579 aurataque
1339 2536 1489 2577 templa!

1037 2593 1057 2622 8
1083 2590 1155 2620 Non
1170 2587 1271 2620 trabes
1287 2587 1464 2628 Hymettiae
1479 2586 1633 2617 Fremant
1646 2596 1697 2618 co-

995 2642 1124 2680 lumnas,
1139 2637 1209 2679 ξω]
1231 2637 1272 2669 In
1288 2637 1372 2668 meis
1389 2635 1520 2668 aedibus
1535 2645 1602 2668 non
1617 2641 1698 2669 sunt

996 2690 1157 2731 pretiosae
1173 2697 1215 2719 ex
1237 2687 1407 2729 Hymetto
1422 2685 1698 2727 trabes,-colum-

995 2740 1048 2771 nis
1078 2738 1240 2780 exquisiti
1273 2737 1451 2769 marmoris
1479 2740 1694 2769 sustentatae.

995 2790 1181 2831 Hymettus
1195 2789 1322 2821 Atticae
1335 2797 1431 2820 mous
1442 2786 1605 2830 regionis,
1614 2787 1696 2825 mel-
