1916 3190
20 3020 51 3083 4
26 2984 33 2989 ·’
26 2947 27 2950 ⁴

641 227 912 260 oanmuum
947 228 1040 258 mn.
1073 229 1102 259 1.
1134 219 1175 260 2.
1575 223 1633 265 67

352 323 538 366 Sublimi
554 324 704 366 feriam
722 324 868 366 sidera
887 324 1064 366 vertice.

994 420 1037 433 ‘O

181 477 280 510 carr.
302 477 520 508 iacerem—³6
541 475 691 507 Sublimis
712 475 870 507 Muretus
894 485 937 507 ex
963 475 1083 507 codice
1108 472 1219 507 Achil.
1242 475 1370 516 statiig
1410 485 1525 509 omues
1550 489 1630 512 vero

182 519 324 561 Cruqnii
340 526 376 550 et
389 519 558 550 Torrentii
574 518 717 550 Sublimi.
760 518 913 558 Scaliger
926 519 1033 559 magis
1048 527 1208 551 sonorum
1228 517 1303 551 fore
1316 519 1404 552 bunc
1419 529 1552 552 versum
1571 523 1629 562 ju-

183 562 287 602 dicat,
304 562 332 594 si
346 562 480 602 legatur
490 570 501 591 ι
523 560 784 599 Sublimiseriun
796 559 915 592 versia
927 561 1044 592 sideru.

836 643 979 678 NOEAE

215 710 423 754 aocbylides,
442 709 646 750 Simonides,
662 709 819 748 Alcman,
835 708 882 742 A·
935 718 974 742 x.
992 708 1041 742 l.'

183 770 344 795 nacreon.
401 758 506 802 Apud
540 759 681 791 Latinos
715 758 881 792 Horatius
978 763 1021 793 86
1034 759 1540 805 Snblimiserimsiaemoertiee]
1556 763 1636 796 Pla·

185 811 346 853 princeps
360 818 401 842 ac
418 818 527 851 prope
543 808 673 841 unicus·
716 809 808 842 Huic
824 809 883 841 ad·
936 811 1127 844 tonicorum
1136 815 1212 844 erat
1222 812 1417 846 sententia:
1431 812 1576 845 Poenam
1588 815 1638 845 in·

185 861 238 894 dit
273 860 419 893 ensium
455 860 598 893 Bassum
640 860 885 901 Quintilianus,
937 860 992 893 fra
1005 862 1120 894 Deum
1136 866 1172 894 et
1186 871 1290 904 snpra
1302 861 1473 895 bominem
1486 873 1572 896 esse.

796 1000 926 1044 ODE
965 1002 1031 1044 ΙΙ.

583 1106 652 1138 ΑΒ
682 1106 957 1140 AUGUSTUM
990 1107 1251 1141 CAESAREM.

187 1192 299 1226 Poeta
319 1192 486 1226 incertum
509 1199 547 1222 se
571 1189 667 1229 dicit,
683 1189 758 1231 quis
782 1189 880 1221 Deus
904 1188 969 1221 sub
992 1189 1138 1221 bumana
1160 1187 1309 1231 Augusti
1328 1189 1446 1232 specie
1461 1189 1541 1222 Divi
1556 1191 1640 1225 Julii

227 1256 348 1279 necem
363 1243 600 1277 vindicaverit.
642 1242 738 1284 (Nou
755 1243 870 1283 potuit
885 1242 1052 1274 Horatius
1075 1242 1235 1275 invocare
1251 1243 1363 1275 Deum
1379 1243 1527 1275 ultorem
1543 1245 1637 1276 necis

231 1298 449 1338 esuri-nas,
471 1296 572 1328 miles
579 1295 664 1336 ,ipse
694 1295 816 1326 Bruti:
840 1294 901 1326 sed
924 1295 1101 1327 blanditur
1126 1295 1282 1337 Augusto
1306 1301 1385 1337 post
1410 1296 1502 1328 bella
1524 1297 1639 1329 civilia

230 1350 390 1399 reddenti
413 1348 722 1391 tranquillitatem:
745 1352 781 1379 et
804 1348 955 1389 pertinet
979 1347 1085 1388 forte,
1099 1348 1189 1391 quod
1212 1349 1351 1390 pulchre
1375 1349 1523 1391 conjecit
1536 1350 1642 1382 Sana-

229 1399 350 1440 d'onus,
364 1413 477 1445 neque
492 1401 704 1433 Bentleianis
719 1400 911 1434 rationibus
927 1405 1111 1442 repugnat,
1126 1401 1170 1433 ad
1184 1401 1267 1433 illud
1283 1401 1395 1443 ipsum
1411 1406 1560 1444 tempus,
1572 1413 1640 1444 quo

187 1468 191 1476 ·
228 1457 379 1499 Augu-ti
392 1465 527 1495 nomen,
539 1453 629 1496 quod
642 1454 745 1486 habet
760 1459 859 1486 vetus
874 1453 1053 1495 inscriptio
1067 1453 1168 1495 hujus
1184 1454 1356 1496 carminis,
1370 1455 1533 1497 suscepit.
1558 1455 1640 1499 Vid-

229 1510 300 1543 Dio
314 1518 393 1542 uu.
408 1511 462 1541 20.
477 1518 512 1550 p.
527 1510 603 1539 510.
614 1517 645 1540 c.
661 1511 698 1539 et
713 1516 790 1548 quae
804 1506 962 1539 dicentur
977 1506 1019 1539 ad
1034 1517 1085 1539 vs.
1100 1509 1155 1539 29.
1174 1506 1291 1549 Gerus.)

359 1603 466 1646 ΞΛΜ
488 1602 597 1644 satis
612 1601 738 1644 terris
758 1601 876 1643 nivis
897 1605 1031 1656 atque
1050 1601 1160 1644 dirae

230 1701 435 1744 Jupiterjm
447 1701 482 1732 in
495 1704 597 1732 ten-as
610 1699 739 1732 immisit
751 1703 801 1731 sut
812 1700 894 1731 niuis
907 1703 939 1731 et
953 1700 1114 1733 horrenda
1125 1701 1305 1742 grandinis,
1326 1701 1511 1742 vibratisque
1525 1701 1641 1740 fulmi-

796 1780 1043 1795 mm

234 1837 324 1870 nae
338 1837 415 1870 Ode
431 1837 549 1878 quinta
563 1839 615 1866 est
631 1830 725 1867 'Libri
741 1835 836 1866 tertii
852 1835 887 1866 in
904 1835 1063 1867 Editione
1079 1835 1327 1868 Sanadoui.—l
1343 1836 1414 1868 Pro
1425 1838 1520 1869 terris
1530 1837 1639 1869 Hein-

191 1880 260 1912 sius
285 1880 373 1920 conj.
400 1882 504 1916 tetra,
535 1877 624 1919 qnod
651 1878 766 1918 placet
791 1878 987 1910 But-manno
1011 1878 1056 1910 ad
1081 1879 1179 1911 Serv,
1203 1878 1280 1910 ΕΠ.
1303 1887 1362 1911 nr.
1391 1882 1467 1911 589.
1500 1887 1558 1911 no.
1582 1882 1637 1911 9⁷.

190 1925 200 1941 ‘
215 1923 354 1954 Mallem
369 1925 484 1953 tetrum
498 1921 598 1951 nivem
620 1919 774 1960 Riphaeis
791 1919 960 1951 montibus
976 1921 1190 1961 reliquisset.'
1213 1921 1352 1955 Gronov.
1395 1920 1485 1952 Vide
1500 1919 1635 1962 Syllog.

190 1965 304 2005 Epist.
317 1970 399 1996 tom.
410 1972 453 1995 u.
470 1974 502 2004 p·
518 1964 593 1995 ⁵54.
616 1961 657 1993 In
672 1962 803 1993 Diurno
817 1962 999 2001 Literni-io,
1012 1961 1158 1994 Journal
1172 1962 1356 2000 Literaire,
1372 1972 1427 1995 au.
1439 1966 1536 1995 1⁷36.
1555 1969 1638 1996 tom.

849 2040 990 2075 NOTAE

245 2107 324 2140 Ode
358 2110 411 2138 est
438 2105 579 2137 Dicolos
611 2105 888 2146 Tetrastrophos.

192 2157 276 2189 Tres
290 2156 416 2198 quique
431 2156 561 2196 priores
576 2164 694 2187 versus
710 2159 790 2186 sunt
804 2155 888 2196 Sap·

192 2206 298 2248 phici.
319 2206 487 2238 Constant
495 2215 515 2236 e
524 2205 699 2245 Trochaeo,
706 2204 889 2246 Spondaeo,

193 2259 358 2300 Dwtylo,
373 2262 410 2289 et
423 2256 556 2288 duobus
565 2256 748 2288 Trochaeis.
781 2256 828 2288 Et
839 2256 889 2289 sic

193 2308 420 2340 scanduntur:

214 2357 292 2391 Jim
307 2358 345 2389 sii
362 2357 369 2400 Ι
388 2360 432 2388 tis
447 2359 499 2388 ter
517 2356 523 2397 Ι
543 2359 587 2388 ris
603 2357 687 2389 ulvis
706 2356 714 2400 Ι
732 2359 832 2400 itque
851 2356 858 2399 Ι

480 2407 563 2439 dirae
582 2406 590 2449 Ι

192 2456 347 2490 Quartus
365 2461 418 2490 est
437 2456 626 2498 monicus,
641 2467 660 2489 e
682 2458 834 2500 Dactylo
854 2461 892 2490 et

197 2507 379 2548 Spondaeo.

392 2556 531 2588 Terruit
548 2555 556 2599 Ι
573 2556 701 2589 ιἰὠέηι.

222 2650 226 2651 ⁷
242 2589 266 2635 1-
280 2605 355 2637 Jm
367 2607 537 2648 sutis‚⁸5c.]
557 2607 697 2646 Optime
712 2606 892 2639 Turnebus

196 2653 257 2686 lib.
266 2663 316 2685 vr.
330 2663 406 2696 cap.
417 2659 449 2687 8.
464 2657 628 2697 Prodigia
642 2656 787 2688 Caesaris
804 2666 890 2688 mor-

121 2723 142 2755 -·
198 2708 267 2734 tem
290 2709 407 2735 secuta
432 2704 649 2738 offensionem
679 2708 830 2739 Deorum
856 2712 892 2739 et

157 2782 160 2786 .
197 2753 283 2785 iram
320 2753 548 2796 ostendentia,
579 2760 683 2797 atque
718 2757 892 2797 augurium

941 2106 1093 2145 civilium
1105 2107 1271 2149 deinceps
1284 2107 1452 2140 bellorum
1466 2111 1644 2140 eventum-

941 2167 1006 2200 que
1037 2157 1280 2198 portendentia
1305 2157 1472 2190 Horatius
1498 2168 1643 2191 comme-

942 2211 1076 2238 morat:
1099 2216 1176 2238 cum
1193 2211 1308 2239 antem
1324 2208 1474 2240 solerent
1489 2209 1643 2250 prodigia

943 2261 980 2289 et
995 2262 1155 2297 portenta
1166 2258 1344 2298 procurari
1364 2263 1402 2290 et
1416 2259 1560 2299 expiari,
1580 2260 1645 2290 ira-

945 2315 1012 2348 que
1026 2306 1178 2338 Deorum
1193 2307 1484 2339 obsecrationibus
1502 2307 1645 2348 placari,

945 2360 1127 2398 utrumque
1142 2357 1175 2387 in
1192 2366 1233 2388 ea
1247 2357 1324 2389 Ode
1339 2358 1502 2397 reperies.
1534 2357 1644 2388 Porro

944 2406 1116 2439 funestum
1146 2416 1186 2438 ac
1214 2406 1324 2438 dirum
1356 2412 1528 2438 ostentum
1557 2412 1647 2449 erat,

946 2465 1023 2488 cum
1046 2456 1139 2488 aedes
1161 2465 1266 2488 sacrae
1290 2455 1333 2487 de
1356 2457 1442 2487 coelo
1458 2456 1662 2504 tangebam,

946 2510 1014 2538 tur.
1037 2506 1111 2538 Cic.
1125 2506 1169 2538 de
1184 2506 1262 2537 Div.
1278 2514 1322 2536 11.
1340 2508 1393 2537 19.
1412 2507 1423 2524 ‘
1439 2501 1646 2548 Nanffippte'r

945 2556 1142 2595 altitonans,
1172 2555 1321 2586 stellanti
1354 2555 1453 2586 nixus
1478 2555 1645 2598 Olympo,

947 2607 1027 2647 lpse
1042 2616 1120 2637 suos
1134 2605 1305 2646 quondam
1327 2606 1471 2637 tumulos
1493 2616 1535 2638 ac
1557 2612 1642 2638 tem-

945 2657 1002 2696 pla
1026 2655 1163 2696 petivit,
1180 2655 1225 2686 Et
1240 2655 1443 2696 Capitolinis
1457 2656 1574 2697 injecit
1591 2667 1641 2688 se·

946 2705 1044 2737 dibus
1060 2704 1179 2746 ignes:

991 2755 1086 2786 Nivis
1108 2757 1201 2795 atque
1221 2755 1300 2786 dim
1320 2755 1510 2796 Grundinis]
1541 2756 1639 2787 Post-
