1916 3190
214 197 297 239 108

687 214 731 251 Q.
766 212 977 243 HORA'rn
1014 214 1189 245 FLACCI

390 304 509 347 Voce
533 306 731 349 formasti
752 311 894 358 catus,
915 312 959 349 et
981 308 1153 350 decorae

730 374 856 416 More
876 375 1124 428 palaestrae:

382 439 449 482 Te
466 454 639 492 canam,
661 442 806 496 magni
826 442 855 484 J
860 443 958 484 ovis
979 448 1025 484 et
1045 443 1241 485 Deorum
1282 484 1285 486 ,
1640 447 1668 487 5

384 507 618 560 Nuntium,
638 523 873 564 curvaeque
894 511 1002 566 lyrae
1023 515 1266 566 parentem,

203 614 336 656 finxisti
359 618 479 658 doctus,
499 623 530 652 et
545 620 611 652 ritu
632 622 772 661 pulchroe
794 622 970 661 putaestrae:
992 624 1023 653 te
1049 622 1205 653 celebrabo
1229 621 1343 653 summi
1364 620 1455 652 Jovis
1479 620 1669 661 aliorumque

212 657 352 690 Deorum
376 661 703 705 interpretemratque
728 666 922 695 inventorem
946 665 1076 696 cieharae
1100 665 1260 702 incurroe;
1283 674 1338 695 nec
1362 673 1420 695 non
1434 663 1577 695 solertem
1589 665 1668 694 clam

819 748 937 760 eeeeee

940 748 1057 761 eeeeee

213 807 334 839 Barth.
350 809 392 840 ad
416 810 504 843 Stat.
531 812 639 844 Theb.
656 822 707 845 ιν.
730 816 794 845 229
820 815 883 850 Qui
899 815 990 853 seros
1015 819 1111 846 coetus
1125 814 1216 854 conj.
1242 813 1412 846 With-3
1436 811 1531 844 Idem
1561 811 1668 842 inter-

211 852 347 892 pungit,
377 853 455 884 Voce
469 855 636 895 formasti,
662 859 751 887 catus
772 860 816 894 et,

213 894 405 934 contendit,
428 896 512 934 Lege
534 899 709 937 palmum,-

841 859 895 897 ξε.
919 857 1065 897 Cuning.
1089 859 1272 888 decora—4
1294 856 1447 895 Scaliger
1485 854 1665 892 legendum

755 900 811 930 alii
832 909 875 930 ex
899 899 1028 931 Auson.
1051 899 1131 931 Arte
1155 900 1337 939 paloestroe5
1372 899 1466 930 Dan.
1489 896 1666 931 Heinsius,

209 935 317 967 decoro
333 937 458 969 humove
481 940 650 980 pulaestroe‚
675 941 765 982 quod
793 941 956 973 damnant
972 942 1083 974 Faber
1097 946 1134 973 et
1149 941 1404 972 Bentleius.—-5
1429 939 1502 971 Ait.
1516 941 1548 971 2.
1572 948 1663 978 mag-

868 1024 1010 1055 NOTAE

252 1088 271 1116 3
301 1084 380 1116 Voce
396 1085 563 1127 formasti]
585 1087 718 1128 Nempe
735 1087 911 1119 Orationis

207 1137 367 1168 inventor
382 1136 510 1177 pariter
532 1142 569 1168 et
591 1137 753 1169 Musices.
797 1137 911 1179 Catus]

209 1187 340 1218 Vocem
365 1187 452 1218 hanc
475 1187 635 1218 Sabinam
663 1198 746 1226 esse,
770 1192 806 1219 et
832 1197 910 1219 acu-

209 1240 281 1267 tum
296 1236 500 1277 significare,
515 1242 636 1268 auctor
651 1243 705 1270 est
719 1238 846 1279 Varro,
868 1239 910 1270 de

212 1287 310 1328 Ling.
333 1287 411 1319 Lat.
434 1287 494 1320 lib.
517 1297 569 1320 vl.
607 1288 678 1320 Cic.
702 1288 746 1320 de
761 1290 909 1331 Legibus

208 1337 270 1370 lib.
299 1346 325 1370 1.
351 1339 361 1356 ‘
378 1338 546 1375 Prudens,
576 1343 623 1379 et,
651 1344 690 1371 ut
716 1340 763 1371 ita
786 1341 910 1378 dicam,

209 1389 332 1421 catus!
375 1390 418 1421 de
434 1391 534 1424 Orat.
553 1401 577 1423 r.
593 1401 624 1423 u.
641 1395 714 1424 198.
738 1393 747 1410 ‘
763 1393 910 1433 Egregie

209 1438 370 1471 cordatus
385 1439 486 1471 homo
501 1446 597 1472 catus
614 1442 717 1473 AElius
733 1442 882 1474 Sextus:

250 1490 385 1521 Decoroe
407 1491 503 1523 More
529 1491 704 1533 paloestroe]
728 1493 769 1524 In
800 1492 908 1525 tribus

206 1538 259 1571 his
276 1539 416 1572 vocibus
430 1541 499 1572 tria
513 1542 626 1583 carpit
639 1542 803 1583 Scaliger.
834 1543 909 1574 Pri-

207 1598 263 1621 mo
296 1589 515 1622 scribendum
549 1590 666 1632 fuisse,
696 1592 795 1632 Lege,
830 1602 910 1632 non,

209 1639 314 1680 More,
335 1640 527 1672 contendit.
564 1641 632 1673 Sed
658 1652 733 1683 quae
761 1643 908 1674 auctori-

208 1689 285 1720 tas?
320 1689 458 1721 Deinde
470 1699 552 1722 sono
568 1700 603 1721 se
617 1691 789 1732 rythmico
804 1691 908 1724 offen-

206 1738 256 1778 di,
270 1738 329 1771 ait.
373 1740 502 1771 Verum
525 1745 610 1782 quot
623 1741 789 1782 ejusmodi
813 1742 908 1773 locu-

205 1788 316 1820 tiones
330 1788 463 1821 Tullius
475 1790 549 1830 ipse
566 1799 632 1821 non
648 1791 826 1832 scripsisse
837 1802 908 1823 mo-

206 1837 263 1877 de,
293 1838 355 1870 sed
380 1848 510 1871 amasse
536 1840 751 1880 reperiatur?
780 1841 909 1873 Postea

204 1887 381 1927 epitheton
410 1890 528 1920 deeoroe
558 1890 652 1921 velut
682 1900 802 1931 parum
829 1900 909 1923 cou-

204 1936 346 1967 veniens
362 1941 474 1969 notat.
518 1938 657 1970 Atenim
675 1941 834 1979 palaestra
847 1941 908 1972 du-

204 1986 288 2027 plex
315 1991 389 2017 est:
413 1987 508 2018 rudis
531 1989 641 2019 altera
667 1994 704 2019 et
729 1990 799 2020 sine
819 1997 907 2030 arte,

204 2045 272 2076 qua
287 2035 399 2067 solent
413 2045 450 2067 se
475 2037 594 2067 rustici
611 2046 787 2078 exercere,
802 2039 909 2079 quali-

205 2089 407 2126 tercumque
417 2094 453 2116 se
463 2085 626 2126 agitando
634 2095 674 2117 ac
686 2086 906 2118 decertando.

159 2132 161 2135 ”
206 2134 308 2167 Hanc
322 2135 486 2167 describit
501 2136 621 2176 Virgil.
634 2136 763 2176 Georg.
776 2145 818 2167 11.
831 2138 906 2168 532.

203 2185 214 2202 ‘
230 2184 451 2226 Cor-potaque
463 2185 592 2225 agresti
603 2185 735 2216 nudant
747 2186 907 2226 praedura

205 2229 391 2275 palaestra!
437 2233 557 2266 Altera
583 2239 636 2266 est
652 2234 848 2276 artificiosa,
871 2241 907 2268 et

204 2285 215 2304 ‘
233 2284 379 2316 decora'
396 2293 490 2324 saue,
514 2294 590 2325 quae
611 2289 728 2326 partes
751 2286 905 2326 corporis

204 2335 354 2376 singulas
369 2333 497 2366 format
522 2334 566 2366 ad
593 2334 773 2375 decoremg
796 2340 833 2367 et
848 2336 906 2367 de-

205 2388 341 2417 centem
355 2384 525 2415 actionem
552 2386 737 2426 praeceptis
758 2391 795 2417 et
809 2395 907 2418 exer·

205 2435 372 2466 citatione
386 2433 498 2475 fingit.
531 2435 660 2466 Tullius
676 2435 719 2467 de
735 2435 905 2468 Oratore:

203 2489 214 2504 ⁸
227 2484 398 2516 Numerus
410 2483 578 2526 quandam
592 2484 698 2516 veluti
713 2485 906 2525 pslaestram

204 2534 349 2565 orationi
364 2538 400 2565 et
415 2539 570 2565 extrema
594 2533 800 2566 lineamenta
826 2544 906 2566 con-

204 2582 298 2619 fert.'
331 2583 378 2613 Et
394 2589 512 2623 postea
526 2594 534 2615 z
558 2585 568 2604 ‘
586 2583 635 2615 Ut
651 2584 799 2616 athletas
815 2585 907 2617 vide-

205 2641 280 2664 mus
304 2631 387 2663 nihil
410 2638 470 2664 aut
496 2633 647 2674 vitando,
672 2639 732 2666 aut
756 2634 906 2676 petendo

204 2681 437 2717 vehementer,
459 2681 493 2712 in
519 2692 586 2723 quo
612 2692 682 2714 non
708 2689 820 2716 motus
849 2684 904 2717 hic

203 2731 330 2765 habeat
344 2731 536 2774 palaestram
552 2734 723 2775 quandam
737 2744 747 2774 ;
765 2740 802 2767 ut
813 2735 906 2777 quic-

965 1086 1046 1128 quid
1063 1087 1096 1118 in
1113 1086 1215 1118 rebus
1229 1085 1292 1118 fiat
1305 1085 1435 1118 utiliter
1444 1085 1487 1118 ad
1505 1094 1665 1127 pugnam,

964 1137 1055 1168 idem
1076 1137 1119 1168 ad
1146 1141 1322 1177 aspectum
1346 1135 1451 1168 etism
1474 1136 1520 1168 sit
1546 1145 1667 1168 venus-

964 1191 1055 1218 tum:
1080 1187 1130 1218 sic
1156 1187 1265 1219 oratio
1288 1196 1350 1218 nec
1366 1186 1501 1228 plagam
1526 1190 1664 1227 gravem

962 1235 1059 1276 facit,
1082 1236 1147 1268 nisi
1183 1236 1306 1278 petitio
1337 1234 1443 1268 fuerit
1469 1240 1566 1277 apta,
1598 1245 1664 1269 nee

963 1288 1045 1319 satis
1075 1292 1168 1319 tecte
1203 1287 1353 1318 declinat
1389 1287 1569 1328 impetum,
1599 1287 1665 1319 nisi

964 1339 1067 1369 etiam
1084 1338 1118 1368 in
1133 1336 1290 1369 cedendo
1317 1336 1397 1378 quid
1423 1338 1546 1369 deceat
1565 1337 1665 1368 intel-

963 1386 1062 1427 ligit-⁵
1089 1387 1234 1420 Quintil.
1250 1389 1343 1418 1.·ll.
1380 1385 1590 1418 Palaestricis
1606 1396 1663 1417 va-

963 1437 1108 1470 candum
1123 1441 1240 1468 censet
1251 1447 1261 1467 :
1283 1438 1293 1454 ‘
1311 1435 1442 1469 Quibus
1458 1441 1576 1477 gestus
1592 1445 1664 1467 mo-

965 1493 1086 1530 tusque
1103 1486 1307 1524 formantur,
1323 1509 1331 1518 .
1349 1507 1358 1516 .
1370 1508 1379 1517 .
1391 1507 1401 1517 .
1417 1509 1426 1518 .
1439 1495 1482 1517 ne
1501 1486 1663 1526 iudoctae,

965 1538 1147 1569 rusticaeve
1171 1546 1310 1569 manus:
1335 1545 1378 1568 ne
1399 1540 1510 1569 status
1526 1536 1664 1568 indeco-

963 1589 1044 1625 rus‚'
1057 1590 1122 1619 ἃς.

1005 1640 1098 1672 More
1110 1640 1282 1681 palestre]
1304 1640 1392 1672 Sunt
1402 1639 1459 1681 qui
1470 1638 1664 1680 intelligant

961 1690 1173 1721 Mercurium
1188 1690 1236 1722 ita
1253 1695 1409 1722 recentes
1426 1689 1580 1721 homiues
1594 1688 1663 1721 for-

962 1748 1073 1771 masse
1089 1739 1132 1771 ad
1148 1739 1378 1771 humaniorem
1395 1738 1537 1780 cultum,
1557 1743 1662 1780 atque

963 1794 1070 1826 artes,
1085 1794 1124 1821 ut
1140 1788 1278 1820 formari
1298 1788 1411 1820 solent
1423 1788 1458 1820 in
1477 1786 1664 1819 Academia

963 1838 1062 1871 modo
1087 1844 1124 1871 et
1147 1839 1322 1880 palaestra.
1366 1837 1415 1870 At
1435 1838 1511 1870 aliis
1529 1838 1664 1870 videtur

961 1889 1130 1921 Horatius
1167 1889 1358 1929 respexisse
1393 1887 1436 1919 ad
1467 1898 1508 1920 ea
1539 1898 1615 1930 quse
1643 1898 1665 1919 a

962 1939 1137 1971 Mercurio
1153 1939 1335 1971 traduntur
1358 1938 1518 1978 inventu
1539 1938 1590 1969 his
1606 1947 1664 1970 au-

961 1994 1029 2019 tem
1037 1994 1238 2020 accensetur
1244 1989 1548 2028 palaestra,Graece
1557 1987 1665 2027 πάλης

961 2038 1118 2078 gymnica.
1154 2038 1361 2068 exercitatio
1399 2039 1566 2078 nimirum,
1601 2049 1663 2070 seu

959 2086 1114 2122 luctatio,
1137 2095 1205 2126 qua
1232 2085 1314 2116 nudi
1337 2085 1499 2126 unctique
1523 2096 1663 2118 exerce·

961 2135 1097 2175 bantur,
1126 2128 1329 2166 valetudinis
1359 2135 1496 2176 quidem
1524 2138 1660 2170 tuendae

961 2194 1076 2225 causa,
1105 2190 1177 2216 tum
1207 2194 1289 2216 vero
1323 2185 1456 2217 roboris
1491 2187 1595 2219 etiam
1625 2193 1662 2220 et

962 2235 1124 2276 agilitatis
1136 2240 1171 2266 et
1187 2235 1269 2267 artis
1283 2236 1512 2277 acquirendae.

1004 2292 1023 2319 5
1045 2288 1138 2319 Jovis
1160 2291 1190 2319 et
1217 2287 1357 2318 Deorum
1383 2288 1557 2330 Nuntium]
1588 2290 1661 2322 He-

958 2337 1053 2370 siodo
1079 2335 1237 2369 ἇθανάτων
1262 2335 1389 2377 κήρυκα,
1408 2347 1581 2378 praeconeut
1601 2340 1660 2371 im-

958 2388 1159 2424 mortalium,·
1196 2387 1357 2428 Orpheo:
1399 2387 1473 2419 Διὸς
1505 2387 1660 2428 ἄγγελον,

959 2438 1051 2470 Jovis
1080 2438 1245 2474 nuntium5
1283 2437 1426 2470 Homer.
1459 2438 1588 2480 Hymn.
1624 2440 1660 2470 in

960 2489 1112 2520 Mercur.
1150 2498 1199 2518 vs.
1236 2490 1267 2519 3.
1306 2487 1468 2527 Ἄγγελον
1499 2486 1660 2521 ἀθανάτων

960 2536 1116 2579 ἐριούνιον,
1136 2536 1172 2568 ὃν
1191 2535 1265 2568 τέκε
1285 2538 1382 2572 Μαῖα.
1428 2538 1586 2569 Nuntium
1599 2539 1668 2570 im:

959 2588 1137 2619 mortalium
1148 2596 1297 2628 perquam
1308 2586 1429 2627 utilem,
1439 2597 1528 2628 quem
1537 2589 1661 2630 peperit

959 2637 1062 2669 Maia.
1096 2637 1193 2678 Virg.
1219 2636 1296 2669 AEn.
1325 2646 1378 2669 ιν.
1400 2639 1475 2669 866.
1518 2638 1529 2655 ‘
1545 2638 1660 2671 Inter-

958 2697 1038 2729 pres
1051 2687 1175 2719 Divum
1190 2687 1278 2720 Jove
1299 2687 1421 2719 missus
1445 2687 1488 2719 ab
1510 2688 1582 2721 alto
1603 2698 1659 2721 ce·

959 2738 1048 2770 leres
1065 2736 1225 2770 mandata
1240 2746 1304 2779 per
1319 2746 1417 2770 auras
1433 2737 1592 2771 Detulit.’¹
