1916 3190
287 242 372 287 134

769 257 814 298 Q.
844 258 1055 290 HoRA'ru
1087 260 1262 291 FLACCI

461 351 643 406 Ingrato
664 352 830 393 celeres
850 352 996 393 obruit
1014 353 1105 393 otio

514 418 701 469 Ventos,
723 423 771 460 ut
791 423 961 460 caneret
979 419 1072 461 fera

456 485 632 528 Nereus
653 487 758 528 fata.

818 487 945 534 Mala
964 486 1094 528 ducis
1117 486 1191 528 avi
1212 486 1406 538 domum,
1712 488 1741 529 5

456 552 606 603 Quam
626 553 765 594 multo
786 558 958 607 repetet
977 553 1159 595 Graecia
1178 551 1321 594 milite

458 619 699 674 Conjurata
717 623 816 660 tuas
835 632 1035 674 rumpere
1056 621 1254 674 nuptias,

518 686 576 727 Et
595 699 775 739 regnum
799 687 963 727 Priami
984 691 1125 728 vetus.

454 753 597 803 Eheu,
619 758 811 807 quantus
832 755 978 808 equis,
998 759 1196 808 quantus
1218 753 1348 795 adest
1369 754 1477 795 viris

457 820 627 862 Sudor!
659 825 827 874 quanta
844 834 996 863 moves
1012 821 1168 863 funera
1189 821 1411 863 Dardanae

1683 821 1740 862 10

287 944 456 984 injucunda
470 947 698 988 tranquillitate
709 951 818 979 ventos
838 948 955 978 veloces
972 948 1126 988 oppressit
1144 947 1277 987 Nereus,
1292 948 1327 977 ul
1355 946 1427 977 dim
1449 944 1634 986 pra-cineret
1648 941 1738 991 fatu,

285 988 331 1018 sic
341 998 351 1018 .-
375 989 528 1026 Infitustis
542 990 690 1030 auspiciis
705 991 826 1020 domum
840 989 927 1020 (lucis
937 999 1016 1030 eam,
1027 999 1117 1029 quam
1130 998 1291 1020 numeroso
1304 988 1444 1019 exercitu
1457 989 1593 1027 reposcet
1609 985 1739 1016 Groecm

285 1030 468 1069 conspirans
491 1035 562 1062 tuae
574 1032 742 1062 dissolvere
757 1031 895 1071 nuptiae,
909 1034 1002 1071 atque
1022 1031 1186 1071 antiquum
1201 1030 1330 1062 Priami
1343 1038 1484 1070 regnum.
1525 1029 1628 1063 Eheu,
1642 1036 1739 1068 quun-

286 1074 338 1102 tus
351 1073 448 1113 equis,
468 1076 602 1113 quantus
616 1073 695 1104 viris
708 1075 803 1104 sudor
818 1073 944 1105 instat!
969 1073 1114 1108 Quantae
1126 1074 1225 1104 coedes
1238 1071 1382 1110 Trojanoe
1395 1070 1515 1102 nationi
1522 1080 1618 1111 paim
1628 1069 1644 1102 !
1664 1069 1742 1100 Jam

893 1167 990 1180 ’θ’θ’
994 1167 1128 1180 OOOOO‘O

285 1225 427 1257 Mitsclr.
458 1226 599 1268 Bipont.
626 1228 770 1259 Wetzel.
796 1234 832 1260 et
862 1229 1033 1260 Kidd.—5
1064 1229 1222 1259 ‘Proteus
1253 1237 1315 1267 pro
1346 1226 1470 1258 Nereus
1496 1225 1621 1266 legisse
1646 1221 1740 1256 vide-

285 1272 343 1298 tur
373 1269 543 1310 Porphyr.
569 1270 629 1301 sed
658 1269 760 1302 facile
794 1271 863 1302 labi
887 1275 1039 1313 poterat,
1071 1270 1161 1310 quod
1189 1271 1322 1301 Proteus
1347 1277 1483 1310 quoqne
1511 1276 1653 1307 magnus
1682 1276 1741 1298 va-

286 1310 364 1342 tes!
385 1311 541 1344 Jani.—9
568 1312 640 1344 Heu
658 1312 717 1344 heu
738 1313 838 1344 Harl.
859 1316 891 1345 3.
912 1317 945 1346 4.
967 1313 1046 1345 Aer.
1071 1314 1184 1344 Pulm.
1205 1315 1236 1343 1.
1261 1315 1294 1343 ⁶3.
1315 1313 1349 1343 4.
1372 1315 1443 1342 tres
1465 1311 1625 1342 Torrent.
1651 1318 1738 1340 unns

284 1352 500 1392 Bersmanni,
523 1354 615 1394 Lips.
647 1358 678 1386 1.
705 1355 791 1386 Altt.
823 1358 853 1387 1.
883 1359 916 1387 2.
938 1356 1038 1387 Fran.
1067 1355 1210 1386 Ascens.
1236 1354 1340 1385 Fabr.
1361 1353 1444 1384 Vet.
1469 1352 1588 1384 Comb.
1610 1355 1647 1382 et
1668 1350 1739 1382 Ve-

285 1400 372 1427 nett.
417 1396 492 1428 Heu
522 1397 621 1437 quasi
653 1397 785 1438 dissyll.
816 1398 952 1439 quidam
985 1408 1041 1438 ap.
1074 1398 1174 1429 Fabr.

1219 1395 1339 1427 Heus!
1367 1393 1471 1427 heus!
1496 1394 1591 1435 Lips.
1617 1395 1738 1424 4.-12

941 1483 973 1514 N
979 1482 1084 1517 071¹AE

327 1544 347 1573 3
370 1543 503 1583 Ingrato
514 1546 713 1587 celer-nstv]
723 1546 891 1580 Quoniam
904 1556 983 1578 ven-

284 1596 397 1624 torum
419 1599 544 1626 natura
559 1601 614 1628 est
628 1606 807 1637 erumpere
830 1603 864 1628 et
880 1606 984 1638 vaga-

283 1642 330 1674 ri:
364 1643 442 1674 ltine
467 1645 550 1676 nihil
577 1645 791 1687 injucundius
821 1647 903 1687 ipsis
931 1650 984 1678 est

283 1702 385 1733 qriam
410 1692 549 1725 fraenari
579 1700 615 1726 et
639 1695 674 1726 in
703 1696 775 1728 otio
804 1696 985 1727 contineri.

282 1742 346 1773 Est
361 1743 418 1784 qni
435 1742 563 1775 referat
579 1745 620 1776 ad
638 1745 809 1785 Paridem,
823 1746 984 1778 celeriter

283 1792 429 1824 avehere
459 1794 609 1833 praedam
643 1805 734 1826 suam
767 1797 982 1837 cupientem:

283 1841 338 1873 cui
363 1842 506 1882 proinde
534 1845 631 1876 valde
661 1845 795 1886 ingrata
819 1845 924 1878 fuerit
942 1856 984 1878 ea

282 1901 390 1924 mora·
422 1894 491 1925 Sed
508 1904 584 1926 cnm
601 1905 664 1935 per
679 1897 802 1928 multas
818 1907 857 1929 ac
871 1897 983 1928 diver-

281 1950 335 1971 sas
349 1942 506 1982 regiones
531 1944 633 1975 Paris
650 1946 818 1977 Helenam
841 1947 983 1978 circum-

283 1990 421 2022 duxisse
447 1993 592 2033 legatur,
615 1999 796 2035 antequam
824 1996 857 2026 in
879 1997 984 2027 Troa-

281 2041 359 2072 dem
372 2043 589 2082 perveheret,
602 2053 668 2074 uon
681 2044 818 2075 videtur
829 2054 869 2075 ea
885 2054 984 2085 posse

281 2092 525 2133 interpretatio
541 2098 646 2125 stare.

324 2144 345 2173 4
374 2142 420 2174 Ut
434 2147 557 2174 caneret
563 2143 639 2182 sera
655 2144 776 2175 Nereus
778 2143 869 2184 fata]
891 2145 983 2176 Dum

282 2191 452 2224 excidium
491 2193 611 2233 patriae
643 2202 682 2224 ac
719 2193 856 2234 paterni
887 2194 982 2234 regni

281 2242 531 2283 pronuntiaret
553 2241 721 2283 flagitioso
747 2242 877 2279 Paridi,
903 2253 983 2274 ven-

281 2297 334 2323 tos
349 2293 551 2334 compressit
576 2293 722 2332 Nereus,
742 2293 982 2335 silentiumque

280 2341 458 2382 imposuit.
507 2342 654 2376 Quidam
686 2343 902 2374 contentiose
933 2344 982 2374 le-

280 2396 377 2432 gunt,
392 2393 539 2430 Proteus,
559 2402 601 2424 eo
624 2392 712 2433 quod
737 2393 830 2433 apud
854 2393 982 2424 Home-

280 2451 356 2473 rum
380 2442 438 2474 ille
461 2442 504 2473 de
519 2442 676 2484 Trojanis
702 2443 802 2474 rebus
821 2443 982 2475 vaticine—

281 2495 360 2530 tur;
398 2492 515 2524 Nereo
544 2497 659 2524 autem
687 2492 744 2523 vix
773 2491 808 2523 id
834 2493 982 2524 muneris

279 2541 463 2574 tribuatur.
501 2543 628 2574 Verum
656 2542 777 2574 Poetae
803 2542 885 2584 quid
913 2552 980 2574 non

278 2590 388 2622 licet?
432 2593 566 2624 Deinde
582 2593 756 2634 naviganti
769 2594 844 2634 quis
861 2593 981 2625 melius

279 2641 472 2673 vaticinans
500 2643 681 2675 inducatur
704 2653 804 2686 quam
830 2644 980 2676 marinus

280 2689 395 2722 Deus?
430 2691 531 2724 Adde
558 2694 646 2735 quod
678 2693 842 2735 Aponon.
870 2693 981 2726 Rhod-

279 2739 458 2782 Interpres
471 2743 504 2773 in
522 2742 747 2783 Argonautic.
762 2753 812 2776 tv.
834 2753 878 2775 ex
890 2743 980 2775 Phe-

279 2791 416 2833 recydis
425 2794 608 2829 sententia,
622 2794 745 2826 scribit
758 2795 909 2827 Nereum
924 2803 981 2826 co·

1038 1550 1152 1578 aetum
1181 1544 1388 1587 respondere
1424 1544 1520 1576 velut
1550 1543 1737 1576 oraculum.

1038 1595 1270 1637 Apollodorus
1285 1595 1344 1627 lib.
1359 1603 1402 1626 ιι.
1425 1593 1469 1625 de
1497 1592 1664 1634 Nymphis
1677 1591 1739 1624 Jo-

1039 1646 1087 1677 vis
1115 1656 1155 1677 ac
1178 1645 1330 1677 Thetidis
1346 1643 1494 1684 filiabus,
1515 1647 1629 1674 vatem
1651 1640 1739 1673 facit

1038 1697 1211 1728 Nereum:
1247 1700 1281 1726 et
1306 1693 1479 1727 Hesiodus
1503 1693 1539 1724 in
1564 1692 1736 1733 Theogon.

1039 1745 1226 1777 veridicum
1243 1754 1319 1776 eum
1335 1744 1498 1786 appellat.
1525 1743 1669 1774 Maneat
1684 1752 1738 1774 er·

1039 1805 1080 1836 go
1098 1796 1203 1828 Nerei
1227 1794 1489 1836 Prompopoeia,
1511 1797 1548 1825 et
1563 1797 1660 1825 reete
1676 1802 1737 1834 po-

1038 1846 1104 1877 sita
1120 1850 1316 1877 censeatur.

1079 1900 1098 1927 5
1124 1897 1216 1927 Mala
1238 1895 1327 1927 ducis
1351 1895 1405 1926 avi
1429 1893 1568 1936 domum]
1589 1893 1643 1926 Ex
1665 1892 1738 1924 Au·

1037 1955 1157 1985 gurum
1170 1945 1410 1977 observatione
1424 1948 1537 1976 tracta
1550 1943 1657 1976 dictio
1669 1953 1680 1983 ς
1701 1941 1739 1975 id

1038 1998 1105 2033 est,
1119 1995 1207 2025 malo
1222 1995 1346 2034 omine,
1361 1993 1490 2025 infelici
1509 1992 1651 2034 augurio
1667 1992 1740 2024 He-

1037 2042 1147 2073 lenam
1171 2043 1280 2082 dueis,
1295 2053 1315 2073 ο
1330 2043 1424 2080 Pari,
1449 2043 1581 2085 tibique
1595 2043 1737 2075 assumis

1039 2097 1074 2123 et
1091 2092 1179 2132 rapis
1194 2101 1332 2122 uxorem
1347 2092 1502 2124 alienam.

1081 2144 1102 2172 6
1125 2141 1229 2172 Maleo
1239 2141 1355 2181 milite]
1367 2141 1508 2172 Homer.
1522 2149 1625 2172 naves
1639 2141 1740 2173 Grae·

1038 2201 1153 2223 eornm
1167 2195 1323 2222 numerat
1336 2193 1431 2223 1146,

1079 2244 1099 2273 7
1126 2240 1314 2281 Conjurata]
1327 2240 1368 2272 ln
1379 2244 1480 2282 portu
1490 2239 1626 2272 Aulidis
1634 2240 1737 2273 Grae-

1037 2292 1100 2324 ciae
1113 2291 1294 2332 Principes
1305 2290 1453 2322 universi
1462 2290 1686 2332 jurejurando
1697 2301 1736 2324 se

1038 2342 1272 2374 astrinxerunt
1287 2350 1353 2372 non
1375 2341 1583 2373 discessuros
1598 2351 1618 2372 a
1634 2341 1735 2382 bello,

1035 2392 1144 2424 donec
1160 2391 1296 2423 Helena
1306 2391 1558 2429 restitueretur,
1572 2391 1734 2432 illataque

1035 2443 1167 2476 Graeeis
1192 2441 1315 2483 injuria
1340 2440 1588 2481 vindicaretur,
1612 2449 1734 2472 eversa

1033 2486 1153 2533 Troja.

1075 2545 1097 2574 9
1115 2543 1259 2578 Quantus
1266 2541 1366 2582 equis,
1374 2543 1521 2581 quanm,
1529 2539 1600 2581 ξω]
1616 2539 1734 2574 Quan-

1035 2597 1069 2625 ta
1083 2593 1289 2629 discrimina,
1315 2596 1451 2633 quante
1475 2596 1608 2632 strages
1630 2601 1671 2624 ae
1685 2593 1734 2624 la·

1034 2643 1135 2675 bores
1152 2642 1299 2674 virorum
1317 2646 1355 2674 et
1379 2649 1542 2683 equorum
1557 2641 1592 2672 in
1607 2640 1732 2674 decen·

1034 2693 1101 2724 nali
1118 2693 1227 2724 bello!

1079 2746 1120 2775 10
1145 2742 1307 2773 Dardunoe
1330 2738 1445 2781 Genti]
1466 2739 1649 2772 Dardanus
1671 2738 1732 2773 Jo-

1036 2793 1086 2825 vis
1103 2802 1147 2824 ex
1162 2793 1301 2825 Electra
1311 2789 1399 2822 filius
1416 2790 1450 2821 in
1463 2789 1579 2822 Asiam
1594 2789 1734 2822 veniens
