1916 3190
378 411 464 474 Q.
533 405 1020 470 HORATII
1087 399 1499 462 FLACCI

656 572 741 644 v
819 571 869 685 1
947 569 1023 644 T
1100 570 1206 655 A,

783 757 1089 803 AUCTORE

412 908 473 965 C,
525 903 902 956 SUETONIO
958 901 1478 958 TRANQUILLO*

214 1187 300 1248 Q·
322 1203 595 1246 nonu-ms
620 1203 870 1253 Fusccus,
888 1201 1157 1251 Venusinus,
1187 1205 1328 1254 patre,
1359 1204 1408 1242 ut
1436 1201 1537 1255 ipse
1569 1202 1669 1255 qni-

214 1271 315 1313 dem
346 1271 495 1322 tradit,
522 1271 751 1313 libertino*
780 1274 826 1313 et
855 1267 1198 1312 exauctionumb
1228 1271 1464 1320 coactore3
1493 1272 1545 1310 ut
1563 1282 1666 1311 vero

256 1393 272 1423 t
292 1387 492 1422 Suetonium
516 1389 747 1433 Tranquillum
774 1393 912 1421 constat

213 1437 385 1471 Libellum
412 1439 592 1481 scripsisse
617 1440 662 1472 dc
689 1439 822 1480 Poetis,
844 1448 912 1481 quo

213 1496 331 1520 eorum
360 1489 460 1522 Vitas
482 1491 787 1532 complecteretur.
831 1489 912 1521 vid.

213 1537 300 1571 loia.
314 1537 413 1580 Orig.
428 1548 510 1571 vnt.
528 1543 561 1572 7.
602 1541 657 1572 Ex
676 1550 718 1572 eo
732 1543 912 1571 servarunt

213 1587 279 1619 viri
293 1587 387 1621 docti
401 1590 503 1622 vitas
518 1591 659 1631 Lucum,
671 1591 834 1629 Terentii,
845 1592 911 1622 &c-

213 1638 293 1676 ,ΙΨ
308 1638 343 1670 iu
358 1639 534 1672 codicibus
546 1641 694 1683 antiquis
705 1645 845 1682 reperta
857 1644 912 1671 est

214 1688 288 1721 vitu
312 1689 464 1732 Horatii,
487 1701 563 1732 quae
586 1691 717 1723 diserte
746 1690 911 1722 tribuere-

214 1743 273 1771 tur
284 1739 462 1772 Suetonio.
505 1742 589 1773 Eam
612 1741 740 1781 primus
756 1740 799 1771 P.
818 1739 911 1770 Nan·

215 1788 293 1820 nius
319 1798 341 1821 e
362 1789 441 1822 eod.
467 1790 671 1822 Buslidiano
693 1789 912 1820 Miscellane-

217 1846 314 1870 οη-
343 1847 482 1870 suorum
513 1839 593 1870 libri
618 1848 675 1870 m.
705 1848 783 1878 cap.
812 1841 843 1868 l.
865 1839 914 1869 in·

216 1892 386 1919 seruent.
428 1888 562 1920 Deinde
584 1898 605 1920 e
626 1887 703 1919 cod.
718 1887 844 1919 Bland.
858 1897 917 1918 nu-

214 1937 349 1979 tiquiss.
367 1947 391 1968 u
411 1937 627 1968 Ber-nardino
642 1936 844 1968 taureduno
856 1945 912 1967 uc-

215 1989 351 2028 capum
358 1986 517 2018 Muretus
526 1985 679 2018 Editioni
691 1995 762 2017 suae
774 1994 806 2017 a.
818 1988 913 2016 1555.

213 2035 426 2078 natitent,
438 2036 570 2078 sibique
581 2037 709 2077 primus
718 2036 824 2068 edere
835 2045 914 2078 per-

213 2094 335 2128 peram
349 2085 440 2117 visus
451 2090 539 2117 erat.
575 2086 661 2118 Post
675 2090 712 2118 et
728 2086 856 2127 Cruqu.
869 2095 913 2118 ex

214 2135 336 2167 eodem
372 2136 451 2168 cod.
489 2135 611 2168 edidit.
653 2135 913 2167 Meudosissima

214 2185 315 2218 initio
328 2189 417 2220 erat,
437 2185 495 2217 sed
515 2185 579 2216 viri
601 2185 696 2217 docti
718 2190 797 2227 post
817 2195 838 2217 e
854 2195 912 2217 ve-

217 2235 319 2267 tustis
344 2236 432 2267 uss.
458 2240 496 2267 et
521 2235 723 2276 conjectura
750 2236 913 2277 pleraque

214 2284 456 2325 emendarunt,
490 2285 645 2326 inprimis
695 2285 912 2327 Rutgersius,

216 2335 424 2374 Gronovius,
431 2334 662 2375 Cunubonus,
671 2335 821 2367 Vossius.
843 2335 912 2367 Sed

212 2389 351 2421 essetne
361 2394 403 2417 ea
410 2385 494 2417 Vita
506 2386 643 2418 omnino
653 2386 823 2425 Suetonii,
834 2395 913 2418 nec-

214 2445 275 2476 ne,
284 2435 478 2469 dubitatum
493 2442 558 2469 est.
601 2438 671 2472 Qui
685 2437 776 2469 istud
791 2437 912 2469 defeu-

217 2481 317 2526 duint,
330 2491 455 2528 urgent
475 2486 548 2519 fere
566 2488 822 2520 similitudinem
838 2488 913 2520 die-

216 2537 320 2569 tionis
346 2548 422 2570 cnm
445 2539 535 2580 stylo
554 2539 720 2572 Suetonii.
764 2540 850 2573 Quae
874 2540 913 2571 li-

217 2591 275 2619 eet
287 2589 405 2629 negari
418 2594 577 2631 nequeat,
591 2595 706 2622 tumen
732 2590 914 2623 admodum

218 2635 386 2670 infirmum
399 2648 421 2670 e
432 2640 491 2671 tali
503 2640 725 2672 similitudine
733 2650 913 2680 argumen-

220 2690 292 2716 tum
307 2692 373 2718 est.
415 2688 505 2720 Illud
524 2695 639 2722 antem
658 2692 806 2731 gravius,
821 2691 913 2733 quod

220 2734 435 2777 Porphyrion
456 2738 498 2769 ad
524 2739 633 2779 Epist.
659 2749 699 2772 ιι.
714 2743 744 2772 1.
760 2750 813 2781 pr.
829 2741 913 2773 scri-

967 1387 1041 1420 bit:
1073 1389 1084 1407 ‘
1099 1388 1259 1431 Apparet
1281 1391 1372 1423 bunc
1390 1390 1513 1423 librum
1528 1390 1668 1422 hortatu

966 1438 1111 1471 Caesaris
1146 1441 1314 1482 scriptum
1347 1451 1436 1473 esse.
1478 1440 1586 1482 Cujus
1618 1441 1669 1472 rei

965 1490 1071 1521 etium
1107 1491 1294 1523 Suetonius
1324 1496 1447 1524 auctor
1472 1497 1554 1530 est3
1590 1500 1668 1522 nam

966 1541 1058 1581 apud
1074 1550 1151 1572 eum
1174 1542 1332 1583 Epistola
1347 1542 1521 1574 invenitur
1536 1542 1670 1583 Augus-

966 1590 1007 1630 ti,
1032 1591 1245 1632 increpantis
1270 1592 1576 1634 Horstium,quod
1600 1601 1669 1623 non

965 1641 1007 1672 ad
1020 1651 1056 1673 se
1071 1651 1207 1683 quoque
1225 1642 1373 1683 plurima
1388 1642 1546 1674 scribat!
1589 1642 1668 1673 Hoc

965 1692 1105 1732 inquam
1128 1692 1205 1732 plus
1220 1693 1385 1724 momenti
1399 1692 1529 1729 habet3
1563 1700 1669 1732 quan-

966 1750 1067 1781 quam
1083 1747 1131 1780 et,
1147 1741 1176 1772 si
1198 1741 1318 1772 durior
1339 1742 1396 1780 sis,
1410 1741 1528 1772 dicere
1546 1741 1668 1781 possis,

968 1799 1035 1820 non
1049 1790 1127 1821 ideo
1142 1799 1283 1821 necesse
1306 1800 1395 1830 esse,
1414 1795 1451 1821 ut
1466 1791 1553 1830 hec,
1567 1800 1670 1832 quam

966 1838 1069 1870 hodie
1091 1839 1270 1879 habemus,
1285 1839 1523 1872 Horatii·Vita
1543 1849 1564 1870 u
1583 1840 1670 1871 Sue—

967 1888 1061 1918 tonio
1089 1888 1148 1928 sit,
1181 1897 1259 1920 uam
1296 1897 1395 1929 posse
1421 1889 1527 1920 nihilo
1559 1889 1670 1921 secius

965 1936 1236 1969 Grummuticum
1260 1938 1423 1970 seriorem
1450 1939 1525 1979 ejus
1552 1944 1670 1971 uncto-

967 1995 1040 2018 rem
1054 1996 1145 2024 esse.
1158 1992 1196 2020 et
1210 1987 1312 2020 modo
1326 1987 1409 2019 illud
1435 1987 1482 2020 de
1508 1988 1668 2028 Augusto

967 2045 987 2068 e
1002 2036 1166 2069 Suetonio
1181 2038 1353 2070 sumsisse.
1397 2038 1467 2070 Sed
1483 2039 1538 2070 vel
1554 2040 1604 2071 sic
1618 2038 1669 2070 fa-

966 2086 1033 2119 cile
1068 2087 1263 2120 inducimur
1299 2088 1342 2120 ud
1369 2089 1597 2121 rectissimum
1623 2090 1668 2121 de

965 2137 1030 2169 bac
1041 2138 1123 2170 Vita
1130 2138 1299 2179 judicium
1312 2150 1322 2170 z
1345 2148 1422 2170 esse
1437 2149 1513 2171 eam
1529 2140 1669 2173 omnino

965 2198 987 2220 a
1009 2189 1189 2230 Suetonio,
1210 2190 1271 2222 sed
1293 2190 1547 2222 Grammaticos
1569 2194 1607 2222 et
1627 2190 1668 2221 li-

966 2238 1099 2271 brutios
1114 2239 1314 2279 monachos,
1327 2240 1387 2281 qui
1401 2240 1494 2272 illam
1504 2240 1668 2271 transcri-

966 2288 1104 2329 berent,
1118 2290 1173 2321 vel
1189 2289 1359 2329 omisisse,
1374 2290 1408 2321 in
1424 2299 1484 2321 suo
1498 2299 1668 2331 quemque

966 2340 1137 2381 exemplo,
1163 2339 1334 2381 quaednm,
1359 2341 1414 2372 vel
1437 2340 1503 2371 ulia
1526 2339 1571 2371 de
1596 2340 1666 2371 suis

965 2389 1218 2430 interpolasse3
1240 2390 1332 2432 quod
1348 2390 1504 2421 ultimum
1518 2389 1563 2422 de
1579 2389 1668 2422 infn-

963 2441 1014 2473 mi
1042 2441 1103 2473 illo
1132 2442 1208 2473 loco
1233 2441 1278 2472 de
1307 2441 1486 2482 speculato
1510 2440 1667 2473 cubiculo

967 2492 1193 2523 certissimum
1216 2495 1281 2523 est.
1325 2491 1487 2522 Ceterum
1510 2490 1668 2532 Porphy-

967 2542 1098 2573 rionem
1119 2542 1223 2573 etiam
1249 2541 1365 2572 Vitam
1394 2540 1535 2573 Horatii
1558 2545 1666 2583 scrip·

967 2591 1067 2631 sisse,
1082 2592 1156 2633 ipse
1180 2595 1331 2623 testatur
1354 2591 1400 2623 ud
1423 2600 1453 2624 1.
1475 2592 1550 2624 Sat.
1563 2595 1596 2625 6.
1610 2596 1666 2626 41.

966 2641 1058 2673 Jcnu‘.

1011 2695 1027 2711 ⁸
1046 2689 1227 2732 Liber-tim]
1249 2691 1339 2724 Vide
1355 2700 1381 2723 t.
1396 2692 1468 2724 Sat.
1479 2694 1512 2725 6.
1525 2695 1581 2724 45.
1595 2693 1664 2733 qui-

966 2742 1035 2773 dem
1050 2740 1151 2773 deest
1165 2742 1199 2772 in
1214 2741 1415 2783 quibusdam
1438 2742 1559 2781 editis;
1596 2744 1665 2774 ele-
