1916 3190
255 231 340 275 436
742 247 785 283 Q.
817 244 1026 276 uoRA'ru
1062 244 1234 276 rumor

857 409 987 452 ODE
1026 411 1121 454 IX.

826 519 894 550 AD
927 520 1142 551 LYDIAM.

256 596 481 639 Lepidissima
508 597 690 638 Ethopoeia
717 597 951 638 zelotyporum
987 598 1184 638 amantium,
1210 598 1283 630 sive
1315 600 1450 631 moralis
1475 599 1706 641 Dialogismus

310 650 402 684 inter
418 651 599 684 Horatium
614 655 651 682 et
666 650 808 682 amicam
823 659 929 687 suam,
947 660 1091 693 quacum
1108 652 1151 683 ad
1165 651 1320 684 ultimum
1340 652 1375 684 in
1387 653 1531 694 gratiam
1547 652 1649 685 redit.

316 725 444 768 HOR.
504 727 681 769 DONEc
702 729 849 778 gratus
869 738 990 767 eram
1011 726 1107 776 tibi,

571 791 671 834 Nec
691 792 927 845 quisquam
947 792 1092 845 potior
1107 792 1291 834 brachia
1309 793 1512 835 candidae

503 858 683 900 Cervici
708 858 887 911 juvenis
908 858 1070 910 dabat3

573 924 807 965 Persarum
827 923 950 975 vigui
971 936 1070 975 rege
1088 924 1278 965 beatior.

501 991 660 1032 Donec
679 1002 767 1030 non
787 989 878 1030 alia
898 988 1042 1041 magis
1679 993 1709 1034 5

572 1055 748 1106 Arsisti,
766 1068 908 1110 neque
929 1059 1025 1097 erat
1045 1055 1191 1111 Lydia
1208 1061 1311 1111 post
1331 1056 1526 1111 ChloEn3

315 993 442 1034 LYD.

304 1167 400 1199 Hon.
425 1166 584 1204 Quamdiu
598 1174 690 1197 carus
704 1165 763 1196 eibi
778 1164 886 1204 extiti,
899 1174 994 1204 neque
1008 1164 1091 1196 alim
1112 1166 1314 1206 pmstmztior
1326 1167 1500 1199 adolescens
1512 1165 1640 1198 brachia
1659 1140 1712 1197 in..

249 1209 377 1248 serebat
400 1210 474 1241 cauo
493 1212 547 1240 tuo
561 1208 706 1247 candido,
719 1208 847 1246 felicior
865 1217 922 1247 ego
943 1207 1014 1238 vixi
1028 1208 1117 1247 Rege
1131 1208 1314 1240 Persarum.
1357 1209 1450 1240 Lvn.
1472 1208 1629 1244 Quamdiu
1649 1217 1712 1240 m

259 1254 391 1285 alteram
407 1252 477 1294 plus
500 1251 657 1292 dilexisti,
677 1260 734 1282 nec
748 1250 853 1291 Lydia
873 1249 1055 1290 posthabita
1074 1253 1122 1282 est
1138 1250 1245 1292 Chloe,
1264 1260 1321 1291 ego
1335 1251 1441 1292 Lydia
1459 1260 1584 1291 mgnae
1595 1250 1710 1291 smoe,

865 1345 905 1357 ‘O

305 1410 386 1442 ode
409 1410 484 1441 baec
507 1409 761 1450 elegantissima
784 1410 884 1442 deest
907 1410 1062 1442 Editioni
1085 1410 1212 1441 Sanad.
1257 1409 1454 1451 Epigraphe
1478 1410 1514 1442 in
1539 1419 1608 1442 uno
1633 1409 1712 1442 cod.

260 1451 438 1484 Torrentii
465 1457 530 1491 est,
551 1451 744 1483 Amoeboeum
770 1452 903 1484 Carmen
914 1463 928 1489 ;
963 1453 997 1483 in
1014 1452 1089 1483 aliis
1104 1461 1159 1492 ap.
1173 1451 1267 1491 Jani,
1280 1452 1506 1491 Antapodotiee
1516 1462 1530 1488 ;
1563 1452 1597 1482 in
1618 1452 1710 1492 vulg.

262 1494 318 1527 Aa
340 1494 474 1536 Lydiam
486 1504 499 1531 ,·
520 1494 591 1532 vel,
607 1493 660 1525 Aa
683 1493 817 1534 Lydiam
839 1495 878 1525 de
898 1494 1070 1534 praeteritis
1090 1493 1318 1525 amoribus—2
1341 1494 1411 1524 Nec
1425 1493 1586 1533 quisquam
1602 1493 1712 1526 melior

261 1536 335 1568 Ait.
351 1539 382 1568 1.
398 1547 417 1567 e
432 1537 618 1576 glossa.--5
642 1535 714 1567 Ait.
734 1539 764 1567 l.
777 1536 877 1572 alias,-
900 1536 1039 1577 quidam
1053 1535 1222 1573 Lambini,
1244 1534 1354 1567 Malu.
1378 1535 1534 1576 Cruquii,
1556 1535 1712 1567 meliores

261 1577 445 1619 Torrentii‚
461 1578 560 1611 Harl.
575 1580 608 1610 2.
622 1580 656 1610 6.
679 1578 832 1610 Bentleii
859 1577 956 1610 Leid.
983 1577 1105 1618 Regin.
1131 1577 1285 1609 Galiens.
1310 1581 1347 1610 et
1370 1576 1471 1610 Bodl.
1497 1580 1527 1609 1.
1543 1579 1575 1611 2.
1599 1577 1710 1619 Lipss.

923 1660 1065 1694 NOTAE

1015 1723 1105 1756 Vide
1120 1724 1244 1766 Virgil.
1272 1724 1389 1766 Eclog.
1414 1733 1472 1756 111.
1493 1728 1531 1757 et
1545 1734 1610 1758 vn.
1642 1725 1712 1758 Hie

1016 1773 1219 1816 zelotypiam
1247 1778 1392 1816 uterque
1420 1783 1514 1806 suam
1545 1773 1636 1806 belle
1655 1783 1715 1807 ex-

1016 1823 1147 1865 primit,
1163 1823 1449 1866 restituendisque
1461 1823 1631 1856 amoribus
1645 1824 1716 1866 pri·

305 1725 458 1757 Mettum
474 1723 563 1756 idem
579 1724 670 1766 quod
686 1734 713 1757 1.
729 1725 800 1757 od.
814 1727 849 1757 3.

309 1777 327 1806 1
352 1775 461 1806 Donec
486 1778 615 1814 gratus,
641 1775 712 1816 Esou]
749 1774 963 1807 Amoebaeum

265 1824 414 1856 Carmen
427 1829 491 1864 est,
505 1825 601 1866 cuijus
615 1825 690 1857 haec
703 1825 759 1856 lex
775 1828 841 1865 est,
853 1829 892 1857 ut
907 1825 964 1866 qui

263 1874 434 1915 posterior
445 1874 546 1913 dicit,
558 1874 705 1916 priorem
721 1875 847 1914 vincat,
855 1874 964 1915 majus

264 1924 395 1965 aliquid
410 1924 635 1965 subjiciendo.
675 1924 753 1957 Ode
766 1934 870 1966 porro
888 1926 965 1957 hoec

265 1973 355 2003 tanti
370 1973 559 2005 aestimatur
579 1983 600 2005 a
624 1974 809 2015 Scaligero,
831 1979 871 2007 nt
889 1975 964 2016 ejus

266 2019 462 2052 describere
493 2023 699 2054 seutentiam
733 2033 801 2055 non
836 2025 962 2066 pigeat.

266 2069 323 2100 Sic
336 2070 438 2100 habet
452 2071 552 2103 Poet.
568 2071 627 2103 lib.
638 2081 689 2104 vr.
728 2072 738 2090 ‘
750 2072 879 2105 Omnes
893 2073 965 2105 Ho-

267 2117 347 2149 ratii
374 2117 462 2148 Odae
485 2123 591 2150 tantae
615 2126 694 2151 sunt
711 2122 911 2160 venustatis,
928 2126 966 2154 ut

267 2171 306 2198 et
331 2166 412 2198 mihi
436 2171 472 2197 et
499 2167 574 2197 aliis
599 2169 874 2207 prudentioribus
897 2182 966 2203 om-

267 2224 346 2255 nem
376 2216 542 2247 ademerit
568 2226 664 2256 spem
693 2219 811 2249 talium
837 2221 966 2252 studio-

269 2273 355 2296 rum.
390 2265 488 2296 Inter
511 2269 643 2297 ceteras
668 2276 761 2306 vero,
787 2267 871 2299 duas
895 2270 967 2299 ani-

268 2314 450 2350 madverti,
465 2314 587 2355 quibus
612 2324 655 2345 ne
676 2315 877 2348 ambrosiam
893 2318 967 2358 qui-

270 2364 349 2396 dem
365 2369 423 2395 aut
438 2368 557 2395 nectar
579 2364 870 2405 dulciora-putem.
907 2364 968 2396 Al-

270 2418 348 2445 tera
372 2417 425 2444 est
450 2413 555 2445 tertia
576 2414 691 2453 quarti
714 2414 808 2446 libri:
833 2415 843 2433 ‘
858 2415 967 2448 Quem

271 2468 309 2495 tu
317 2463 538 2504 Melpomene
553 2462 683 2503 semel,’
696 2466 762 2495 &c.
786 2463 906 2496 Altera
917 2471 970 2497 est

271 2522 362 2545 nona
371 2513 486 2545 tertii:
502 2517 510 2531 ‘
521 2513 640 2545 Donec
652 2518 768 2554 gratus
777 2523 869 2546 eram
884 2514 969 2555 tibi,’

272 2565 337 2596 &c.
376 2564 528 2596 Quarum
552 2563 676 2594 similes
708 2573 728 2595 a
757 2573 811 2596 me
833 2573 970 2605 compo-

271 2613 354 2644 sitas
390 2613 518 2655 malim,
553 2623 652 2655 quam
687 2614 969 2654 Pythionicarum

273 2663 397 2693 multas
428 2663 568 2694 Pindari
602 2667 638 2695 et
665 2664 968 2696 Nemeonicarum:

275 2722 415 2754 quarum
442 2713 566 2744 similes
587 2714 702 2745 malim
729 2715 970 2755 composuisse,

275 2771 375 2806 quam
391 2773 466 2795 esse
484 2765 587 2796 totius
601 2765 860 2797 Tarraconensis
875 2764 971 2797 Rex!

1016 1873 1131 1905 oribus
1146 1874 1234 1905 viam
1251 1874 1387 1906 sternit.
1708 1903 1712 1906 .

1059 1926 1080 1955 2
1104 1923 1174 1955 Nee
1198 1924 1359 1964 quisquam
1377 1923 1494 1964 potior,
1521 1922 1591 1964 ζα]
1621 1923 1715 1955 Dum

1018 1982 1085 2004 non
1097 1973 1272 2014 amplexus
1294 1978 1369 2005 tuos
1384 1973 1485 2005 alteri
1505 1972 1716 2012 conce-sinti,

1018 2032 1083 2054 nec
1098 2022 1200 2054 alium
1217 2022 1298 2054 mihi
1313 2022 1496 2063 praetulisti
1509 2022 1545 2054 in
1557 2031 1684 2054 amore.

1061 2074 1082 2104 4
1106 2072 1276 2103 Persarum
1295 2072 1383 2111 vigui
1397 2081 1470 2112 rege
1484 2071 1617 2112 beatior]
1644 2069 1715 2102 An-

1019 2121 1105 2163 tiqui
1132 2121 1316 2153 Persarum
1347 2121 1474 2162 Reges,
1498 2120 1621 2162 Cyrus,
1649 2120 1717 2152 Da-

1019 2171 1101 2210 rius,
1117 2170 1160 2201 ad
1176 2179 1321 2201 summas
1335 2179 1417 2210 opes
1438 2170 1521 2201 elati
1534 2169 1718 2210 proverbio

1019 2220 1129 2251 locum
1153 2220 1292 2251 dedere.
1323 2219 1464 2251 Illorum
1484 2219 1626 2261 quisque
1649 2218 1717 2249 Re-

1020 2278 1096 2308 gem
1133 2269 1264 2308 Regum
1291 2278 1328 2300 se
1351 2268 1522 2309 jactabat.
1558 2267 1651 2300 Quin
1678 2271 1718 2297 et

1019 2317 1202 2348 Persarum
1222 2322 1356 2348 montes
1381 2326 1442 2357 pro
1467 2316 1637 2348 montibus
1658 2324 1716 2346 au-

1019 2364 1087 2396 reis
1101 2364 1195 2396 dicti.
1213 2365 1328 2396 Plaut.
1339 2365 1448 2396 Stich.
1461 2373 1487 2396 1.
1501 2367 1532 2396 1.
1550 2366 1603 2395 14.
1625 2364 1636 2381 ⁸
1647 2363 1716 2395 Ne·

1020 2423 1086 2455 que
1099 2414 1156 2445 ille
1165 2419 1295 2445 mereat
1305 2414 1487 2445 Persarum
1498 2412 1561 2444 sibi
1568 2413 1717 2453 Montes,

1020 2464 1078 2506 qui
1093 2473 1167 2495 esse
1179 2463 1401 2505 perhibentur
1416 2461 1532 2494 aurei!

1063 2518 1083 2546 5
1109 2515 1181 2546 Non
1201 2513 1266 2546 alia
1288 2513 1390 2554 magis
1415 2512 1553 2554 Anisa]
1579 2512 1647 2544 Alii
1670 2513 1716 2544 le·

1022 2570 1119 2606 gunt,
1133 2564 1239 2598 aliam.
1274 2563 1383 2605 AEque
1399 2564 1574 2602 eleganter
1587 2566 1718 2593 utrum-

1024 2625 1099 2656 que.
1123 2614 1134 2632 ‘
1150 2615 1345 2646 Formosum
1361 2618 1479 2655 pastor
1493 2610 1650 2653 Corydon
1664 2620 1718 2643 ar-

1023 2664 1126 2696 debat
1140 2662 1288 2695 Alexin.’

1064 2718 1085 2747 6
1116 2715 1226 2755 Neque
1253 2716 1321 2746 emt
1351 2712 1452 2754 Lydia
1480 2714 1551 2753 post
1583 2709 1715 2751 emin]

1020 2765 1115 2797 Dum
1129 2773 1194 2796 non
1215 2762 1337 2795 amasti
1352 2761 1483 2795 Chloein
1507 2770 1579 2803 prae
1598 2758 1716 2802 Lydia.
