<?xml version="1.0" encoding="UTF-8"?>
<!DOCTYPE html PUBLIC "-//W3C//DTD XHTML 1.0 Transitional//EN"
    "http://www.w3.org/TR/xhtml1/DTD/xhtml1-transitional.dtd">
<html xmlns="http://www.w3.org/1999/xhtml" xml:lang="en" lang="en">
 <head>
  <title>
</title>
<meta http-equiv="Content-Type" content="text/html;charset=utf-8" />
  <meta name='ocr-system' content='tesseract 3.04.00' />
  <meta name='ocr-capabilities' content='ocr_page ocr_carea ocr_par ocr_line ocrx_word'/>
</head>
<body>
  <div class='ocr_page' id='page_1' title='image "./operazeune01horauoft_0554.png"; bbox 0 0 1916 3190; ppageno 0'>
   <div class='ocr_carea' id='block_1_1' title="bbox 373 260 1553 320">
    <p class='ocr_par' dir='ltr' id='par_1_1' title="bbox 373 260 1553 320">
     <span class='ocr_line' id='line_1_1' title="bbox 373 260 1553 320; baseline 0.003 -4"><span class='ocrx_word' id='word_1_1' title='bbox 373 274 459 317; x_wconf 64' lang='lat'><strong>546</strong></span> <span class='ocrx_word' id='word_1_2' title='bbox 644 285 911 318; x_wconf 75' lang='lat' dir='ltr'><strong>Excunsus</strong></span> <span class='ocrx_word' id='word_1_3' title='bbox 943 260 1011 320; x_wconf 50' lang='lat' dir='ltr'><strong>Aa)</strong></span> <span class='ocrx_word' id='word_1_4' title='bbox 1044 283 1320 318; x_wconf 76' lang='lat' dir='ltr'><strong>CARmNuM</strong></span> <span class='ocrx_word' id='word_1_5' title='bbox 1356 287 1449 319; x_wconf 79' lang='lat' dir='ltr'><strong>mn.</strong></span> <span class='ocrx_word' id='word_1_6' title='bbox 1480 289 1553 320; x_wconf 77' lang='grc' dir='ltr'><strong>ιιι.</strong></span> 
     </span>
    </p>
   </div>
   <div class='ocr_carea' id='block_1_2' title="bbox 316 379 1830 2530">
    <p class='ocr_par' dir='ltr' id='par_1_2' title="bbox 371 379 1825 896">
     <span class='ocr_line' id='line_1_2' title="bbox 372 379 1825 426; baseline 0.005 -15"><span class='ocrx_word' id='word_1_7' title='bbox 372 383 534 422; x_wconf 82' lang='lat' dir='ltr'><strong>tanquam</strong></span> <span class='ocrx_word' id='word_1_8' title='bbox 554 388 642 422; x_wconf 62' lang='lat' dir='ltr'><strong>non,</strong></span> <span class='ocrx_word' id='word_1_9' title='bbox 657 379 722 412; x_wconf 84' lang='lat' dir='ltr'><strong>hoc</strong></span> <span class='ocrx_word' id='word_1_10' title='bbox 743 380 796 412; x_wconf 78' lang='lat' dir='ltr'><strong>ita</strong></span> <span class='ocrx_word' id='word_1_11' title='bbox 811 387 898 416; x_wconf 88' lang='lat' dir='ltr'><strong>esse,</strong></span> <span class='ocrx_word' id='word_1_12' title='bbox 922 382 1040 421; x_wconf 82' lang='lat' dir='ltr'><strong>per-se</strong></span> <span class='ocrx_word' id='word_1_13' title='bbox 1061 388 1201 412; x_wconf 85' lang='lat' dir='ltr'><strong>necesse</strong></span> <span class='ocrx_word' id='word_1_14' title='bbox 1216 380 1275 421; x_wconf 78' lang='lat' dir='ltr'><strong>sit,</strong></span> <span class='ocrx_word' id='word_1_15' title='bbox 1297 380 1324 412; x_wconf 84' lang='lat' dir='ltr'><strong>si</strong></span> <span class='ocrx_word' id='word_1_16' title='bbox 1347 381 1464 414; x_wconf 80' lang='lat' dir='ltr'>Lamia</span> <span class='ocrx_word' id='word_1_17' title='bbox 1486 391 1508 414; x_wconf 85' lang='lat' dir='ltr'><strong>a</strong></span> <span class='ocrx_word' id='word_1_18' title='bbox 1530 382 1634 417; x_wconf 73' lang='lat' dir='ltr'><strong>Lamo</strong></span> <span class='ocrx_word' id='word_1_19' title='bbox 1655 383 1825 426; x_wconf 78' lang='lat' dir='ltr'>originem</span> 
     </span>
     <span class='ocr_line' id='line_1_3' title="bbox 373 432 1822 475; baseline 0.003 -11"><span class='ocrx_word' id='word_1_20' title='bbox 373 432 490 465; x_wconf 88' lang='lat' dir='ltr'><strong>ducat.</strong></span> <span class='ocrx_word' id='word_1_21' title='bbox 526 432 628 473; x_wconf 91' lang='lat' dir='ltr'><strong>Tum,</strong></span> <span class='ocrx_word' id='word_1_22' title='bbox 645 437 823 475; x_wconf 80' lang='lat' dir='ltr'><strong>postquam</strong></span> <span class='ocrx_word' id='word_1_23' title='bbox 840 442 917 464; x_wconf 86' lang='lat' dir='ltr'><strong>cnm</strong></span> <span class='ocrx_word' id='word_1_24' title='bbox 930 432 1139 465; x_wconf 82' lang='lat' dir='ltr'>certitudine</span> <span class='ocrx_word' id='word_1_25' title='bbox 1153 432 1266 465; x_wconf 88' lang='lat' dir='ltr'><strong>dictus</strong></span> <span class='ocrx_word' id='word_1_26' title='bbox 1278 437 1332 465; x_wconf 82' lang='lat' dir='ltr'><strong>est</strong></span> <span class='ocrx_word' id='word_1_27' title='bbox 1346 435 1464 467; x_wconf 78' lang='lat' dir='ltr'><strong>Lamia</strong></span> <span class='ocrx_word' id='word_1_28' title='bbox 1483 436 1495 455; x_wconf 90' lang='lat'>‘</span> <span class='ocrx_word' id='word_1_29' title='bbox 1504 436 1628 469; x_wconf 83' lang='lat' dir='ltr'><strong>nobilis</strong></span> <span class='ocrx_word' id='word_1_30' title='bbox 1639 437 1681 469; x_wconf 85' lang='lat' dir='ltr'><strong>ab</strong></span> <span class='ocrx_word' id='word_1_31' title='bbox 1693 438 1822 473; x_wconf 79' lang='lat' dir='ltr'><strong>Lamo‚’</strong></span> 
     </span>
     <span class='ocr_line' id='line_1_4' title="bbox 371 485 1821 532; baseline 0.003 -15"><span class='ocrx_word' id='word_1_32' title='bbox 371 485 482 526; x_wconf 87' lang='lat' dir='ltr'><strong>ipsum</strong></span> <span class='ocrx_word' id='word_1_33' title='bbox 499 486 595 527; x_wconf 88' lang='lat' dir='ltr'><strong>illud,</strong></span> <span class='ocrx_word' id='word_1_34' title='bbox 608 485 695 518; x_wconf 84' lang='lat' dir='ltr'><strong>unde</strong></span> <span class='ocrx_word' id='word_1_35' title='bbox 709 487 772 518; x_wconf 85' lang='lat' dir='ltr'><strong>hoc</strong></span> <span class='ocrx_word' id='word_1_36' title='bbox 787 490 935 526; x_wconf 87' lang='lat' dir='ltr'><strong>constet,</strong></span> <span class='ocrx_word' id='word_1_37' title='bbox 955 490 1204 527; x_wconf 75' lang='lat' dir='ltr'><strong>argumentum,</strong></span> <span class='ocrx_word' id='word_1_38' title='bbox 1225 495 1326 528; x_wconf 81' lang='lat' dir='ltr'><strong>quam</strong></span> <span class='ocrx_word' id='word_1_39' title='bbox 1346 488 1487 520; x_wconf 88' lang='lat' dir='ltr'><strong>incertis</strong></span> <span class='ocrx_word' id='word_1_40' title='bbox 1513 488 1692 532; x_wconf 79' lang='lat' dir='ltr'>dubiisque</span> <span class='ocrx_word' id='word_1_41' title='bbox 1709 491 1821 523; x_wconf 82' lang='lat' dir='ltr'><strong>verbis</strong></span> 
     </span>
     <span class='ocr_line' id='line_1_5' title="bbox 373 538 1822 581; baseline 0.004 -12"><span class='ocrx_word' id='word_1_42' title='bbox 373 539 597 579; x_wconf 75' lang='lat' dir='ltr'><strong>exprimitur:</strong></span> <span class='ocrx_word' id='word_1_43' title='bbox 619 539 721 581; x_wconf 87' lang='lat' dir='ltr'><strong>‘qnia</strong></span> <span class='ocrx_word' id='word_1_44' title='bbox 742 543 779 572; x_wconf 88' lang='lat' dir='ltr'><strong>et</strong></span> <span class='ocrx_word' id='word_1_45' title='bbox 804 539 935 580; x_wconf 80' lang='lat' dir='ltr'><strong>priores</strong></span> <span class='ocrx_word' id='word_1_46' title='bbox 951 539 1086 571; x_wconf 79' lang='lat' dir='ltr'><strong>Lamias</strong></span> <span class='ocrx_word' id='word_1_47' title='bbox 1105 538 1230 577; x_wconf 78' lang='lat' dir='ltr'><strong>ferunt,</strong></span> <span class='ocrx_word' id='word_1_48' title='bbox 1243 539 1353 576; x_wconf 84' lang='lat' dir='ltr'><strong>aiunt,</strong></span> <span class='ocrx_word' id='word_1_49' title='bbox 1370 539 1413 572; x_wconf 87' lang='lat' dir='ltr'><strong>ab</strong></span> <span class='ocrx_word' id='word_1_50' title='bbox 1438 540 1498 573; x_wconf 89' lang='lat' dir='ltr'><strong>illo</strong></span> <span class='ocrx_word' id='word_1_51' title='bbox 1514 541 1620 575; x_wconf 82' lang='lat' dir='ltr'><strong>Lamo</strong></span> <span class='ocrx_word' id='word_1_52' title='bbox 1641 552 1715 574; x_wconf 88' lang='lat' dir='ltr'><strong>esse</strong></span> <span class='ocrx_word' id='word_1_53' title='bbox 1730 544 1822 575; x_wconf 76' lang='lat' dir='ltr'><strong>dem-</strong></span> 
     </span>
     <span class='ocr_line' id='line_1_6' title="bbox 373 591 1822 634; baseline 0.002 -10"><span class='ocrx_word' id='word_1_54' title='bbox 373 592 530 624; x_wconf 68' lang='lat' dir='ltr'><strong>minutos!</strong></span> <span class='ocrx_word' id='word_1_55' title='bbox 576 591 667 627; x_wconf 85' lang='lat' dir='ltr'><strong>Quid</strong></span> <span class='ocrx_word' id='word_1_56' title='bbox 683 593 747 624; x_wconf 85' lang='lat' dir='ltr'><strong>boc</strong></span> <span class='ocrx_word' id='word_1_57' title='bbox 770 596 825 624; x_wconf 91' lang='lat' dir='ltr'><strong>est</strong></span> <span class='ocrx_word' id='word_1_58' title='bbox 846 592 949 634; x_wconf 88' lang='lat' dir='ltr'><strong>alind,</strong></span> <span class='ocrx_word' id='word_1_59' title='bbox 963 593 1029 625; x_wconf 86' lang='lat' dir='ltr'><strong>nisi</strong></span> <span class='ocrx_word' id='word_1_60' title='bbox 1051 592 1268 634; x_wconf 83' lang='lat' dir='ltr'><strong>magnificam</strong></span> <span class='ocrx_word' id='word_1_61' title='bbox 1284 593 1374 624; x_wconf 85' lang='lat' dir='ltr'><strong>illam</strong></span> <span class='ocrx_word' id='word_1_62' title='bbox 1397 594 1532 634; x_wconf 80' lang='lat' dir='ltr'><strong>generis</strong></span> <span class='ocrx_word' id='word_1_63' title='bbox 1559 595 1822 627; x_wconf 84' lang='lat' dir='ltr'><strong>commendatio-</strong></span> 
     </span>
     <span class='ocr_line' id='line_1_7' title="bbox 371 645 1824 687; baseline 0.001 -11"><span class='ocrx_word' id='word_1_64' title='bbox 371 653 448 677; x_wconf 85' lang='lat' dir='ltr'><strong>nem</strong></span> <span class='ocrx_word' id='word_1_65' title='bbox 477 646 601 678; x_wconf 89' lang='lat' dir='ltr'><strong>iterum</strong></span> <span class='ocrx_word' id='word_1_66' title='bbox 629 645 779 685; x_wconf 87' lang='lat' dir='ltr'><strong>abolere,</strong></span> <span class='ocrx_word' id='word_1_67' title='bbox 807 645 1067 687; x_wconf 85' lang='lat' dir='ltr'><strong>ambiguamque</strong></span> <span class='ocrx_word' id='word_1_68' title='bbox 1090 655 1131 677; x_wconf 89' lang='lat' dir='ltr'><strong>ac</strong></span> <span class='ocrx_word' id='word_1_69' title='bbox 1152 645 1288 678; x_wconf 85' lang='lat' dir='ltr'><strong>dubiam</strong></span> <span class='ocrx_word' id='word_1_70' title='bbox 1315 645 1455 678; x_wconf 80' lang='lat' dir='ltr'><strong>facere?</strong></span> <span class='ocrx_word' id='word_1_71' title='bbox 1497 647 1599 684; x_wconf 84' lang='lat' dir='ltr'><strong>Sane,</strong></span> <span class='ocrx_word' id='word_1_72' title='bbox 1625 647 1652 678; x_wconf 85' lang='lat' dir='ltr'><strong>si</strong></span> <span class='ocrx_word' id='word_1_73' title='bbox 1675 649 1684 665; x_wconf 91' lang='lat'>‘</span> <span class='ocrx_word' id='word_1_74' title='bbox 1697 647 1824 680; x_wconf 84' lang='lat' dir='ltr'><strong>fertur’</strong></span> 
     </span>
     <span class='ocr_line' id='line_1_8' title="bbox 371 697 1822 740; baseline 0.001 -10"><span class='ocrx_word' id='word_1_75' title='bbox 371 697 563 730; x_wconf 78' lang='lat' dir='ltr'><strong>Lamiarum</strong></span> <span class='ocrx_word' id='word_1_76' title='bbox 577 707 659 739; x_wconf 81' lang='lat' dir='ltr'><strong>gens</strong></span> <span class='ocrx_word' id='word_1_77' title='bbox 674 708 694 729; x_wconf 91' lang='lat' dir='ltr'><strong>a</strong></span> <span class='ocrx_word' id='word_1_78' title='bbox 710 698 814 730; x_wconf 87' lang='lat' dir='ltr'><strong>Lamo</strong></span> <span class='ocrx_word' id='word_1_79' title='bbox 837 703 846 716; x_wconf 84' lang='lat'>⁸</span> <span class='ocrx_word' id='word_1_80' title='bbox 858 708 980 731; x_wconf 91' lang='lat' dir='ltr'><strong>nomen</strong></span> <span class='ocrx_word' id='word_1_81' title='bbox 994 698 1144 740; x_wconf 88' lang='lat' dir='ltr'><strong>habere,&#39;</strong></span> <span class='ocrx_word' id='word_1_82' title='bbox 1159 698 1342 740; x_wconf 85' lang='lat' dir='ltr'><strong>splendida</strong></span> <span class='ocrx_word' id='word_1_83' title='bbox 1356 700 1418 731; x_wconf 88' lang='lat' dir='ltr'><strong>illa</strong></span> <span class='ocrx_word' id='word_1_84' title='bbox 1432 699 1511 732; x_wconf 84' lang='lat' dir='ltr'><strong>AElii</strong></span> <span class='ocrx_word' id='word_1_85' title='bbox 1523 700 1566 732; x_wconf 88' lang='lat' dir='ltr'><strong>ab</strong></span> <span class='ocrx_word' id='word_1_86' title='bbox 1581 699 1700 732; x_wconf 89' lang='lat' dir='ltr'><strong>eodem</strong></span> <span class='ocrx_word' id='word_1_87' title='bbox 1718 700 1822 731; x_wconf 87' lang='lat' dir='ltr'><strong>Lamo</strong></span> 
     </span>
     <span class='ocr_line' id='line_1_9' title="bbox 371 750 1823 794; baseline 0.001 -12"><span class='ocrx_word' id='word_1_88' title='bbox 371 751 467 792; x_wconf 81' lang='lat' dir='ltr'><strong>origo</strong></span> <span class='ocrx_word' id='word_1_89' title='bbox 483 750 610 783; x_wconf 77' lang='lat' dir='ltr'><strong>fabnloe</strong></span> <span class='ocrx_word' id='word_1_90' title='bbox 626 751 743 783; x_wconf 88' lang='lat' dir='ltr'><strong>similis</strong></span> <span class='ocrx_word' id='word_1_91' title='bbox 758 750 809 782; x_wconf 84' lang='lat' dir='ltr'><strong>fit.</strong></span> <span class='ocrx_word' id='word_1_92' title='bbox 853 751 952 782; x_wconf 88' lang='lat' dir='ltr'><strong>Bella</strong></span> <span class='ocrx_word' id='word_1_93' title='bbox 967 751 1125 792; x_wconf 84' lang='lat' dir='ltr'><strong>profecto</strong></span> <span class='ocrx_word' id='word_1_94' title='bbox 1141 762 1181 783; x_wconf 86' lang='lat' dir='ltr'><strong>ac</strong></span> <span class='ocrx_word' id='word_1_95' title='bbox 1196 752 1327 783; x_wconf 85' lang='lat' dir='ltr'><strong>urbana</strong></span> <span class='ocrx_word' id='word_1_96' title='bbox 1342 753 1536 784; x_wconf 85' lang='lat' dir='ltr'><strong>conversio!</strong></span> <span class='ocrx_word' id='word_1_97' title='bbox 1583 753 1705 794; x_wconf 88' lang='lat' dir='ltr'><strong>Neque</strong></span> <span class='ocrx_word' id='word_1_98' title='bbox 1719 751 1823 784; x_wconf 78' lang='lat' dir='ltr'><strong>facile</strong></span> 
     </span>
     <span class='ocr_line' id='line_1_10' title="bbox 372 802 1822 846; baseline 0.002 -12"><span class='ocrx_word' id='word_1_99' title='bbox 372 803 555 846; x_wconf 85' lang='lat' dir='ltr'><strong>quicquam</strong></span> <span class='ocrx_word' id='word_1_100' title='bbox 572 804 714 845; x_wconf 85' lang='lat' dir='ltr'><strong>reperiri</strong></span> <span class='ocrx_word' id='word_1_101' title='bbox 730 803 841 845; x_wconf 78' lang='lat' dir='ltr'><strong>possit</strong></span> <span class='ocrx_word' id='word_1_102' title='bbox 855 802 1020 844; x_wconf 70' lang='lat' dir='ltr'><strong>multllm,</strong></span> <span class='ocrx_word' id='word_1_103' title='bbox 1031 814 1131 845; x_wconf 88' lang='lat' dir='ltr'><strong>quam</strong></span> <span class='ocrx_word' id='word_1_104' title='bbox 1147 805 1216 843; x_wconf 86' lang='lat' dir='ltr'><strong>illa,</strong></span> <span class='ocrx_word' id='word_1_105' title='bbox 1230 805 1272 836; x_wconf 91' lang='lat' dir='ltr'><strong>de</strong></span> <span class='ocrx_word' id='word_1_106' title='bbox 1287 815 1354 846; x_wconf 86' lang='lat' dir='ltr'><strong>qua</strong></span> <span class='ocrx_word' id='word_1_107' title='bbox 1363 806 1438 846; x_wconf 84' lang='lat' dir='ltr'><strong>jam</strong></span> <span class='ocrx_word' id='word_1_108' title='bbox 1452 805 1597 840; x_wconf 84' lang='lat' dir='ltr'><strong>dictum,</strong></span> <span class='ocrx_word' id='word_1_109' title='bbox 1611 805 1733 837; x_wconf 72' lang='lat' dir='ltr'><strong>misera</strong></span> <span class='ocrx_word' id='word_1_110' title='bbox 1749 814 1822 837; x_wconf 83' lang='lat' dir='ltr'><strong>ver·</strong></span> 
     </span>
     <span class='ocr_line' id='line_1_11' title="bbox 371 854 1406 896; baseline -0.001 -9"><span class='ocrx_word' id='word_1_111' title='bbox 371 865 426 887; x_wconf 87' lang='lat' dir='ltr'><strong>sus</strong></span> <span class='ocrx_word' id='word_1_112' title='bbox 440 856 540 896; x_wconf 90' lang='lat' dir='ltr'><strong>primi</strong></span> <span class='ocrx_word' id='word_1_113' title='bbox 557 855 755 888; x_wconf 81' lang='lat' dir='ltr'><strong>ruminatio:</strong></span> <span class='ocrx_word' id='word_1_114' title='bbox 781 858 790 873; x_wconf 88' lang='lat'>‘</span> <span class='ocrx_word' id='word_1_115' title='bbox 802 854 957 886; x_wconf 85' lang='lat' dir='ltr'><strong>Auctore</strong></span> <span class='ocrx_word' id='word_1_116' title='bbox 974 854 1018 885; x_wconf 90' lang='lat' dir='ltr'><strong>ab</strong></span> <span class='ocrx_word' id='word_1_117' title='bbox 1033 855 1091 886; x_wconf 88' lang='lat' dir='ltr'><strong>illo</strong></span> <span class='ocrx_word' id='word_1_118' title='bbox 1105 854 1202 891; x_wconf 85' lang='lat' dir='ltr'><strong>ducis</strong></span> <span class='ocrx_word' id='word_1_119' title='bbox 1217 855 1406 895; x_wconf 59' lang='lat' dir='ltr'><strong>originem?</strong></span> 
     </span>
    </p>

    <p class='ocr_par' dir='ltr' id='par_1_3' title="bbox 367 900 1826 1425">
     <span class='ocr_line' id='line_1_12' title="bbox 414 900 1825 950; baseline 0.001 -10"><span class='ocrx_word' id='word_1_120' title='bbox 414 908 503 940; x_wconf 90' lang='lat' dir='ltr'><strong>Item</strong></span> <span class='ocrx_word' id='word_1_121' title='bbox 516 909 666 941; x_wconf 79' lang='lat' dir='ltr'><strong>elocutio</strong></span> <span class='ocrx_word' id='word_1_122' title='bbox 679 915 779 950; x_wconf 79' lang='lat' dir='ltr'><strong>quam</strong></span> <span class='ocrx_word' id='word_1_123' title='bbox 795 900 945 950; x_wconf 78' lang='lat' dir='ltr'><strong>insipida</strong></span> <span class='ocrx_word' id='word_1_124' title='bbox 959 907 1032 937; x_wconf 82' lang='lat' dir='ltr'><strong>est!</strong></span> <span class='ocrx_word' id='word_1_125' title='bbox 1058 916 1159 948; x_wconf 86' lang='lat' dir='ltr'><strong>quam</strong></span> <span class='ocrx_word' id='word_1_126' title='bbox 1176 907 1338 947; x_wconf 81' lang='lat' dir='ltr'><strong>languida</strong></span> <span class='ocrx_word' id='word_1_127' title='bbox 1353 912 1389 938; x_wconf 88' lang='lat' dir='ltr'><strong>et</strong></span> <span class='ocrx_word' id='word_1_128' title='bbox 1405 910 1600 949; x_wconf 84' lang='lat' dir='ltr'><strong>protracta!</strong></span> <span class='ocrx_word' id='word_1_129' title='bbox 1622 908 1773 950; x_wconf 80' lang='lat' dir='ltr'><strong>(scilicet</strong></span> <span class='ocrx_word' id='word_1_130' title='bbox 1785 914 1825 942; x_wconf 87' lang='lat' dir='ltr'><strong>ut</strong></span> 
     </span>
     <span class='ocr_line' id='line_1_13' title="bbox 370 949 1826 1004; baseline -0.001 -10"><span class='ocrx_word' id='word_1_131' title='bbox 370 966 518 1004; x_wconf 87' lang='lat' dir='ltr'><strong>quatuor</strong></span> <span class='ocrx_word' id='word_1_132' title='bbox 533 970 651 994; x_wconf 82' lang='lat' dir='ltr'><strong>versus</strong></span> <span class='ocrx_word' id='word_1_133' title='bbox 675 958 946 1001; x_wconf 79' lang='lat' dir='ltr'><strong>complerentur)</strong></span> <span class='ocrx_word' id='word_1_134' title='bbox 969 968 1068 1000; x_wconf 83' lang='lat' dir='ltr'><strong>quam</strong></span> <span class='ocrx_word' id='word_1_135' title='bbox 1085 959 1240 1000; x_wconf 85' lang='lat' dir='ltr'><strong>prosaica</strong></span> <span class='ocrx_word' id='word_1_136' title='bbox 1256 963 1360 1001; x_wconf 90' lang='lat' dir='ltr'><strong>atque</strong></span> <span class='ocrx_word' id='word_1_137' title='bbox 1375 960 1529 992; x_wconf 87' lang='lat' dir='ltr'><strong>humilis!</strong></span> <span class='ocrx_word' id='word_1_138' title='bbox 1575 961 1686 994; x_wconf 82' lang='lat' dir='ltr'><strong>Quam</strong></span> <span class='ocrx_word' id='word_1_139' title='bbox 1703 949 1826 993; x_wconf 57' lang='lat' dir='ltr'><strong>mules-</strong></span> 
     </span>
     <span class='ocr_line' id='line_1_14' title="bbox 370 1012 1825 1062; baseline -0.001 -15"><span class='ocrx_word' id='word_1_140' title='bbox 370 1015 442 1047; x_wconf 76' lang='lat' dir='ltr'><strong>turi·</strong></span> <span class='ocrx_word' id='word_1_141' title='bbox 466 1019 520 1047; x_wconf 84' lang='lat' dir='ltr'><strong>est</strong></span> <span class='ocrx_word' id='word_1_142' title='bbox 542 1013 626 1046; x_wconf 85' lang='lat' dir='ltr'><strong>illud</strong></span> <span class='ocrx_word' id='word_1_143' title='bbox 649 1012 812 1062; x_wconf 42' lang='lat' dir='ltr'><strong>‘frerunn’</strong></span> <span class='ocrx_word' id='word_1_144' title='bbox 833 1012 999 1054; x_wconf 83' lang='lat' dir='ltr'><strong>inprimis,</strong></span> <span class='ocrx_word' id='word_1_145' title='bbox 1020 1022 1097 1044; x_wconf 90' lang='lat' dir='ltr'><strong>cum</strong></span> <span class='ocrx_word' id='word_1_146' title='bbox 1120 1013 1234 1045; x_wconf 86' lang='lat' dir='ltr'><strong>statim</strong></span> <span class='ocrx_word' id='word_1_147' title='bbox 1258 1016 1433 1054; x_wconf 86' lang='lat' dir='ltr'><strong>sequatur,</strong></span> <span class='ocrx_word' id='word_1_148' title='bbox 1454 1012 1628 1046; x_wconf 67' lang='lat' dir='ltr'><strong>‘diciturl&#39;</strong></span> <span class='ocrx_word' id='word_1_149' title='bbox 1672 1012 1751 1045; x_wconf 87' lang='lat' dir='ltr'><strong>‘Ab</strong></span> <span class='ocrx_word' id='word_1_150' title='bbox 1765 1013 1825 1045; x_wconf 83' lang='lat' dir='ltr'><strong>illo</strong></span> 
     </span>
     <span class='ocr_line' id='line_1_15' title="bbox 369 1066 1825 1108; baseline -0.001 -9"><span class='ocrx_word' id='word_1_151' title='bbox 369 1067 577 1099; x_wconf 87' lang='lat' dir='ltr'><strong>denominati</strong></span> <span class='ocrx_word' id='word_1_152' title='bbox 603 1070 684 1098; x_wconf 85' lang='lat' dir='ltr'><strong>sunt</strong></span> <span class='ocrx_word' id='word_1_153' title='bbox 703 1069 735 1098; x_wconf 83' lang='lat' dir='ltr'><strong>et</strong></span> <span class='ocrx_word' id='word_1_154' title='bbox 757 1066 917 1108; x_wconf 84' lang='lat' dir='ltr'><strong>majores,</strong></span> <span class='ocrx_word' id='word_1_155' title='bbox 950 1069 982 1098; x_wconf 77' lang='lat' dir='ltr'><strong>et</strong></span> <span class='ocrx_word' id='word_1_156' title='bbox 1004 1070 1149 1107; x_wconf 80' lang='lat' dir='ltr'><strong>nepotes</strong></span> <span class='ocrx_word' id='word_1_157' title='bbox 1163 1077 1172 1097; x_wconf 90' lang='lat'>:</span> <span class='ocrx_word' id='word_1_158' title='bbox 1207 1075 1308 1108; x_wconf 84' lang='lat' dir='ltr'><strong>quam</strong></span> <span class='ocrx_word' id='word_1_159' title='bbox 1338 1075 1447 1107; x_wconf 90' lang='lat' dir='ltr'><strong>prope</strong></span> <span class='ocrx_word' id='word_1_160' title='bbox 1477 1067 1620 1108; x_wconf 86' lang='lat' dir='ltr'><strong>puerilis</strong></span> <span class='ocrx_word' id='word_1_161' title='bbox 1656 1067 1825 1108; x_wconf 85' lang='lat' dir='ltr'><strong>composi-</strong></span> 
     </span>
     <span class='ocr_line' id='line_1_16' title="bbox 370 1118 1825 1161; baseline -0.001 -9"><span class='ocrx_word' id='word_1_162' title='bbox 370 1121 438 1158; x_wconf 75' lang='lat' dir='ltr'><strong>tio!</strong></span> <span class='ocrx_word' id='word_1_163' title='bbox 464 1122 473 1139; x_wconf 85' lang='lat'>‘</span> <span class='ocrx_word' id='word_1_164' title='bbox 487 1121 559 1152; x_wconf 88' lang='lat' dir='ltr'><strong>Per</strong></span> <span class='ocrx_word' id='word_1_165' title='bbox 573 1128 739 1152; x_wconf 81' lang='lat' dir='ltr'><strong>memores</strong></span> <span class='ocrx_word' id='word_1_166' title='bbox 750 1118 880 1159; x_wconf 81' lang='lat' dir='ltr'><strong>fastos,’</strong></span> <span class='ocrx_word' id='word_1_167' title='bbox 896 1129 996 1161; x_wconf 83' lang='lat' dir='ltr'><strong>quam</strong></span> <span class='ocrx_word' id='word_1_168' title='bbox 1013 1119 1046 1151; x_wconf 84' lang='lat' dir='ltr'><strong>h.</strong></span> <span class='ocrx_word' id='word_1_169' title='bbox 1062 1119 1085 1151; x_wconf 88' lang='grc' dir='ltr'><strong>Ι.</strong></span> <span class='ocrx_word' id='word_1_170' title='bbox 1099 1118 1261 1161; x_wconf 86' lang='lat' dir='ltr'><strong>frigidum</strong></span> <span class='ocrx_word' id='word_1_171' title='bbox 1276 1129 1317 1151; x_wconf 91' lang='lat' dir='ltr'><strong>ac</strong></span> <span class='ocrx_word' id='word_1_172' title='bbox 1332 1119 1478 1152; x_wconf 85' lang='lat' dir='ltr'><strong>otiosum</strong></span> <span class='ocrx_word' id='word_1_173' title='bbox 1493 1121 1566 1152; x_wconf 81' lang='lat' dir='ltr'><strong>est!</strong></span> <span class='ocrx_word' id='word_1_174' title='bbox 1595 1119 1688 1152; x_wconf 87' lang='lat' dir='ltr'><strong>Illud</strong></span> <span class='ocrx_word' id='word_1_175' title='bbox 1703 1129 1825 1160; x_wconf 72' lang='lat' dir='ltr'><strong>urgere</strong></span> 
     </span>
     <span class='ocr_line' id='line_1_17' title="bbox 369 1171 1825 1214; baseline 0 -9"><span class='ocrx_word' id='word_1_176' title='bbox 369 1174 459 1214; x_wconf 89' lang='lat' dir='ltr'><strong>nolo,</strong></span> <span class='ocrx_word' id='word_1_177' title='bbox 483 1174 493 1192; x_wconf 90' lang='lat'>‘</span> <span class='ocrx_word' id='word_1_178' title='bbox 505 1172 717 1205; x_wconf 89' lang='lat' dir='ltr'><strong>denominari</strong></span> <span class='ocrx_word' id='word_1_179' title='bbox 728 1171 738 1186; x_wconf 82' lang='lat'><strong>¹</strong></span> <span class='ocrx_word' id='word_1_180' title='bbox 762 1182 823 1213; x_wconf 91' lang='lat' dir='ltr'><strong>pro</strong></span> <span class='ocrx_word' id='word_1_181' title='bbox 837 1172 1019 1212; x_wconf 87' lang='lat' dir='ltr'><strong>nominari,</strong></span> <span class='ocrx_word' id='word_1_182' title='bbox 1034 1182 1157 1205; x_wconf 91' lang='lat' dir='ltr'><strong>nomen</strong></span> <span class='ocrx_word' id='word_1_183' title='bbox 1173 1173 1311 1213; x_wconf 85' lang='lat' dir='ltr'><strong>habere,</strong></span> <span class='ocrx_word' id='word_1_184' title='bbox 1326 1173 1460 1205; x_wconf 83' lang='lat' dir='ltr'><strong>serioris</strong></span> <span class='ocrx_word' id='word_1_185' title='bbox 1472 1173 1586 1206; x_wconf 76' lang='lat' dir='ltr'><strong>aetatis</strong></span> <span class='ocrx_word' id='word_1_186' title='bbox 1600 1174 1741 1206; x_wconf 84' lang='lat' dir='ltr'><strong>verbnm</strong></span> <span class='ocrx_word' id='word_1_187' title='bbox 1751 1182 1825 1206; x_wconf 84' lang='lat' dir='ltr'><strong>esse</strong></span> 
     </span>
     <span class='ocr_line' id='line_1_18' title="bbox 367 1225 1825 1268; baseline 0.001 -11"><span class='ocrx_word' id='word_1_188' title='bbox 367 1227 498 1267; x_wconf 87' lang='lat' dir='ltr'><strong>videri;</strong></span> <span class='ocrx_word' id='word_1_189' title='bbox 523 1235 600 1258; x_wconf 83' lang='lat' dir='ltr'><strong>nam</strong></span> <span class='ocrx_word' id='word_1_190' title='bbox 618 1226 726 1267; x_wconf 77' lang='lat' dir='ltr'><strong>possit</strong></span> <span class='ocrx_word' id='word_1_191' title='bbox 739 1225 858 1267; x_wconf 81' lang='lat' dir='ltr'><strong>aliquis</strong></span> <span class='ocrx_word' id='word_1_192' title='bbox 873 1225 1058 1267; x_wconf 69' lang='lat' dir='ltr'><strong>poeticam,</strong></span> <span class='ocrx_word' id='word_1_193' title='bbox 1069 1227 1224 1268; x_wconf 87' lang='lat' dir='ltr'><strong>inprimis</strong></span> <span class='ocrx_word' id='word_1_194' title='bbox 1240 1227 1437 1268; x_wconf 83' lang='lat' dir='ltr'><strong>lyricam,in</strong></span> <span class='ocrx_word' id='word_1_195' title='bbox 1453 1226 1632 1259; x_wconf 88' lang='lat' dir='ltr'><strong>verborum</strong></span> <span class='ocrx_word' id='word_1_196' title='bbox 1645 1237 1708 1259; x_wconf 88' lang='lat' dir='ltr'><strong>usu</strong></span> <span class='ocrx_word' id='word_1_197' title='bbox 1721 1227 1825 1259; x_wconf 90' lang='lat' dir='ltr'><strong>licen·</strong></span> 
     </span>
     <span class='ocr_line' id='line_1_19' title="bbox 367 1277 1825 1321; baseline 0 -10"><span class='ocrx_word' id='word_1_198' title='bbox 367 1280 450 1311; x_wconf 86' lang='lat' dir='ltr'><strong>tiam</strong></span> <span class='ocrx_word' id='word_1_199' title='bbox 466 1279 628 1321; x_wconf 89' lang='lat' dir='ltr'><strong>objicere.</strong></span> <span class='ocrx_word' id='word_1_200' title='bbox 673 1277 755 1319; x_wconf 88' lang='lat' dir='ltr'><strong>Sed,</strong></span> <span class='ocrx_word' id='word_1_201' title='bbox 780 1279 790 1296; x_wconf 91' lang='lat'>‘</span> <span class='ocrx_word' id='word_1_202' title='bbox 806 1277 861 1310; x_wconf 86' lang='lat' dir='ltr'><strong>Ab</strong></span> <span class='ocrx_word' id='word_1_203' title='bbox 882 1279 941 1310; x_wconf 91' lang='lat' dir='ltr'><strong>illo</strong></span> <span class='ocrx_word' id='word_1_204' title='bbox 955 1284 1094 1311; x_wconf 81' lang='lat' dir='ltr'><strong>auctore</strong></span> <span class='ocrx_word' id='word_1_205' title='bbox 1119 1279 1217 1311; x_wconf 90' lang='lat' dir='ltr'><strong>ducis</strong></span> <span class='ocrx_word' id='word_1_206' title='bbox 1233 1278 1420 1321; x_wconf 84' lang='lat' dir='ltr'><strong>originem&#39;</strong></span> <span class='ocrx_word' id='word_1_207' title='bbox 1440 1288 1539 1321; x_wconf 88' lang='lat' dir='ltr'><strong>quam</strong></span> <span class='ocrx_word' id='word_1_208' title='bbox 1561 1279 1687 1311; x_wconf 81' lang='lat' dir='ltr'><strong>humile</strong></span> <span class='ocrx_word' id='word_1_209' title='bbox 1703 1285 1739 1311; x_wconf 84' lang='lat' dir='ltr'><strong>et</strong></span> <span class='ocrx_word' id='word_1_210' title='bbox 1754 1280 1825 1311; x_wconf 84' lang='lat' dir='ltr'><strong>vul-</strong></span> 
     </span>
     <span class='ocr_line' id='line_1_20' title="bbox 367 1330 1826 1375; baseline 0 -11"><span class='ocrx_word' id='word_1_211' title='bbox 367 1342 451 1374; x_wconf 85' lang='lat' dir='ltr'><strong>gare</strong></span> <span class='ocrx_word' id='word_1_212' title='bbox 467 1337 534 1373; x_wconf 88' lang='lat' dir='ltr'><strong>est,</strong></span> <span class='ocrx_word' id='word_1_213' title='bbox 549 1330 695 1364; x_wconf 83' lang='lat' dir='ltr'><strong>maxime</strong></span> <span class='ocrx_word' id='word_1_214' title='bbox 710 1336 786 1373; x_wconf 87' lang='lat' dir='ltr'><strong>post</strong></span> <span class='ocrx_word' id='word_1_215' title='bbox 812 1336 881 1364; x_wconf 85' lang='lat' dir='ltr'><strong>tam</strong></span> <span class='ocrx_word' id='word_1_216' title='bbox 903 1332 1105 1374; x_wconf 76' lang='lat' dir='ltr'><strong>exquisitam</strong></span> <span class='ocrx_word' id='word_1_217' title='bbox 1122 1333 1326 1375; x_wconf 84' lang='lat' dir='ltr'><strong>doctamque</strong></span> <span class='ocrx_word' id='word_1_218' title='bbox 1348 1332 1502 1374; x_wconf 79' lang='lat' dir='ltr'><strong>ejusdem</strong></span> <span class='ocrx_word' id='word_1_219' title='bbox 1517 1332 1697 1364; x_wconf 70' lang='lat' dir='ltr'><strong>sententiae</strong></span> <span class='ocrx_word' id='word_1_220' title='bbox 1713 1332 1826 1364; x_wconf 88' lang='lat' dir='ltr'><strong>elocu-</strong></span> 
     </span>
     <span class='ocr_line' id='line_1_21' title="bbox 370 1385 1050 1425; baseline 0.001 -9"><span class='ocrx_word' id='word_1_221' title='bbox 370 1386 510 1425; x_wconf 82' lang='lat' dir='ltr'><strong>tionem,</strong></span> <span class='ocrx_word' id='word_1_222' title='bbox 530 1386 540 1403; x_wconf 88' lang='lat'><em>‘</em></span> <span class='ocrx_word' id='word_1_223' title='bbox 553 1388 688 1418; x_wconf 84' lang='lat' dir='ltr'><strong>vetusto</strong></span> <span class='ocrx_word' id='word_1_224' title='bbox 704 1385 828 1417; x_wconf 89' lang='lat' dir='ltr'><strong>nobilis</strong></span> <span class='ocrx_word' id='word_1_225' title='bbox 843 1385 885 1417; x_wconf 90' lang='lat' dir='ltr'><strong>ab</strong></span> <span class='ocrx_word' id='word_1_226' title='bbox 901 1386 1005 1417; x_wconf 88' lang='lat' dir='ltr'><strong>Lamo</strong></span> <span class='ocrx_word' id='word_1_227' title='bbox 1019 1386 1028 1416; x_wconf 78' lang='lat'>1</span> <span class='ocrx_word' id='word_1_228' title='bbox 1041 1386 1050 1399; x_wconf 91' lang='lat'>’</span> 
     </span>
    </p>

    <p class='ocr_par' dir='ltr' id='par_1_4' title="bbox 367 1437 1830 2112">
     <span class='ocr_line' id='line_1_22' title="bbox 411 1437 1826 1479; baseline -0.001 -10"><span class='ocrx_word' id='word_1_229' title='bbox 411 1438 572 1478; x_wconf 88' lang='lat' dir='ltr'><strong>Denique</strong></span> <span class='ocrx_word' id='word_1_230' title='bbox 587 1437 682 1468; x_wconf 85' lang='lat' dir='ltr'><strong>facili</strong></span> <span class='ocrx_word' id='word_1_231' title='bbox 705 1447 811 1477; x_wconf 87' lang='lat' dir='ltr'><strong>opera</strong></span> <span class='ocrx_word' id='word_1_232' title='bbox 832 1443 961 1479; x_wconf 89' lang='lat' dir='ltr'><strong>potest,</strong></span> <span class='ocrx_word' id='word_1_233' title='bbox 984 1439 1076 1471; x_wconf 85' lang='lat' dir='ltr'><strong>unde</strong></span> <span class='ocrx_word' id='word_1_234' title='bbox 1103 1439 1414 1479; x_wconf 86' lang='lat' dir='ltr'><strong>originem-habeat</strong></span> <span class='ocrx_word' id='word_1_235' title='bbox 1429 1444 1497 1471; x_wconf 89' lang='lat' dir='ltr'><strong>tam</strong></span> <span class='ocrx_word' id='word_1_236' title='bbox 1520 1439 1677 1471; x_wconf 89' lang='lat' dir='ltr'><strong>miserum</strong></span> <span class='ocrx_word' id='word_1_237' title='bbox 1693 1437 1826 1468; x_wconf 84' lang='lat' dir='ltr'><strong>addita-</strong></span> 
     </span>
     <span class='ocr_line' id='line_1_23' title="bbox 367 1488 1826 1528; baseline 0 -8"><span class='ocrx_word' id='word_1_238' title='bbox 367 1491 535 1528; x_wconf 87' lang='lat' dir='ltr'><strong>mentum,</strong></span> <span class='ocrx_word' id='word_1_239' title='bbox 558 1488 715 1528; x_wconf 80' lang='lat' dir='ltr'><strong>intelligi.</strong></span> <span class='ocrx_word' id='word_1_240' title='bbox 758 1489 902 1518; x_wconf 74' lang='lat' dir='ltr'><strong>Scilicet</strong></span> <span class='ocrx_word' id='word_1_241' title='bbox 925 1493 1108 1521; x_wconf 86' lang='lat' dir='ltr'><strong>annotarat</strong></span> <span class='ocrx_word' id='word_1_242' title='bbox 1133 1490 1385 1524; x_wconf 79' lang='lat' dir='ltr'><strong>Grammaticus</strong></span> <span class='ocrx_word' id='word_1_243' title='bbox 1409 1491 1453 1518; x_wconf 84' lang='lat' dir='ltr'><strong>ad</strong></span> <span class='ocrx_word' id='word_1_244' title='bbox 1478 1498 1530 1519; x_wconf 75' lang='lat' dir='ltr'><strong>vs.</strong></span> <span class='ocrx_word' id='word_1_245' title='bbox 1556 1492 1588 1520; x_wconf 86' lang='lat'><strong>1.</strong></span> <span class='ocrx_word' id='word_1_246' title='bbox 1609 1489 1688 1519; x_wconf 84' lang='lat' dir='ltr'><strong>ideo</strong></span> <span class='ocrx_word' id='word_1_247' title='bbox 1702 1488 1826 1520; x_wconf 82' lang='lat' dir='ltr'><strong>AElium</strong></span> 
     </span>
     <span class='ocr_line' id='line_1_24' title="bbox 369 1537 1828 1579; baseline -0.001 -8"><span class='ocrx_word' id='word_1_248' title='bbox 369 1540 523 1572; x_wconf 80' lang='lat' dir='ltr'><strong>Lamiam</strong></span> <span class='ocrx_word' id='word_1_249' title='bbox 543 1538 709 1571; x_wconf 89' lang='lat' dir='ltr'><strong>‘nobilem</strong></span> <span class='ocrx_word' id='word_1_250' title='bbox 733 1537 778 1570; x_wconf 85' lang='lat' dir='ltr'><strong>ab</strong></span> <span class='ocrx_word' id='word_1_251' title='bbox 804 1537 931 1570; x_wconf 89' lang='lat' dir='ltr'><strong>Lamo&#39;</strong></span> <span class='ocrx_word' id='word_1_252' title='bbox 954 1538 1036 1578; x_wconf 87' lang='lat' dir='ltr'><strong>diei,</strong></span> <span class='ocrx_word' id='word_1_253' title='bbox 1065 1537 1146 1579; x_wconf 87' lang='lat' dir='ltr'><strong>quia</strong></span> <span class='ocrx_word' id='word_1_254' title='bbox 1167 1537 1318 1578; x_wconf 87' lang='lat' dir='ltr'><strong>majores</strong></span> <span class='ocrx_word' id='word_1_255' title='bbox 1338 1538 1478 1578; x_wconf 75' lang='lat' dir='ltr'><strong>Lamiae,</strong></span> <span class='ocrx_word' id='word_1_256' title='bbox 1504 1543 1542 1570; x_wconf 91' lang='lat' dir='ltr'><strong>et</strong></span> <span class='ocrx_word' id='word_1_257' title='bbox 1562 1538 1669 1570; x_wconf 85' lang='lat' dir='ltr'><strong>omnis</strong></span> <span class='ocrx_word' id='word_1_258' title='bbox 1692 1539 1828 1570; x_wconf 88' lang='lat' dir='ltr'><strong>omnino</strong></span> 
     </span>
     <span class='ocr_line' id='line_1_25' title="bbox 369 1590 1828 1634; baseline -0.001 -10"><span class='ocrx_word' id='word_1_259' title='bbox 369 1592 565 1624; x_wconf 86' lang='lat' dir='ltr'><strong>Lamiarum</strong></span> <span class='ocrx_word' id='word_1_260' title='bbox 579 1601 663 1634; x_wconf 85' lang='lat' dir='ltr'><strong>gens</strong></span> <span class='ocrx_word' id='word_1_261' title='bbox 685 1590 818 1624; x_wconf 84' lang='lat' dir='ltr'><strong>dicatur</strong></span> <span class='ocrx_word' id='word_1_262' title='bbox 839 1599 963 1623; x_wconf 84' lang='lat' dir='ltr'><strong>nomen</strong></span> <span class='ocrx_word' id='word_1_263' title='bbox 985 1590 1028 1622; x_wconf 87' lang='lat' dir='ltr'><strong>ab</strong></span> <span class='ocrx_word' id='word_1_264' title='bbox 1052 1590 1195 1631; x_wconf 88' lang='lat' dir='ltr'><strong>antiquo</strong></span> <span class='ocrx_word' id='word_1_265' title='bbox 1217 1590 1277 1621; x_wconf 88' lang='lat' dir='ltr'><strong>illo</strong></span> <span class='ocrx_word' id='word_1_266' title='bbox 1299 1590 1405 1622; x_wconf 88' lang='lat' dir='ltr'><strong>Lamo</strong></span> <span class='ocrx_word' id='word_1_267' title='bbox 1425 1590 1565 1632; x_wconf 81' lang='lat' dir='ltr'><strong>babere,</strong></span> <span class='ocrx_word' id='word_1_268' title='bbox 1587 1601 1646 1632; x_wconf 85' lang='lat' dir='ltr'><strong>np.</strong></span> <span class='ocrx_word' id='word_1_269' title='bbox 1667 1600 1711 1622; x_wconf 86' lang='lat' dir='ltr'><strong>ex</strong></span> <span class='ocrx_word' id='word_1_270' title='bbox 1732 1600 1828 1623; x_wconf 87' lang='lat' dir='ltr'><strong>more</strong></span> 
     </span>
     <span class='ocr_line' id='line_1_26' title="bbox 368 1640 1829 1685; baseline -0.001 -8"><span class='ocrx_word' id='word_1_271' title='bbox 368 1644 574 1677; x_wconf 82' lang='lat' dir='ltr'><strong>familiarum</strong></span> <span class='ocrx_word' id='word_1_272' title='bbox 589 1645 838 1676; x_wconf 84' lang='lat' dir='ltr'><strong>Romanarum:</strong></span> <span class='ocrx_word' id='word_1_273' title='bbox 862 1654 895 1676; x_wconf 82' lang='lat' dir='ltr'><strong>v.</strong></span> <span class='ocrx_word' id='word_1_274' title='bbox 913 1643 1018 1676; x_wconf 84' lang='lat' dir='ltr'><strong>Obss.</strong></span> <span class='ocrx_word' id='word_1_275' title='bbox 1062 1640 1255 1674; x_wconf 83' lang='lat' dir='ltr'><strong>Infeliciter</strong></span> <span class='ocrx_word' id='word_1_276' title='bbox 1270 1642 1324 1674; x_wconf 87' lang='lat' dir='ltr'><strong>vel</strong></span> <span class='ocrx_word' id='word_1_277' title='bbox 1336 1642 1440 1683; x_wconf 88' lang='lat' dir='ltr'><strong>idem,</strong></span> <span class='ocrx_word' id='word_1_278' title='bbox 1455 1644 1510 1675; x_wconf 86' lang='lat' dir='ltr'><strong>vel</strong></span> <span class='ocrx_word' id='word_1_279' title='bbox 1522 1643 1606 1675; x_wconf 80' lang='lat' dir='ltr'><strong>alins</strong></span> <span class='ocrx_word' id='word_1_280' title='bbox 1621 1644 1709 1685; x_wconf 86' lang='lat' dir='ltr'><strong>quis,</strong></span> <span class='ocrx_word' id='word_1_281' title='bbox 1725 1644 1829 1676; x_wconf 89' lang='lat' dir='ltr'><strong>animi</strong></span> 
     </span>
     <span class='ocr_line' id='line_1_27' title="bbox 370 1695 1828 1738; baseline -0.002 -8"><span class='ocrx_word' id='word_1_282' title='bbox 370 1708 486 1736; x_wconf 83' lang='lat' dir='ltr'><strong>causa,</strong></span> <span class='ocrx_word' id='word_1_283' title='bbox 502 1698 537 1730; x_wconf 90' lang='lat' dir='ltr'><strong>in</strong></span> <span class='ocrx_word' id='word_1_284' title='bbox 551 1707 669 1730; x_wconf 83' lang='lat' dir='ltr'><strong>versus</strong></span> <span class='ocrx_word' id='word_1_285' title='bbox 683 1697 767 1729; x_wconf 86' lang='lat' dir='ltr'><strong>illud</strong></span> <span class='ocrx_word' id='word_1_286' title='bbox 783 1697 935 1729; x_wconf 85' lang='lat' dir='ltr'><strong>scholion</strong></span> <span class='ocrx_word' id='word_1_287' title='bbox 952 1696 1153 1738; x_wconf 82' lang='lat' dir='ltr'><strong>redigebat:</strong></span> <span class='ocrx_word' id='word_1_288' title='bbox 1175 1697 1185 1714; x_wconf 92' lang='lat'>‘</span> <span class='ocrx_word' id='word_1_289' title='bbox 1200 1695 1348 1729; x_wconf 86' lang='lat' dir='ltr'><strong>Quando</strong></span> <span class='ocrx_word' id='word_1_290' title='bbox 1362 1700 1398 1728; x_wconf 90' lang='lat' dir='ltr'><strong>et</strong></span> <span class='ocrx_word' id='word_1_291' title='bbox 1412 1696 1547 1737; x_wconf 85' lang='lat' dir='ltr'><strong>priores</strong></span> <span class='ocrx_word' id='word_1_292' title='bbox 1562 1695 1641 1728; x_wconf 84' lang='lat' dir='ltr'><strong>bine</strong></span> <span class='ocrx_word' id='word_1_293' title='bbox 1655 1696 1695 1728; x_wconf 86' lang='lat' dir='ltr'><strong>L.</strong></span> <span class='ocrx_word' id='word_1_294' title='bbox 1709 1696 1828 1728; x_wconf 73' lang='lat' dir='ltr'><strong>ferunt</strong></span> 
     </span>
     <span class='ocr_line' id='line_1_28' title="bbox 370 1748 1828 1793; baseline -0.002 -10"><span class='ocrx_word' id='word_1_295' title='bbox 370 1751 620 1783; x_wconf 88' lang='lat' dir='ltr'><strong>Denominatos</strong></span> <span class='ocrx_word' id='word_1_296' title='bbox 635 1754 672 1783; x_wconf 92' lang='lat' dir='ltr'><strong>et</strong></span> <span class='ocrx_word' id='word_1_297' title='bbox 684 1755 848 1793; x_wconf 85' lang='lat' dir='ltr'><strong>nepotum</strong></span> <span class='ocrx_word' id='word_1_298' title='bbox 864 1751 935 1783; x_wconf 90' lang='lat' dir='ltr'><strong>Per</strong></span> <span class='ocrx_word' id='word_1_299' title='bbox 950 1760 995 1782; x_wconf 91' lang='lat' dir='ltr'><strong>m.</strong></span> <span class='ocrx_word' id='word_1_300' title='bbox 1010 1759 1116 1791; x_wconf 85' lang='lat' dir='ltr'><strong>genus</strong></span> <span class='ocrx_word' id='word_1_301' title='bbox 1130 1759 1163 1781; x_wconf 94' lang='lat' dir='ltr'><strong>o.</strong></span> <span class='ocrx_word' id='word_1_302' title='bbox 1176 1748 1307 1782; x_wconf 68' lang='lat' dir='ltr'><strong>fastos!</strong></span> <span class='ocrx_word' id='word_1_303' title='bbox 1341 1749 1411 1783; x_wconf 81' lang='lat' dir='ltr'><strong>Qui</strong></span> <span class='ocrx_word' id='word_1_304' title='bbox 1425 1758 1501 1781; x_wconf 91' lang='lat' dir='ltr'><strong>cum</strong></span> <span class='ocrx_word' id='word_1_305' title='bbox 1517 1752 1554 1781; x_wconf 91' lang='lat' dir='ltr'><strong>et</strong></span> <span class='ocrx_word' id='word_1_306' title='bbox 1570 1757 1701 1781; x_wconf 88' lang='lat' dir='ltr'><strong>versum</strong></span> <span class='ocrx_word' id='word_1_307' title='bbox 1718 1748 1828 1781; x_wconf 79' lang='lat' dir='ltr'><strong>adbuc</strong></span> 
     </span>
     <span class='ocr_line' id='line_1_29' title="bbox 370 1801 1829 1846; baseline -0.001 -11"><span class='ocrx_word' id='word_1_308' title='bbox 370 1804 491 1836; x_wconf 87' lang='lat' dir='ltr'><strong>deesse</strong></span> <span class='ocrx_word' id='word_1_309' title='bbox 506 1804 664 1846; x_wconf 84' lang='lat' dir='ltr'><strong>vidisset,</strong></span> <span class='ocrx_word' id='word_1_310' title='bbox 678 1809 715 1837; x_wconf 88' lang='lat' dir='ltr'><strong>et</strong></span> <span class='ocrx_word' id='word_1_311' title='bbox 729 1805 933 1836; x_wconf 87' lang='lat' dir='ltr'><strong>sententiam</strong></span> <span class='ocrx_word' id='word_1_312' title='bbox 950 1804 985 1836; x_wconf 91' lang='lat' dir='ltr'><strong>in</strong></span> <span class='ocrx_word' id='word_1_313' title='bbox 1008 1813 1133 1836; x_wconf 80' lang='lat' dir='ltr'><strong>nexum</strong></span> <span class='ocrx_word' id='word_1_314' title='bbox 1148 1811 1226 1835; x_wconf 90' lang='lat' dir='ltr'><strong>cum</strong></span> <span class='ocrx_word' id='word_1_315' title='bbox 1241 1812 1315 1844; x_wconf 82' lang='lat' dir='ltr'><strong>sqq.</strong></span> <span class='ocrx_word' id='word_1_316' title='bbox 1332 1801 1514 1835; x_wconf 84' lang='lat' dir='ltr'><strong>reflectere</strong></span> <span class='ocrx_word' id='word_1_317' title='bbox 1537 1806 1696 1844; x_wconf 85' lang='lat' dir='ltr'><strong>cuperet,</strong></span> <span class='ocrx_word' id='word_1_318' title='bbox 1709 1802 1743 1833; x_wconf 88' lang='lat' dir='ltr'><strong>in</strong></span> <span class='ocrx_word' id='word_1_319' title='bbox 1758 1802 1829 1834; x_wconf 86' lang='lat' dir='ltr'><strong>ani-</strong></span> 
     </span>
     <span class='ocr_line' id='line_1_30' title="bbox 370 1854 1828 1900; baseline -0.002 -10"><span class='ocrx_word' id='word_1_320' title='bbox 370 1868 461 1890; x_wconf 88' lang='lat' dir='ltr'><strong>mum</strong></span> <span class='ocrx_word' id='word_1_321' title='bbox 477 1858 677 1899; x_wconf 86' lang='lat' dir='ltr'><strong>inducebat,</strong></span> <span class='ocrx_word' id='word_1_322' title='bbox 691 1862 849 1900; x_wconf 87' lang='lat' dir='ltr'><strong>repetere</strong></span> <span class='ocrx_word' id='word_1_323' title='bbox 866 1858 968 1899; x_wconf 88' lang='lat' dir='ltr'><strong>primi</strong></span> <span class='ocrx_word' id='word_1_324' title='bbox 983 1867 1100 1889; x_wconf 85' lang='lat' dir='ltr'><strong>versus</strong></span> <span class='ocrx_word' id='word_1_325' title='bbox 1115 1856 1323 1889; x_wconf 86' lang='lat' dir='ltr'><strong>sententiam</strong></span> <span class='ocrx_word' id='word_1_326' title='bbox 1337 1867 1346 1887; x_wconf 71' lang='grc' dir='ltr'><strong>ε</strong></span> <span class='ocrx_word' id='word_1_327' title='bbox 1370 1855 1380 1872; x_wconf 89' lang='lat'>‘</span> <span class='ocrx_word' id='word_1_328' title='bbox 1392 1854 1542 1888; x_wconf 81' lang='lat' dir='ltr'><strong>Auctore</strong></span> <span class='ocrx_word' id='word_1_329' title='bbox 1554 1855 1667 1888; x_wconf 85' lang='lat' dir='ltr'><strong>abillo</strong></span> <span class='ocrx_word' id='word_1_330' title='bbox 1681 1856 1715 1888; x_wconf 90' lang='lat' dir='ltr'><strong>d.</strong></span> <span class='ocrx_word' id='word_1_331' title='bbox 1727 1855 1828 1896; x_wconf 74' lang='lat' dir='ltr'><strong>origi-</strong></span> 
     </span>
     <span class='ocr_line' id='line_1_31' title="bbox 370 1907 1829 1952; baseline -0.002 -10"><span class='ocrx_word' id='word_1_332' title='bbox 370 1910 471 1944; x_wconf 68' lang='lat' dir='ltr'><strong>nem!</strong></span> <span class='ocrx_word' id='word_1_333' title='bbox 516 1911 602 1943; x_wconf 86' lang='lat' dir='ltr'><strong>Mox</strong></span> <span class='ocrx_word' id='word_1_334' title='bbox 616 1911 790 1952; x_wconf 87' lang='lat' dir='ltr'><strong>librarius,</strong></span> <span class='ocrx_word' id='word_1_335' title='bbox 813 1911 883 1943; x_wconf 91' lang='lat' dir='ltr'><strong>tale</strong></span> <span class='ocrx_word' id='word_1_336' title='bbox 908 1911 1103 1952; x_wconf 83' lang='lat' dir='ltr'><strong>exemplum</strong></span> <span class='ocrx_word' id='word_1_337' title='bbox 1127 1914 1265 1950; x_wconf 85' lang='lat' dir='ltr'><strong>nactus,</strong></span> <span class='ocrx_word' id='word_1_338' title='bbox 1281 1908 1475 1951; x_wconf 80' lang='lat' dir='ltr'><strong>gaudioque</strong></span> <span class='ocrx_word' id='word_1_339' title='bbox 1493 1909 1662 1950; x_wconf 79' lang='lat' dir='ltr'><strong>exultans,</strong></span> <span class='ocrx_word' id='word_1_340' title='bbox 1678 1907 1768 1950; x_wconf 86' lang='lat' dir='ltr'><strong>quod</strong></span> <span class='ocrx_word' id='word_1_341' title='bbox 1785 1917 1829 1940; x_wconf 84' lang='lat' dir='ltr'><strong>ex</strong></span> 
     </span>
     <span class='ocr_line' id='line_1_32' title="bbox 371 1959 1830 2006; baseline -0.003 -10"><span class='ocrx_word' id='word_1_342' title='bbox 371 1973 412 1995; x_wconf 86' lang='lat' dir='ltr'><strong>eo</strong></span> <span class='ocrx_word' id='word_1_343' title='bbox 428 1963 531 1996; x_wconf 90' lang='lat' dir='ltr'><strong>Oden</strong></span> <span class='ocrx_word' id='word_1_344' title='bbox 544 1973 669 2005; x_wconf 85' lang='lat' dir='ltr'><strong>augere</strong></span> <span class='ocrx_word' id='word_1_345' title='bbox 681 1968 810 2006; x_wconf 85' lang='lat' dir='ltr'><strong>posset,</strong></span> <span class='ocrx_word' id='word_1_346' title='bbox 828 1963 863 1995; x_wconf 91' lang='lat' dir='ltr'><strong>in</strong></span> <span class='ocrx_word' id='word_1_347' title='bbox 877 1968 1078 1996; x_wconf 84' lang='lat' dir='ltr'><strong>contextum</strong></span> <span class='ocrx_word' id='word_1_348' title='bbox 1094 1969 1163 1995; x_wconf 91' lang='lat' dir='ltr'><strong>tam</strong></span> <span class='ocrx_word' id='word_1_349' title='bbox 1178 1963 1371 2003; x_wconf 81' lang='lat' dir='ltr'><strong>elegantem</strong></span> <span class='ocrx_word' id='word_1_350' title='bbox 1387 1971 1533 2003; x_wconf 85' lang='lat' dir='ltr'><strong>pannum</strong></span> <span class='ocrx_word' id='word_1_351' title='bbox 1546 1960 1726 1993; x_wconf 80' lang='lat' dir='ltr'><strong>inferebat.</strong></span> <span class='ocrx_word' id='word_1_352' title='bbox 1759 1959 1830 1992; x_wconf 86' lang='lat' dir='ltr'><strong>Ve-</strong></span> 
     </span>
     <span class='ocr_line' id='line_1_33' title="bbox 371 2013 1828 2056; baseline -0.002 -9"><span class='ocrx_word' id='word_1_353' title='bbox 371 2026 445 2047; x_wconf 85' lang='lat' dir='ltr'><strong>rum</strong></span> <span class='ocrx_word' id='word_1_354' title='bbox 473 2017 548 2049; x_wconf 84' lang='lat' dir='ltr'><strong>haec</strong></span> <span class='ocrx_word' id='word_1_355' title='bbox 579 2017 692 2049; x_wconf 90' lang='lat' dir='ltr'><strong>omnia</strong></span> <span class='ocrx_word' id='word_1_356' title='bbox 719 2016 904 2049; x_wconf 87' lang='lat' dir='ltr'><strong>admodum</strong></span> <span class='ocrx_word' id='word_1_357' title='bbox 933 2021 1067 2049; x_wconf 89' lang='lat' dir='ltr'><strong>mature</strong></span> <span class='ocrx_word' id='word_1_358' title='bbox 1090 2015 1186 2049; x_wconf 85' lang='lat' dir='ltr'><strong>facta</strong></span> <span class='ocrx_word' id='word_1_359' title='bbox 1214 2026 1290 2048; x_wconf 82' lang='lat' dir='ltr'><strong>esse</strong></span> <span class='ocrx_word' id='word_1_360' title='bbox 1308 2019 1457 2056; x_wconf 81' lang='lat' dir='ltr'><strong>oportet,</strong></span> <span class='ocrx_word' id='word_1_361' title='bbox 1481 2020 1521 2048; x_wconf 89' lang='lat' dir='ltr'><strong>ut</strong></span> <span class='ocrx_word' id='word_1_362' title='bbox 1549 2024 1678 2055; x_wconf 84' lang='lat' dir='ltr'><strong>omnes,</strong></span> <span class='ocrx_word' id='word_1_363' title='bbox 1701 2013 1760 2056; x_wconf 91' lang='lat' dir='ltr'><strong>qni</strong></span> <span class='ocrx_word' id='word_1_364' title='bbox 1784 2013 1828 2045; x_wconf 81' lang='lat' dir='ltr'><strong>ad</strong></span> 
     </span>
     <span class='ocr_line' id='line_1_34' title="bbox 370 2065 1787 2112; baseline 0 -13"><span class='ocrx_word' id='word_1_365' title='bbox 370 2073 523 2101; x_wconf 85' lang='lat' dir='ltr'><strong>nostram</strong></span> <span class='ocrx_word' id='word_1_366' title='bbox 539 2073 678 2102; x_wconf 86' lang='lat' dir='ltr'><strong>aetatem</strong></span> <span class='ocrx_word' id='word_1_367' title='bbox 694 2079 899 2112; x_wconf 86' lang='lat' dir='ltr'><strong>pervenere,</strong></span> <span class='ocrx_word' id='word_1_368' title='bbox 915 2065 1052 2102; x_wconf 82' lang='lat' dir='ltr'><strong>codices</strong></span> <span class='ocrx_word' id='word_1_369' title='bbox 1064 2070 1131 2102; x_wconf 90' lang='lat' dir='ltr'><strong>isto</strong></span> <span class='ocrx_word' id='word_1_370' title='bbox 1146 2069 1207 2102; x_wconf 85' lang='lat' dir='ltr'><strong>tali</strong></span> <span class='ocrx_word' id='word_1_371' title='bbox 1223 2069 1459 2101; x_wconf 85' lang='lat' dir='ltr'><strong>additamento</strong></span> <span class='ocrx_word' id='word_1_372' title='bbox 1475 2071 1787 2109; x_wconf 85' lang='lat' dir='ltr'><strong>corrumperentur.</strong></span> 
     </span>
    </p>

    <p class='ocr_par' dir='ltr' id='par_1_5' title="bbox 374 2120 1829 2217">
     <span class='ocr_line' id='line_1_35' title="bbox 414 2120 1828 2162; baseline -0.001 -10"><span class='ocrx_word' id='word_1_373' title='bbox 414 2121 529 2152; x_wconf 82' lang='lat' dir='ltr'><strong>Quare</strong></span> <span class='ocrx_word' id='word_1_374' title='bbox 546 2126 616 2154; x_wconf 90' lang='lat' dir='ltr'><strong>tam</strong></span> <span class='ocrx_word' id='word_1_375' title='bbox 633 2123 783 2160; x_wconf 80' lang='lat' dir='ltr'><strong>inutiles,</strong></span> <span class='ocrx_word' id='word_1_376' title='bbox 801 2127 868 2155; x_wconf 80' lang='lat' dir='ltr'><strong>tam</strong></span> <span class='ocrx_word' id='word_1_377' title='bbox 885 2122 1042 2156; x_wconf 87' lang='lat' dir='ltr'><strong>inficetos</strong></span> <span class='ocrx_word' id='word_1_378' title='bbox 1059 2133 1100 2155; x_wconf 90' lang='lat' dir='ltr'><strong>ac</strong></span> <span class='ocrx_word' id='word_1_379' title='bbox 1115 2123 1324 2159; x_wconf 80' lang='lat' dir='ltr'><strong>invenustus,</strong></span> <span class='ocrx_word' id='word_1_380' title='bbox 1340 2125 1411 2153; x_wconf 88' lang='lat' dir='ltr'><strong>tam</strong></span> <span class='ocrx_word' id='word_1_381' title='bbox 1427 2130 1565 2162; x_wconf 80' lang='lat' dir='ltr'><strong>prorsus</strong></span> <span class='ocrx_word' id='word_1_382' title='bbox 1579 2120 1735 2160; x_wconf 82' lang='lat' dir='ltr'><strong>indignos</strong></span> <span class='ocrx_word' id='word_1_383' title='bbox 1750 2122 1828 2150; x_wconf 79' lang='lat' dir='ltr'><strong>vate</strong></span> 
     </span>
     <span class='ocr_line' id='line_1_36' title="bbox 374 2170 1829 2217; baseline 0.001 -16"><span class='ocrx_word' id='word_1_384' title='bbox 374 2170 537 2210; x_wconf 82' lang='lat' dir='ltr'><strong>Horatio,</strong></span> <span class='ocrx_word' id='word_1_385' title='bbox 550 2177 653 2213; x_wconf 82' lang='lat' dir='ltr'><strong>atque</strong></span> <span class='ocrx_word' id='word_1_386' title='bbox 667 2176 797 2207; x_wconf 81' lang='lat' dir='ltr'><strong>alienos</strong></span> <span class='ocrx_word' id='word_1_387' title='bbox 812 2176 855 2208; x_wconf 89' lang='lat' dir='ltr'><strong>ab</strong></span> <span class='ocrx_word' id='word_1_388' title='bbox 871 2176 1003 2208; x_wconf 85' lang='lat' dir='ltr'><strong>ratione</strong></span> <span class='ocrx_word' id='word_1_389' title='bbox 1020 2175 1127 2217; x_wconf 86' lang='lat' dir='ltr'><strong>lyrica</strong></span> <span class='ocrx_word' id='word_1_390' title='bbox 1142 2184 1275 2214; x_wconf 84' lang='lat' dir='ltr'><strong>versus,</strong></span> <span class='ocrx_word' id='word_1_391' title='bbox 1290 2174 1365 2216; x_wconf 87' lang='lat' dir='ltr'><strong>quis</strong></span> <span class='ocrx_word' id='word_1_392' title='bbox 1376 2183 1443 2206; x_wconf 89' lang='lat' dir='ltr'><strong>uon</strong></span> <span class='ocrx_word' id='word_1_393' title='bbox 1457 2183 1520 2215; x_wconf 90' lang='lat' dir='ltr'><strong>pro</strong></span> <span class='ocrx_word' id='word_1_394' title='bbox 1534 2172 1645 2214; x_wconf 88' lang='lat' dir='ltr'><strong>inepti</strong></span> <span class='ocrx_word' id='word_1_395' title='bbox 1655 2171 1829 2204; x_wconf 75' lang='lat' dir='ltr'><strong>Gramma-</strong></span> 
     </span>
    </p>

    <p class='ocr_par' dir='ltr' id='par_1_6' title="bbox 316 2223 1830 2530">
     <span class='ocr_line' id='line_1_37' title="bbox 373 2223 1829 2268; baseline 0.003 -14"><span class='ocrx_word' id='word_1_396' title='bbox 373 2223 433 2254; x_wconf 89' lang='lat' dir='ltr'><strong>tici</strong></span> <span class='ocrx_word' id='word_1_397' title='bbox 463 2223 586 2255; x_wconf 84' lang='lat' dir='ltr'><strong>malive</strong></span> <span class='ocrx_word' id='word_1_398' title='bbox 610 2223 792 2256; x_wconf 75' lang='lat' dir='ltr'><strong>deterioris</strong></span> <span class='ocrx_word' id='word_1_399' title='bbox 817 2229 930 2260; x_wconf 68' lang='lat' dir='ltr'><strong>aetatis</strong></span> <span class='ocrx_word' id='word_1_400' title='bbox 954 2229 1076 2261; x_wconf 67' lang='lat' dir='ltr'><strong>Poetae</strong></span> <span class='ocrx_word' id='word_1_401' title='bbox 1100 2233 1295 2261; x_wconf 88' lang='lat' dir='ltr'><strong>commento</strong></span> <span class='ocrx_word' id='word_1_402' title='bbox 1317 2227 1456 2268; x_wconf 76' lang='lat' dir='ltr'><strong>habeat,</strong></span> <span class='ocrx_word' id='word_1_403' title='bbox 1470 2225 1727 2268; x_wconf 87' lang='lat' dir='ltr'><strong>ejiciendosque</strong></span> <span class='ocrx_word' id='word_1_404' title='bbox 1749 2232 1829 2258; x_wconf 75' lang='lat' dir='ltr'><strong>cen-</strong></span> 
     </span>
     <span class='ocr_line' id='line_1_38' title="bbox 316 2270 1829 2322; baseline 0.001 -16"><span class='ocrx_word' id='word_1_405' title='bbox 316 2270 322 2274; x_wconf 76' lang='lat'>&#39;</span> <span class='ocrx_word' id='word_1_406' title='bbox 372 2283 449 2307; x_wconf 80' lang='lat' dir='ltr'><strong>seat</strong></span> <span class='ocrx_word' id='word_1_407' title='bbox 464 2276 476 2306; x_wconf 86' lang='lat'>?</span> <span class='ocrx_word' id='word_1_408' title='bbox 520 2275 619 2308; x_wconf 88' lang='lat' dir='ltr'><strong>Fecit</strong></span> <span class='ocrx_word' id='word_1_409' title='bbox 633 2276 698 2307; x_wconf 86' lang='lat' dir='ltr'><strong>boc</strong></span> <span class='ocrx_word' id='word_1_410' title='bbox 712 2276 867 2307; x_wconf 88' lang='lat' dir='ltr'><strong>ultimum</strong></span> <span class='ocrx_word' id='word_1_411' title='bbox 881 2277 1102 2319; x_wconf 73' lang='lat' dir='ltr'><strong>Sanadonns3</strong></span> <span class='ocrx_word' id='word_1_412' title='bbox 1126 2280 1294 2322; x_wconf 85' lang='lat' dir='ltr'><strong>probante</strong></span> <span class='ocrx_word' id='word_1_413' title='bbox 1309 2279 1463 2320; x_wconf 81' lang='lat' dir='ltr'><strong>Jonesio,</strong></span> <span class='ocrx_word' id='word_1_414' title='bbox 1475 2288 1586 2321; x_wconf 88' lang='lat' dir='ltr'><strong>neque</strong></span> <span class='ocrx_word' id='word_1_415' title='bbox 1600 2277 1829 2319; x_wconf 83' lang='lat' dir='ltr'><strong>improbante,</strong></span> 
     </span>
     <span class='ocr_line' id='line_1_39' title="bbox 373 2326 1829 2374; baseline -0.001 -14"><span class='ocrx_word' id='word_1_416' title='bbox 373 2334 412 2360; x_wconf 80' lang='lat' dir='ltr'><strong>ut</strong></span> <span class='ocrx_word' id='word_1_417' title='bbox 430 2329 578 2370; x_wconf 84' lang='lat' dir='ltr'><strong>videtur,</strong></span> <span class='ocrx_word' id='word_1_418' title='bbox 599 2328 768 2361; x_wconf 83' lang='lat' dir='ltr'><strong>Gesnero.</strong></span> <span class='ocrx_word' id='word_1_419' title='bbox 815 2326 979 2360; x_wconf 79' lang='lat' dir='ltr'><strong>Attamen</strong></span> <span class='ocrx_word' id='word_1_420' title='bbox 994 2337 1073 2368; x_wconf 81' lang='lat' dir='ltr'><strong>ego,</strong></span> <span class='ocrx_word' id='word_1_421' title='bbox 1089 2332 1239 2364; x_wconf 80' lang='lat' dir='ltr'><strong>dandum</strong></span> <span class='ocrx_word' id='word_1_422' title='bbox 1253 2332 1381 2374; x_wconf 83' lang='lat' dir='ltr'><strong>aliquid</strong></span> <span class='ocrx_word' id='word_1_423' title='bbox 1405 2332 1560 2364; x_wconf 82' lang='lat' dir='ltr'><strong>codicum</strong></span> <span class='ocrx_word' id='word_1_424' title='bbox 1583 2334 1685 2372; x_wconf 89' lang='lat' dir='ltr'><strong>atque</strong></span> <span class='ocrx_word' id='word_1_425' title='bbox 1709 2328 1829 2361; x_wconf 85' lang='lat' dir='ltr'><strong>editio·</strong></span> 
     </span>
     <span class='ocr_line' id='line_1_40' title="bbox 373 2379 1830 2424; baseline -0.005 -12"><span class='ocrx_word' id='word_1_426' title='bbox 373 2391 466 2421; x_wconf 86' lang='lat' dir='ltr'><strong>num,</strong></span> <span class='ocrx_word' id='word_1_427' title='bbox 481 2392 557 2424; x_wconf 86' lang='lat' dir='ltr'><strong>quae</strong></span> <span class='ocrx_word' id='word_1_428' title='bbox 571 2381 677 2413; x_wconf 90' lang='lat' dir='ltr'><strong>semel</strong></span> <span class='ocrx_word' id='word_1_429' title='bbox 692 2380 846 2418; x_wconf 82' lang='lat' dir='ltr'><strong>invaluit,</strong></span> <span class='ocrx_word' id='word_1_430' title='bbox 869 2379 1069 2412; x_wconf 90' lang='lat' dir='ltr'><strong>auctoritati</strong></span> <span class='ocrx_word' id='word_1_431' title='bbox 1092 2384 1200 2419; x_wconf 80' lang='lat' dir='ltr'><strong>ratus,</strong></span> <span class='ocrx_word' id='word_1_432' title='bbox 1221 2389 1350 2416; x_wconf 67' lang='lat' dir='ltr'><strong>versus,</strong></span> <span class='ocrx_word' id='word_1_433' title='bbox 1370 2383 1505 2414; x_wconf 65' lang='lat' dir='ltr'><strong>etiamsi</strong></span> <span class='ocrx_word' id='word_1_434' title='bbox 1530 2387 1598 2414; x_wconf 67' lang='lat' dir='ltr'><strong>tam</strong></span> <span class='ocrx_word' id='word_1_435' title='bbox 1620 2381 1746 2413; x_wconf 66' lang='lat' dir='ltr'><strong>merito</strong></span> <span class='ocrx_word' id='word_1_436' title='bbox 1758 2389 1830 2411; x_wconf 67' lang='lat' dir='ltr'><strong>m.-</strong></span> 
     </span>
     <span class='ocr_line' id='line_1_41' title="bbox 372 2431 1830 2475; baseline -0.002 -9"><span class='ocrx_word' id='word_1_437' title='bbox 372 2439 507 2475; x_wconf 88' lang='lat' dir='ltr'><strong>pectos,</strong></span> <span class='ocrx_word' id='word_1_438' title='bbox 520 2439 590 2466; x_wconf 88' lang='lat' dir='ltr'><strong>tam</strong></span> <span class='ocrx_word' id='word_1_439' title='bbox 608 2433 843 2475; x_wconf 88' lang='lat' dir='ltr'><strong>probabiliter,</strong></span> <span class='ocrx_word' id='word_1_440' title='bbox 856 2434 910 2465; x_wconf 86' lang='lat' dir='ltr'><strong>vel</strong></span> <span class='ocrx_word' id='word_1_441' title='bbox 927 2437 1022 2466; x_wconf 89' lang='lat' dir='ltr'><strong>certe</strong></span> <span class='ocrx_word' id='word_1_442' title='bbox 1038 2433 1166 2474; x_wconf 88' lang='lat' dir='ltr'><strong>potius,</strong></span> <span class='ocrx_word' id='word_1_443' title='bbox 1178 2431 1325 2473; x_wconf 80' lang='lat' dir='ltr'><strong>spurios,</strong></span> <span class='ocrx_word' id='word_1_444' title='bbox 1339 2435 1452 2464; x_wconf 88' lang='lat' dir='ltr'><strong>tamen</strong></span> <span class='ocrx_word' id='word_1_445' title='bbox 1473 2441 1540 2464; x_wconf 90' lang='lat' dir='ltr'><strong>non</strong></span> <span class='ocrx_word' id='word_1_446' title='bbox 1558 2431 1777 2472; x_wconf 85' lang='lat' dir='ltr'><strong>resecandos,</strong></span> <span class='ocrx_word' id='word_1_447' title='bbox 1792 2436 1830 2464; x_wconf 81' lang='lat' dir='ltr'><strong>at</strong></span> 
     </span>
     <span class='ocr_line' id='line_1_42' title="bbox 376 2482 1341 2530; baseline -0.003 -11"><span class='ocrx_word' id='word_1_448' title='bbox 376 2488 471 2520; x_wconf 84' lang='lat' dir='ltr'><strong>uncis</strong></span> <span class='ocrx_word' id='word_1_449' title='bbox 486 2487 712 2520; x_wconf 88' lang='lat' dir='ltr'><strong>includendos</strong></span> <span class='ocrx_word' id='word_1_450' title='bbox 727 2491 833 2530; x_wconf 89' lang='lat' dir='ltr'><strong>atque</strong></span> <span class='ocrx_word' id='word_1_451' title='bbox 845 2486 1017 2519; x_wconf 85' lang='lat' dir='ltr'><strong>asteriscis</strong></span> <span class='ocrx_word' id='word_1_452' title='bbox 1030 2484 1196 2518; x_wconf 83' lang='lat' dir='ltr'><strong>notandos</strong></span> <span class='ocrx_word' id='word_1_453' title='bbox 1212 2482 1341 2517; x_wconf 74' lang='lat' dir='ltr'><strong>curavi.</strong></span> 
     </span>
    </p>
   </div>
  </div>
 </body>
</html>
