1916 3190
268 249 352 290 140
747 259 789 297 Q.
822 258 1030 289 HORATu
1068 259 1241 290 emmor

497 352 645 393 Pones
667 352 861 404 Iambis3
892 353 988 394 sive
1006 352 1197 402 flamma,

549 419 652 461 Sive
673 420 780 460 mari
799 419 907 460 libet
926 418 1138 460 Adriano.

436 486 540 528 Non
561 487 851 542 Dindymene,
870 499 955 528 non
977 486 1124 541 adytis
1142 486 1284 540 quatit
1687 485 1717 525 5

436 553 631 596 Mentem
652 554 935 596 sacerdotum
957 554 1101 595 incola
1122 552 1329 607 Pythius,

495 621 602 663 Non
623 622 756 663 Liber
775 635 916 675 aeque,
937 635 1025 662 non
1045 626 1178 662 acuta

554 689 630 730 Sic
651 689 870 742 geminant
891 688 1161 743 Corybantes
1184 700 1287 736 aera,

263 825 321 847 seu
335 817 421 858 igne,
437 828 490 849 seu
504 818 585 849 mari
596 820 698 858 placet
720 818 898 849 Adriatico.
944 819 1012 850 Nec
1029 817 1153 858 Cybele,
1169 827 1226 848 nec
1239 816 1351 857 Apollo
1372 814 1562 846 inhabitator
1580 813 1716 844 animum

267 860 509 901 sacrificulorum
523 862 557 892 in
570 861 717 892 sacrariis
730 862 777 892 ita
792 864 971 897 commovet,
984 867 1039 892 nec
1055 860 1196 892 Bacchus
1207 870 1219 897 ;
1242 868 1338 900 neque
1356 858 1548 899 Corybantes
1563 860 1628 887 tum
1651 864 1716 886 cre-

872 964 1113 978 eeeeeeeeeeee

267 1031 287 1060 4
304 1028 430 1061 Sanad.
444 1030 540 1061 lubet.
563 1029 732 1061 Hadriano
745 1030 905 1062 Torrent.
929 1031 1047 1062 Bentl.
1063 1030 1208 1070 Cuning.
1223 1031 1302 1062 San.
1311 1029 1407 1068 sani,
1423 1029 1565 1060 Wetzel.
1575 1028 1720 1060 Mitsch.

270 1077 305 1101 et
322 1071 458 1102 Wakef.
504 1073 648 1103 Adriano
670 1073 705 1103 in
728 1072 810 1113 vulg
812 1083 843 1113 g.
887 1073 978 1104 Vide
1003 1072 1083 1105 Jov.
1106 1072 1254 1103 Pontan.
1283 1071 1325 1102 de
1351 1071 1570 1112 Aspiratione
1586 1079 1612 1102 ι.
1635 1069 1718 1103 Ald.

269 1114 405 1145 Manut.
429 1114 475 1145 in
487 1114 655 1156 Orthogr.
682 1083 812 1154 B'roiikg.
839 1114 881 1146 ad
909 1115 1004 1155 Prop
1008 1120 1072 1147 ert.
1089 1123 1112 1147 1.
1129 1117 1160 1146 6.
1176 1118 1206 1146 1.
1233 1119 1269 1146 et
1289 1113 1465 1146 Drakenb.
1489 1113 1532 1145 ad
1553 1113 1613 1144 Sil.
1638 1112 1720 1145 Ital.

270 1165 353 1187 vm.
377 1159 454 1190 439.
457 1161 519 1188 -5
545 1157 616 1189 Alt.
633 1160 665 1189 2.
690 1155 775 1189 Nee
779 1151 918 1189 Dinec.
962 1157 1040 1189 Tib.
1056 1157 1306 1189 Hemsterhus.¹
1319 1157 1411 1198 conj.
1425 1156 1528 1198 adyti,
1548 1155 1717 1197 probante

269 1198 439 1230 Valcken.
457 1199 498 1231 ad
516 1199 647 1231 Herod.
664 1209 699 1231 v.
715 1199 901 1232 5..—6Alt
917 1202 948 1231 2.
962 1201 1088 1231 Mentee
1099 1201 1305 1231 sacerdotum.
1335 1199 1504 1231 Sanndon·
1520 1199 1619 1239 legit:
1642 1198 1719 1230 Non

268 1240 365 1272 Liber
377 1252 476 1283 oeque,
491 1251 598 1275 nona.
610 1253 640 1283 q.
657 1242 708 1274 M.
724 1252 752 1274 ε.
767 1243 790 1273 i.
803 1243 846 1275 P.
869 1243 940 1274 Non
965 1242 1177 1283 Dindymene,
1201 1252 1274 1281 non,
1295 1243 1350 1282 ὅγε.
1372 1242 1431 1273 sed
1457 1246 1580 1273 contra
1601 1249 1718 1272 omnes

270 1283 372 1315 codd.
387 1290 423 1316 et
439 1284 584 1317 edm—8
608 1286 618 1302 ‘
631 1284 687 1316 Sic
698 1285 862 1324 geminant
877 1285 1015 1326 vulgata
1028 1285 1131 1316 lectio
1144 1295 1154 1324 ;
1177 1284 1238 1316 sed
1252 1294 1327 1325 quae
1341 1293 1475 1315 sensum
1489 1284 1588 1315 valde
1603 1283 1722 1315 obscu-

268 1331 325 1357 rat
340 1336 380 1358 ac
394 1327 523 1359 turbat.
567 1327 655 1359 Nam
675 1337 724 1359 vs.
740 1330 773 1359 9.
789 1327 834 1358 ob
851 1327 1058 1359 antecedens
1072 1337 1134 1358 non
1155 1326 1200 1358 sic
1222 1326 1324 1358 aliter
1349 1327 1461 1368 accipi
1487 1335 1624 1367 prorsus
1650 1334 1718 1357 non

269 1372 400 1410 potest,
423 1379 481 1402 ac:
506 1370 614 1402 tristes
628 1373 664 1401 ut
678 1370 736 1401 iroe
747 1370 911 1409 geminant
923 1379 1001 1402 ῶνα.
1046 1369 1133 1402 Quae
1146 1369 1236 1401 enim
1249 1378 1293 1400 ex
1306 1369 1430 1410 virgil.
1446 1369 1523 1401 AEn.
1537 1377 1578 1400 ιι.
1592 1370 1668 1400 496.
1684 1376 1719 1398 v.

916 1465 1058 1499 NOTAE

312 1543 331 1572 3
357 1539 490 1580 lambis]
515 1541 604 1573 Sunt
625 1541 713 1573 enim
730 1541 874 1573 Iambici
890 1551 964 1573 ver-

271 1599 327 1621 sus
342 1589 670 1628 admaledicendum
681 1591 858 1632 aptissimi.
873 1592 964 1624 ‘Sie-

269 1646 309 1671 ut
335 1641 474 1672 Iambus
501 1651 544 1672 ex
571 1641 666 1673 brevi
693 1647 731 1674 et
756 1643 856 1682 longa
885 1652 965 1675 con·

269 1696 350 1732 stat,
374 1692 423 1723 ita
448 1693 656 1724 contumelia
670 1702 713 1724 ex
729 1694 845 1734 parvis
858 1692 966 1725 initiis

270 1742 313 1773 ad
326 1751 450 1783 magna
466 1742 645 1782 procedit?
666 1742 789 1775 Suidas.
831 1741 965 1783 Ἰαμβίζ-

269 1803 315 1823 ειν
349 1792 481 1825 Graecis
512 1798 566 1824 est
602 1793 776 1825 maledictis
808 1793 967 1828 insectari.

271 1843 396 1875 Horat.
425 1842 468 1874 ad
498 1843 663 1875 Pisones:
700 1844 711 1861 ‘
723 1843 966 1876 Archilochum

268 1892 407 1933 proprio
423 1892 536 1923 rabies
550 1894 694 1925 armavit
709 1893 850 1926 lambo!

311 1942 386 1972 Sit-e
404 1941 550 1982 flamma,
570 1942 646 1973 Sive
670 1944 752 1973 mari
771 1942 862 1982 tibet]
886 1943 966 1983 Ipse

267 2000 363 2023 sunm
388 1999 525 2022 carmen
544 1991 748 2023 maledicum
767 1992 906 2022 damnat
920 1992 966 2032 ig-

269 2040 317 2080 ni,
339 2040 394 2070 vel
419 2049 519 2080 aqua,
546 2044 584 2071 ut
609 2040 789 2080 placuerit.
834 2041 966 2072 Tibull.

269 2099 294 2122 1.
309 2092 342 2122 9.
355 2091 410 2122 49.
430 2093 440 2107 ‘
453 2090 518 2121 Illa
539 2090 640 2121 velim
657 2090 778 2130 rapida
793 2090 967 2122 Vulcanus

269 2140 421 2173 carmina
440 2139 577 2172 flamma
591 2141 753 2181 Torreat;
777 2146 812 2174 et
836 2142 968 2183 liquida

268 2191 383 2223 deleat
399 2192 508 2223 amnis
525 2190 634 2231 equa!

309 2244 331 2273 4
353 2241 511 2282 Adriano]
539 2240 751 2282 Synecdoch.
777 2251 840 2283 pro
861 2242 968 2285 quoli-

268 2292 330 2324 bet
343 2291 442 2324 mari.

312 2346 332 2373 5
356 2342 432 2373 Non
446 2340 656 2383 Dindymene,
667 2341 738 2383 ξω]
753 2341 821 2374 Irae
837 2341 967 2375 descri-

270 2393 322 2424 bit
346 2392 414 2424 vim
437 2397 473 2424 et
499 2392 750 2433 impotentiam,
773 2392 807 2424 in
823 2402 967 2434 eamque

269 2442 404 2482 culpam
419 2449 553 2473 omnem
567 2450 661 2472 suam
676 2439 861 2474 transferre
877 2446 967 2475 sata-

271 2495 334 2534 git,
346 2499 383 2525 ut
399 2494 513 2525 odium
530 2498 567 2525 et
577 2498 798 2534 contemtum,
812 2503 879 2536 quo
892 2503 969 2534 gra-

272 2544 345 2575 vius
361 2544 441 2574 nihil
457 2543 499 2574 ad
517 2541 696 2584 offensam,
717 2543 854 2576 omnino
874 2543 970 2576 abfu-

270 2593 340 2624 isse
354 2592 566 2633 comprobet.

314 2642 530 2683 Dindymene]
543 2643 742 2685 APhrygiae
757 2646 872 2677 monte
886 2642 971 2676 Diu.

272 2692 375 2734 dymo
390 2692 484 2724 dicta
510 2693 653 2734 Cybele,
677 2694 774 2735 cujus
800 2694 848 2726 ihl
873 2703 972 2726 sacra

272 2741 536 2784 peragebantur,
561 2742 834 2786 Sacerdotesque
856 2743 971 2777 furore

273 2792 396 2834 perciti
412 2792 563 2825 membra
579 2794 643 2827 sibi
662 2794 872 2828 incidebant.

1064 1542 1139 1573 Non
1152 1541 1257 1583 adytis
1272 1540 1386 1582 quatit,
1405 1539 1475 1581 ξι]
1503 1532 1719 1580 Conglobita

1019 1592 1272 1633 comparatione
1301 1591 1360 1622 ira».
1382 1590 1630 1622 vehementiam
1658 1599 1718 1622 ex·

1020 1645 1174 1682 aggerat.
1221 1641 1296 1672 Nec
1325 1639 1467 1681 Cybele,
1495 1640 1617 1681 inquit,
1642 1649 1719 1671 suos

1020 1690 1241 1730 sacrificulos,
1270 1700 1334 1722 nec
1363 1689 1487 1731 Apollo
1525 1688 1718 1721 Phoebades

1020 1741 1160 1773 oracula
1188 1749 1418 1782 responsaque
1453 1738 1618 1779 editur-as,
1654 1747 1719 1770 nec

1019 1790 1178 1823 Bacchus
1192 1789 1371 1822 Maenadas
1389 1793 1426 1821 et
1447 1789 1659 1821 Bacchantes
1682 1787 1718 1819 in

1021 1841 1142 1882 Orgiis
1167 1845 1264 1872 tanto
1287 1838 1404 1882 furore
1420 1839 1578 1881 implent,
1593 1843 1721 1881 quanto

1019 1891 1173 1923 irritatus
1189 1900 1282 1922 amor
1297 1895 1480 1922 amantem.

1064 1944 1085 1973 6
1127 1942 1235 1973 Incola
1279 1940 1428 1983 Pythius]
1470 1940 1597 1982 Apollo
1633 1940 1718 1972 Del·

1020 1993 1120 2033 phos,
1145 2003 1222 2033 quae
1253 1993 1334 2023 urhs
1357 1993 1459 2024 etiam
1481 1993 1594 2034 Pytho
1616 1991 1722 2032 dieta,

1019 2042 1183 2082 incolens,
1207 2042 1322 2083 ibique
1350 2044 1524 2084 praecipne
1551 2044 1665 2075 cultus
1683 2047 1721 2074 et

1020 2091 1187 2122 celebris:
1212 2092 1266 2122 vel
1294 2092 1343 2123 ita
1372 2092 1484 2123 dictus
1511 2103 1530 2124 a
1561 2094 1722 2134 Pythone

1020 2144 1182 2181 serpente
1210 2139 1408 2172 interfecto.
1453 2142 1510 2173 De
1540 2152 1607 2183 quo
1640 2142 1719 2174 vide

1020 2190 1176 2222 Macrob.
1201 2190 1373 2222 Saturnal.
1403 2199 1430 2222 1.
1457 2193 1508 2223 17.
1531 2192 1616 2224 Coel.
1631 2193 1719 2225 Rho-

1021 2240 1092 2282 dig.
1109 2249 1187 2273 xvt.
1211 2243 1265 2273 19.
1296 2240 1396 2273 Alex.
1419 2240 1463 2273 ab
1485 2241 1585 2274 Alex.
1609 2251 1661 2276 vl.
1685 2246 1719 2276 2.

1023 2290 1146 2331 Incola]
1170 2290 1339 2330 Insessor,
1360 2291 1523 2324 invadens
1547 2299 1584 2324 et
1600 2291 1719 2325 afflans

1020 2347 1167 2373 mentem
1195 2341 1332 2383 Pythiae
1361 2343 1491 2384 tripodi
1517 2343 1721 2384 insistentis,

1019 2391 1055 2422 in
1077 2391 1190 2432 adytis
1212 2401 1252 2423 ac
1273 2393 1506 2432 penetralibus
1527 2393 1659 2433 templi,
1681 2398 1722 2425 ut

1020 2445 1118 2473 extra
1132 2451 1169 2473 se
1185 2442 1447 2484 rapta,jamque
1458 2443 1593 2484 cumea,
1606 2443 1721 2475 divina

1019 2492 1190 2534 loquatur.

1063 2544 1083 2574 7
1108 2542 1183 2573 Non
1206 2541 1302 2573 In'ber
1326 2541 1429 2583 oeque]
1450 2542 1504 2574 De
1518 2542 1720 2575 Bacchana-

1022 2593 1103 2624 lium
1133 2592 1279 2634 origine,
1308 2591 1451 2628 insania.
1486 2592 1721 2633 abrogatione,

1023 2643 1101 2675 vide
1118 2643 1191 2676 Liv.
1208 2652 1341 2675 xxxrx.
1357 2646 1388 2675 8.
1403 2647 1440 2675 et
1454 2652 1528 2685 seq.

1066 2693 1142 2725 Non
1166 2696 1259 2725 acuta
1280 2693 1336 2725 Sic
1354 2693 1515 2733 geminant
1530 2694 1723 2735 corybanta·

1023 2743 1106 2785 ατο]
1135 2743 1255 2785 Neque
1279 2747 1348 2774 tam
1364 2743 1492 2775 crebris
1507 2744 1632 2777 ictibus
1647 2745 1721 2787 pul·

1023 2797 1101 2826 sant
1116 2793 1328 2835 Corybantes
1343 2802 1434 2826 aerea
1448 2794 1619 2837 cymbala,
1641 2804 1719 2830 cum
