1916 3190
249 241 335 283 494
722 253 766 290 Q.
797 249 1005 281 HonA'ru
1039 249 1214 280 emec:

478 345 689 386 Immunis
711 357 830 386 aram
850 344 890 385 si
910 343 1052 397 tetigit
1072 355 1243 393 manus,

477 411 584 453 Non
601 416 829 454 sumtuosa
847 411 1051 453 blandior
1069 411 1216 453 hostia

536 478 733 520 Mollivit
751 491 932 521 aversos
948 483 1130 531 penates

590 545 725 586 Farre
743 545 821 598 pio
841 549 888 586 et
909 543 1093 586 saliente
1112 543 1243 584 mica.
1638 547 1694 589 ρο

250 670 361 711 absque
375 680 498 702 munere
512 671 647 703 tenuerit
660 680 759 709 aram,
774 668 908 710 offensos
922 669 1056 701 Penates
1071 669 1154 701 haud
1164 669 1302 709 placabit
1311 669 1463 711 efficacius
1469 678 1528 711 per
1544 668 1690 708 majorem

250 713 408 745 victimam
422 723 513 753 quam
525 723 581 754 per
594 713 773 753 religiosum
787 713 865 743 ador
878 716 909 743 et
922 712 969 743 sal
983 712 1149 752 crepitans.

853 816 932 829 000ae
936 816 1093 832 “mo'‘

253 894 284 922 1.
301 900 320 922 a
334 900 378 923 m.
394 900 445 931 pr.
459 892 542 922 ccede
556 890 818 922 bibentium—1⁷
843 890 989 921 Ultimos
1010 894 1154 930 quatuor
1176 898 1294 921 versus
1315 889 1462 922 resecuit
1483 889 1695 930 (hyems.—

253 936 293 964 18
317 933 411 965 Hanc
424 937 580 964 sumtuosa
596 942 680 964 unus
696 932 918 970 Bersmanni3
931 932 992 962 Nae
1003 934 1161 963 sumtuosa
1175 931 1309 963 emend.
1325 932 1408 963 Chr.
1418 931 1541 964 naum.
1556 941 1610 972 ap.
1628 932 1694 963 Cu-

251 975 433 1016 ning.—l9
456 975 596 1006 Mollibit
612 974 738 1013 Acron,
753 973 908 1014 plerique
927 972 1027 1004 codd.
1041 973 1146 1014 Crnq.
1169 982 1285 1005 omnes
1294 973 1456 1006 'rori-eut.
1471 973 1582 1005 Pulm.
1593 973 1698 1005 Gem-

251 1017 339 1049 blac.
355 1021 384 1049 l.
400 1020 432 1049 2.
456 1017 583 1048 Beller.
596 1021 633 1047 et
647 1015 782 1047 Diesth.
803 1014 952 1046 Bentleii
966 1014 1082 1047 Graev.
1105 1015 1202 1046 Leid.
1217 1015 1355 1056 aliique,
1376 1015 1468 1056 Lips.
1485 1016 1517 1046 8.
1530 1017 1561 1046 4.
1580 1014 1650 1046 Ait.
1667 1019 1697 1046 1.

252 1058 351 1091 Harl.
366 1062 396 1090 l.
410 1061 443 1089 2.
456 1061 489 1090 6.
513 1058 657 1090 Mentel.
670 1058 797 1089 Venet.
818 1059 914 1089 1492.
939 1056 1091 1089 Mancin.
1113 1057 1256 1089 Locher.
1279 1057 1369 1089 unde
1394 1058 1429 1088 in
1450 1056 1576 1088 secutis
1598 1057 1700 1090 editt.

252 1102 352 1141 vulgo
367 1100 502 1140 legitur.
545 1100 602 1131 Sic
623 1099 706 1131 Asc.
730 1099 847 1130 Basill.
871 1098 1006 1131 Bonfin.
1023 1099 1144 1131 Lamb.
1167 1099 1267 1131 Torr.
1283 1099 1386 1141 Cruq.
1410 1099 1538 1130 Muret-
1563 1099 1696 1130 Fabric.

252 1143 370 1184 Steph.
385 1143 488 1182 Rutg.
511 1141 632 1174 Heius.
655 1141 742 1174 Fab.
762 1142 890 1174 Dacer.
914 1141 1019 1173 Baxt.
1041 1141 1122 1175 Jon.
1138 1140 1227 1173 Sivr.
1251 1145 1288 1173 et
1304 1141 1383 1173 Nic.
1400 1141 1522 1173 Heius.
1538 1141 1580 1172 ad
1598 1141 1699 1173 Ovid.

251 1184 346 1216 Past.
372 1194 397 1216 ι.
420 1186 495 1216 672.
516 1184 618 1217 Trist.
634 1194 661 1216 1.
680 1186 714 1215 3.
726 1185 782 1216 45.
808 1188 846 1215 et
867 1183 902 1215 in
916 1183 1077 1216 Addend.
1093 1183 1136 1216 ad
1152 1187 1236 1216 tom.
1250 1191 1277 1214 ι.
1303 1193 1337 1223 p.
1351 1185 1428 1215 437.
1471 1182 1540 1215 Sed
1558 1182 1699 1214 Mouivie

254 1226 336 1258 Aer.
352 1227 421 1258 Ms.
437 1236 493 1268 ap.
510 1226 625 1258 Bentl-
650 1226 832 1258 Pulmanni
855 1225 973 1258 Hunn.
998 1235 1083 1258 unus
1108 1225 1230 1258 Bland.
1245 1224 1356 1258 Mald.
1377 1225 1484 1259 Mart.
1500 1225 1606 1266 Crnq.
1621 1225 1700 1256 eod.

253 1267 371 1300 Gifan.
384 1269 452 1301 duo
467 1269 599 1301 Bersm.
616 1268 731 1300 Bentl.
747 1267 869 1308 Regin.
886 1277 906 1299 a
921 1278 967 1300 m.
982 1277 1034 1308 pr.
1063 1268 1218 1308 Magdal.
1233 1267 1314 1299 Sax.
1331 1267 1425 1307 Lips.
1441 1270 1471 1300 1.
1485 1269 1519 1299 2.
1539 1268 1641 1300 Dess.
1664 1270 1699 1299 2.

252 1311 402 1343 Helmst.
419 1321 482 1352 pro
499 1321 568 1343 var.
583 1312 664 1343 lect.
689 1311 787 1343 Harl.
802 1313 836 1342 3.
847 1313 880 1342 4.
894 1314 927 1342 5.
948 1311 1072 1343 Venet.
1087 1313 1181 1342 1477.
1197 1312 1293 1342 1478.
1308 1312 1404 1343 1479.
1448 1308 1590 1342 Mediol.
1603 1311 1699 1341 1477.

253 1355 348 1385 1502.
391 1353 508 1385 Bentl.
529 1354 637 1386 Gesn.
657 1352 750 1391 Jani,
774 1353 915 1392 Bipont.
935 1352 1074 1384 Mitsch.
1087 1353 1232 1385 Wetzel.
1255 1351 1392 1384 Wakef.
1409 1351 1527 1384 Comb-
1541 1356 1576 1383 et
1591 1351 1699 1384 Kidd.

250 1395 261 1411 ‘
279 1395 387 1426 Recte
401 1396 518 1427 Bentl.
534 1395 700 1428 neminem
725 1394 773 1425 ait
798 1394 934 1426 Horatii
958 1399 1062 1426 aetate
1086 1393 1237 1426 futurum
1255 1399 1385 1435 quartae
1400 1394 1574 1434 con'ugat.
1596 1394 1628 1424 in
1648 1392 1699 1423 ibo

252 1436 465 1472 terminasse,
480 1436 582 1477 idque
598 1436 701 1476 igitur
717 1436 746 1466 si
764 1436 928 1467 Horatius
943 1435 1095 1472 fecisset,
1110 1442 1205 1468 certe
1221 1441 1444 1467 annotaturos
1475 1436 1562 1466 nisse
1577 1435 1700 1466 Gram-

252 1478 395 1510 maticos
410 1482 494 1509 vett.
509 1478 599 1520 quod
616 1481 814 1518 argumento
830 1477 884 1516 sit,
900 1477 1024 1517 legisse
1040 1477 1113 1508 illos
1134 1479 1166 1509 h.
1183 1479 1204 1508 Ι.
1219 1477 1364 1509 mollivit.
1409 1477 1570 1508 Postulat
1594 1477 1698 1508 etiam

252 1520 433 1551 sententiae
449 1520 620 1560 elegantia
637 1525 770 1559 tempus
788 1518 998 1560 praeteritum
1013 1518 1161 1560 mollivit,
1175 1524 1214 1550 ut
1228 1523 1307 1549 ante.
1326 1518 1448 1558 tetigit,
1460 1527 1537 1550 cum
1559 1518 1698 1549 notione

253 1562 413 1602 perpetui
428 1570 456 1592 s.
471 1562 589 1593 aoristi
603 1561 781 1602 temporis,
795 1569 857 1600 pro
872 1560 1047 1600 praesenti,
1059 1565 1200 1592 venusta
1211 1564 1247 1592 et
1257 1560 1376 1592 Poe'tis
1390 1561 1517 1592 solenni
1533 1561 1701 1600 enallage,

254 1603 415 1643 positum.
437 1602 484 1634 cf.
505 1603 560 1635 Ill.
575 1603 689 1643 Heyn.
717 1602 760 1633 ad
778 1602 903 1634 Tibull.
918 1611 945 1633 1.
959 1604 993 1634 4.
1006 1604 1047 1633 27
1053 1601 1073 1633 .’
1094 1603 1184 1634 Jam'.
1228 1601 1367 1633 Molliri:
1381 1602 1523 1641 Cuning.
1539 1611 1581 1633 ex
1608 1603 1698 1643 conj.

255 1645 423 1685 Gogavii;
444 1649 482 1677 et
505 1646 555 1677 sic
583 1645 752 1676 dederunt
776 1643 902 1676 Sanad.
927 1647 962 1674 et
986 1644 1138 1675 Francis.
1173 1642 1280 1679 'Mox‚
1307 1644 1464 1684 odem,
1485 1643 1578 1676 facili
1600 1645 1702 1686 lapsu

253 1687 364 1719 Mald.
379 1691 416 1719 et
431 1687 536 1720 Mart.
551 1686 706 1730 Cruquii,
720 1696 806 1718 unus
822 1685 1039 1727 Bersmanni,
1056 1685 1146 1727 Lips.
1163 1687 1195 1717 1.
1210 1687 1242 1716 3.
1255 1688 1289 1717 4.
1305 1689 1341 1717 et
1355 1685 1550 1718 Helmstad.

916 1785 948 1817 N
954 1783 1060 1818 OTAE

297 1864 338 1892 1⁷
362 1860 529 1901 Immanis]
560 1860 745 1900 Innocens,
771 1869 792 1892 a
820 1860 952 1892 scelere

255 1920 363 1942 vacua
377 1914 414 1942 et
436 1910 573 1951 eximia,
593 1920 634 1941 ex
651 1910 868 1952 quibusdam:
895 1909 953 1942 alii

255 1960 355 1991 aliter
385 1965 422 1992 et
448 1960 581 2000 melius,
610 1964 648 1992 nt
673 1960 853 1999 existimo;
889 1961 953 1992 hoc

255 2017 377 2039 sensu:
403 2010 544 2041 Etiamsi
570 2019 637 2041 non
663 2008 786 2041 offeras
808 2010 887 2041 Diis
902 2009 958 2053 in·-

255 2058 371 2097 gentia
395 2068 548 2099 munera,
570 2064 639 2090 tam
663 2059 790 2100 litabis,
814 2064 953 2101 tamque

254 2105 424 2136 obtinebis
440 2107 529 2146 quod
547 2108 711 2146 postulas,
727 2108 852 2149 exiguo
871 2117 952 2149 quo-

256 2154 308 2186 vis
335 2153 512 2190 sacrificio,
534 2165 635 2195 quam
662 2166 784 2197 magno
807 2162 843 2189 et
866 2168 952 2189 sum·

257 2208 374 2242 tuos03
395 2203 423 2234 si
445 2202 545 2235 modo
560 2204 640 2234 vitae
661 2204 903 2245 innocentiam,
918 2211 954 2238 et

257 2252 423 2293 pietatem
435 2262 476 2285 ae
491 2252 687 2293 religionem
700 2263 781 2294 erga
794 2254 887 2285 Deos
899 2265 956 2286 ex-

257 2303 389 2335 hibeas.
403 2303 490 2335 Luc.
512 2312 590 2344 cap.
605 2311 683 2335 xxi.
700 2303 854 2335 Christus
872 2313 952 2344 pau-

260 2354 410 2394 perculae
441 2353 553 2385 viduae
577 2353 708 2385 minuta
739 2352 807 2389 duo
840 2353 957 2386 laudat

257 2412 333 2443 prae
358 2403 553 2444 ingentibus
585 2402 731 2434 divitum
760 2402 956 2434 muneribus

259 2452 293 2483 in
307 2452 583 2493 gazophylacium
599 2451 720 2484 missis.
753 2452 806 2484 Ex
818 2451 955 2484 Plutar-

258 2501 322 2532 cho
345 2502 522 2542 Dycurgus
549 2501 778 2543 interrogatus
799 2511 860 2534 eur
875 2502 956 2534 vilia

261 2555 297 2581 et
322 2559 428 2591 parva
448 2551 680 2583 constituisset
705 2551 883 2592 sacrificia,
901 2561 955 2585 re-

261 2601 399 2641 spondit
411 2611 422 2641 ;
445 2605 483 2633 ut
493 2611 663 2644 nunquam
676 2602 869 2649 desinamus
883 2603 954 2636 De-

1005 1869 1044 1891 os
1068 1859 1233 1891 venerari.
1266 1857 1356 1890 Vide
1384 1859 1482 1891 Pers.
1505 1858 1579 1891 Sat.
1603 1867 1646 1890 ιι.
1669 1859 1703 1891 in

1004 1907 1072 1940 tine
1087 1918 1097 1940 ε
1113 1908 1170 1940 ubi
1184 1909 1194 1926 ‘
1204 1908 1320 1940 Dicite
1330 1907 1530 1946 Pontifices,
1539 1908 1574 1940 in
1583 1914 1708 1942 saneto>

1006 1957 1086 1999 quid
1099 1957 1182 1990 facit
1205 1958 1345 1990 aurum?
1361 1978 1369 1988 .
1385 1980 1394 1989 .
1413 1980 1422 1990 .
1439 1981 1447 1990 .
1464 1957 1558 1990 farre
1573 1959 1702 1992 litabo!

1048 2007 1149 2039 Aram
1171 2006 1200 2038 οἱ
1221 2007 1331 2048 tetigit
1350 2008 1476 2050 mus]
1511 2006 1584 2040 Ara
1607 2009 1704 2050 quasi

1007 2067 1090 2090 ansa
1116 2057 1208 2089 dicta
1229 2057 1376 2099 pridem,
1391 2058 1549 2099 quoniam
1564 2068 1638 2090 eam
1650 2061 1707 2090 -te—

1007 2108 1136 2140 nebant
1153 2117 1214 2139 seu
1229 2108 1420 2149 tangebant
1435 2108 1640 2150 quicumque
1650 2108 1704 2139 vel

1007 2161 1113 2193 sacris
1130 2160 1371 2202 operabantur,
1394 2160 1447 2192 vel
1458 2160 1635 2202 jurabant,
1651 2161 1704 2191 vel

1007 2219 1126 2250 preces
1139 2215 1176 2242 et
1188 2216 1266 2242 vota
1281 2209 1467 2243 faciebant.
1486 2211 1608 2242 Varro.
1627 2209 1703 2241 Ma-

1008 2260 1102 2291 crob.
1128 2260 1302 2293 Saturnal.
1327 2269 1385 2292 ιιι.
1409 2262 1443 2292 2.
1463 2261 1528 2292 &c-
1555 2259 1642 2291 Vide
1660 2262 1705 2290 ⁴et:

1006 2307 1100 2338 Plin.
1115 2316 1157 2339 11.
1172 2311 1204 2338 7.

1052 2358 1093 2387 19
1117 2356 1258 2387 Mutavit
1283 2357 1446 2398 [mollibit]
1482 2357 1538 2389 Ita
1571 2362 1702 2388 veteres

1009 2414 1070 2447 pro
1085 2404 1214 2436 molliet.

1051 2457 1094 2486 2⁰
1118 2454 1220 2486 Far-re
1231 2454 1284 2495 pio
1298 2457 1330 2486 et
1343 2454 1472 2487 saliente
1486 2453 1585 2494 mica]
1609 2454 1703 2486 Mola

1009 2504 1110 2543 salsa,
1124 2512 1200 2545 quoe
1219 2502 1399 2534 constabat
1421 2512 1464 2534 ex
1488 2512 1586 2545 aqua,
1602 2502 1704 2539 farre,

1008 2557 1046 2584 et
1071 2553 1153 2585 sale.
1175 2552 1297 2584 senec.
1325 2552 1434 2594 Epist.
1460 2554 1534 2586 114.
1559 2553 1569 2571 ‘
1586 2562 1710 2594 crepa-⁷

1009 2612 1083 2635 ceni
1098 2602 1220 2635 molam
1231 2601 1241 2616 '
1254 2601 1355 2634 dixit.
