1916 3190
210 207 294 249 102

268 313 391 365 Quid
410 314 530 363 latet,
549 317 597 355 ut
617 314 798 355 marinae

690 217 735 256 Q.
765 216 977 248 HoRA'rn
1014 217 1188 248 FLACGI

381 381 542 423 Filium
566 381 716 422 dicunt
735 379 936 421 Thetidis
959 380 1043 421 sub
1064 379 1311 434 lacrymosa
1325 378 1476 433 Trojae

269 449 452 498 Funera,
471 461 525 488 ne
546 447 683 488 virilis

1609 446 1667 488 15

384 514 542 558 Cultus
563 515 608 555 in
629 513 798 556 caedem
820 518 863 555 et
884 514 1048 568 Lycias
1069 514 1316 568 proriperet
1335 514 1571 556 catervas?

202 650 288 700 jecto
314 651 470 701 illustris?
490 661 545 683 cur
566 660 597 683 se
623 650 793 687 abscondit,
814 650 1065 689 quemadmodum
1080 649 1168 681 aiunt
1183 650 1311 682 latuisse
1325 649 1436 692 filium
1450 647 1591 680 Thetidis
1604 656 1670 678 nm—

210 704 302 733 rmoe,
324 704 408 726 circa
423 696 593 726 luctuosum
610 693 714 731 Trojae
728 692 895 731 excidium,
916 702 954 723 ne
979 692 1043 723 viri
1067 692 1190 724 habitus
1209 693 1407 734 pertraheret
1419 692 1522 734 ipsum
1535 692 1576 723 ad
1588 694 1671 722 stm-

211 745 295 776 gm,
319 740 351 769 et
366 741 475 769 contra
491 740 609 769 turmas
626 736 816 777 Lyciorum?

823 814 861 830 ‘U
865 817 1064 831 leucoe-¹00

213 891 284 935 net.
300 889 395 919 1478.
416 886 469 918 ille
484 885 726 927 expertam—13
750 882 792 915 In
804 884 886 915 Vet.
899 882 1020 916 Comb.
1036 887 1118 915 nota
1137 883 1419 925 interrogationis
1440 882 1579 924 ponitur
1595 886 1674 924 post

217 930 314 965 Quzd,
339 933 374 960 et
400 930 498 960 colon
523 933 600 969 post
615 929 853 959 «κέονται-14
880 926 1028 957 Thetidos
1051 926 1162 957 edidit
1175 926 1406 966 Cuning.—l5
1429 926 1470 957 In
1482 925 1602 957 eadem
1618 925 1674 956 ed.

214 981 253 1002 ne
269 972 383 1003 viridis
394 982 408 1009 ,·
432 970 688 1012 antiquissimus
701 968 827 1000 Bland.
851 978 890 999 ne
905 969 1025 1009 viriles,
1041 969 1131 1010 quod
1148 968 1366 1001 referendum
1382 968 1425 1000 ad
1442 969 1561 1010 Lycias
1574 971 1675 999 cater—

217 1024 285 1055 ms,
303 1024 369 1045 non
387 1014 491 1045 etiam
504 1013 547 1044 ad
562 1014 675 1052 cultus,
689 1012 791 1043 metri
809 1020 925 1042 cansa.

869 1109 899 1141 N
906 1109 1014 1141 0¹1·AE

217 1177 297 1218 plex
323 1179 377 1206 est
399 1178 514 1206 autem
538 1183 580 1205 ea
605 1173 824 1211 exercitatio,
840 1173 922 1204 artis

216 1227 338 1265 altera,
363 1226 471 1256 altera
497 1224 629 1255 virium.
675 1223 716 1254 In
735 1223 838 1264 priori
854 1223 923 1254 col-

217 1277 365 1308 lineatur
381 1276 422 1306 ad
443 1278 574 1306 certum
591 1283 743 1314 scopum.
789 1273 830 1304 In
847 1283 925 1314 pos-

219 1326 339 1358 teriori
361 1324 522 1356 vincebat
545 1323 603 1364 qui
625 1322 820 1363 longissime
845 1332 924 1354 con-

219 1376 398 1414 torsisset;
421 1379 459 1406 et
485 1374 526 1405 de
549 1374 612 1405 hac
635 1373 674 1404 fit
699 1373 755 1405 hic
780 1370 922 1403 mentio.

219 1428 278 1459 Sic
292 1425 394 1458 Iliad.
408 1428 449 1456 Ψ.
466 1423 592 1456 dicitur
602 1422 691 1464 Ajax
705 1423 835 1454 discum
853 1422 925 1462 eja-

220 1478 354 1510 culatus
375 1475 559 1518 praevalida
581 1484 696 1514 manu,
716 1478 752 1505 et
775 1472 923 1504 omnium

220 1533 330 1560 metas
360 1535 598 1568 exsuperasse.
657 1525 703 1556 Et
733 1522 858 1564 Odyss.
885 1526 923 1554 Θ.

221 1580 363 1621 Ulysses
390 1578 520 1610 discum
545 1575 719 1617 lapideum
742 1574 832 1605 ultra
855 1582 924 1604 me-

222 1635 274 1662 tas
289 1629 430 1661 aliorum
445 1628 546 1668 longe
562 1631 712 1666 torquet.

265 1679 381 1721 Disco]
397 1677 474 1710 Ἀπὸ
487 1677 546 1709 τοῦ
560 1675 688 1715 δίσκειν,
701 1674 822 1714 jacere.
860 1672 928 1706 Or-

223 1729 276 1761 bis
291 1734 368 1760 erat
389 1727 534 1767 ferreus,
551 1736 681 1765 aeneus,
695 1726 842 1765 ligneus,
857 1723 929 1764 ple·

224 1789 367 1821 rumque
397 1778 567 1819 lapideus,
605 1776 662 1818 qui
692 1775 824 1806 medius
855 1775 929 1805 loro

224 1829 467 1860 circumnexus
488 1827 522 1858 in
548 1835 647 1858 auras
673 1829 748 1857 tota
771 1824 802 1855 vi
820 1823 930 1864 jacie-

226 1879 346 1910 batur:
371 1888 392 1909 a
412 1877 613 1919 quibusdam
636 1873 929 1907 circumrotando:

227 1933 265 1959 ut
282 1932 378 1967 patet
393 1936 436 1958 ex
451 1927 511 1958 cit.
537 1925 681 1957 Homeri
695 1925 790 1956 locis.
840 1923 931 1955 Vide

228 1978 329 2008 Alex.
346 1977 389 2007 ab
406 1976 508 2008 Alex.
524 1984 582 2005 111.
599 1977 652 2005 21.

272 2028 375 2059 Trans
387 2026 489 2067 finem
503 2023 611 2063 jaculo
635 2022 748 2053 nobilis
769 2021 930 2061 expedito]

228 2076 414 2119 Frequenti
431 2075 629 2106 nobilitatus
645 2071 933 2111 victoria‚jaculo

228 2130 359 2161 seilicet
377 2133 412 2159 et
429 2127 524 2158 disco
541 2132 634 2157 trans
656 2124 797 2154 aliorum
819 2122 934 2163 finem,

230 2190 289 2212 seu
318 2179 455 2219 signum,
490 2176 617 2208 Graece
645 2174 743 2213 σῆμα,
774 2172 935 2214 expedite

231 2229 402 2273 projecto.

274 2283 315 2312 13
343 2279 388 2311 Ut
403 2277 533 2310 marinoe
554 2275 673 2308 Filium
697 2274 805 2306 dicunt
827 2272 935 2304 Theti-

231 2322 293 2375 dis,
313 2333 385 2373 εμπ]
409 2326 578 2362 Achillem
603 2337 731 2368 nempe.
750 2330 860 2357 mater
876 2325 934 2356 ha-

231 2383 308 2416 bitu
323 2379 482 2413 muliebri
507 2379 599 2410 inter
621 2376 824 2418 Lycomedis
843 2376 936 2417 puel-

233 2435 284 2466 las
300 2431 523 2465 abscondisse
540 2433 711 2469 narratur,
737 2436 781 2458 ne
805 2425 847 2457 ad
867 2425 937 2457 bel-

234 2485 302 2515 lum
317 2483 503 2524 Trojanum
520 2483 714 2521 raperetur,
739 2486 780 2509 eo
796 2476 885 2518 quod
902 2476 937 2506 in

235 2533 317 2565 fatis
341 2539 428 2569 erat,
454 2532 483 2563 si
508 2530 625 2572 gloriae
648 2528 780 2560 bellicae
797 2535 936 2568 operam

237 2583 348 2623 dan-et,
369 2583 463 2614 brevi
486 2582 737 2623 perimendum.
784 2576 834 2610 At
858 2576 939 2619 quia

976 1173 1048 1205 sine
1066 1182 1106 1204 eo
1122 1172 1198 1214 capi
1213 1172 1316 1214 Troja
1338 1180 1407 1203 non
1432 1171 1613 1212 potuisset,
1635 1180 1679 1202 ex

977 1223 1175 1255 Calchantis
1192 1232 1367 1263 responso,
1383 1222 1527 1263 Ulysses
1546 1221 1682 1253 detexit

978 1273 1160 1309 Achillem,
1175 1275 1211 1304 et
1226 1271 1369 1304 abduxit
1387 1281 1441 1312 eo,
1462 1281 1529 1314 quo
1555 1275 1682 1303 norunt

977 1333 1108 1363 omnes,
1135 1322 1248 1363 modo,
1270 1322 1455 1364 propositis
1479 1322 1613 1354 scilicet
1628 1330 1681 1352 ar-

977 1384 1054 1406 mis.
1285 1398 1290 1400 .

1021 1423 1177 1466 Mariua]
1200 1422 1317 1455 Thetis
1347 1425 1423 1454 erat
1449 1421 1552 1453 maris
1573 1421 1682 1462 Nym-

979 1475 1058 1516 pha,
1078 1474 1184 1506 Nerei
1207 1472 1287 1513 filia,
1308 1471 1453 1504 Achillis
1474 1477 1590 1504 autem
1612 1480 1682 1502 ma-

979 1528 1043 1556 ter.

1024 1577 1066 1606 16
1090 1574 1130 1605 In
1154 1573 1270 1605 caedem
1294 1575 1326 1604 et
1351 1570 1479 1612 Lycias,
1505 1570 1576 1612 ξι]
1610 1569 1684 1602 Ad-

980 1634 1097 1657 versus
1113 1623 1283 1665 Trojanas
1302 1621 1419 1663 copias
1434 1625 1539 1662 atque
1553 1619 1686 1651 exerci-

981 1681 1049 1708 tus.
1095 1674 1201 1716 Lycia
1217 1673 1344 1713 duplex
1355 1682 1366 1703 z
1389 1671 1498 1702 altera
1515 1674 1569 1702 est
1582 1669 1686 1701 Troa-

982 1726 1036 1758 dis
1062 1725 1168 1767 regio,
1192 1733 1235 1756 ex
1262 1722 1416 1754 Homero
1437 1725 1474 1752 et
1493 1719 1688 1758 Strabone;

983 1778 1096 1808 altera
1124 1779 1178 1807 est
1206 1773 1317 1805 Cariae
1353 1770 1511 1803 finitima.
1571 1767 1687 1810 Hujus

985 1827 1120 1869 quidem
1138 1824 1256 1867 populi
1270 1822 1426 1863 Trojanis
1448 1819 1612 1853 auxilium
1634 1823 1688 1851 tu-

985 1878 1110 1908 lerunt.
1156 1874 1211 1907 Ab
1228 1878 1305 1905 utra
1321 1881 1401 1904 vero
1423 1870 1561 1912 Trojani
1583 1869 1691 1901 deno-

986 1928 1161 1959 minentur
1186 1924 1293 1965 Lycii,
1318 1922 1448 1954 arbiter
1463 1926 1537 1952 ento
1550 1921 1689 1952 Lector:

987 1982 1083 2007 certe
1099 1976 1206 2013 dices,
1227 1983 1294 2005 non
1312 1973 1355 2004 ab
1371 1972 1448 2013 hac,
1469 1970 1530 2003 sed
1555 1970 1599 2003 ab
1621 1970 1692 2002 illa.

987 2026 1126 2056 Mecum
1150 2023 1255 2062 igitur
1279 2022 1403 2052 mirare
1425 2021 1561 2052 turbam
1577 2020 1692 2051 Inter-

987 2079 1124 2116 pretum
1139 2072 1196 2113 qui
1211 2070 1284 2102 fere
1300 2079 1418 2101 omues
1433 2070 1598 2102 hactenus
1614 2078 1694 2101 con-

989 2123 1131 2156 trarium
1148 2120 1328 2160 scripsere.

1034 2171 1201 2212 Caterv'as]
1226 2169 1292 2201 Hic
1308 2167 1565 2200 Grammatistae
1590 2167 1693 2209 vulgo

989 2228 1132 2256 monent
1149 2222 1330 2253 Catervam
1353 2218 1500 2250 militum
1515 2227 1598 2249 sena
1619 2218 1694 2249 mil-

991 2274 1036 2306 lia
1057 2272 1246 2309 continere,
1270 2268 1511 2310 propriamque
1529 2266 1694 2299 Afrorum

991 2335 1078 2364 esse,
1094 2324 1183 2355 sicut
1201 2321 1356 2353 Phalanx
1378 2325 1431 2351 est
1447 2318 1696 2357 Macedonum,

993 2375 1098 2416 Legio
1122 2382 1204 2404 vero
1229 2371 1419 2403 Gallorum.
1462 2368 1531 2402 Sed
1551 2367 1694 2410 quid-ad

993 2424 1084 2456 rem?
1131 2423 1178 2454 Et
1195 2421 1276 2463 qnid
1292 2420 1356 2452 hoc
1375 2420 1476 2461 juvat
1495 2418 1538 2450 ad
1558 2417 1696 2450 Horatii

989 2484 1124 2507 sensum
1148 2472 1204 2504 bic
1228 2469 1485 2512 expiscaudum,
1507 2467 1567 2501 ubi
1582 2467 1695 2500 omnia

989 2526 1024 2557 in
1040 2521 1221 2567 propatulo
1237 2520 1338 2552 sunt?
