1916 3190
260 230 346 275 318

738 245 782 284 Q.
813 244 1026 276 HORATn
1060 244 1237 278 Fbacct

491 339 614 392 Quid
635 339 806 392 mirum,
826 340 904 381 ubi
926 340 1018 383 illis
1037 341 1309 383 carminibus
1329 343 1509 395 stupens

489 407 697 450 Demittit
717 411 837 449 atras
858 408 1005 450 bellua
1025 409 1254 463 centiceps

547 473 704 525 Aures,
724 478 767 517 et
785 475 935 516 intorti
956 476 1133 530 capillis

1659 477 1720 520 35

601 541 896 585 Eumenidum
919 548 1174 586 recreantur
1193 544 1391 598 angues?

253 665 366 707 proelia
378 669 409 698 et
423 666 564 707 expulsos
579 667 745 708 tyrannos.
792 665 879 702 Quid
892 666 1102 706 stupendum?
1130 666 1375 707 quandoquidem
1396 664 1532 697 attonita
1553 659 1717 697 cantilenis

256 707 329 741 istis
347 709 446 741 bestia
457 713 580 742 centum
593 710 742 751 capitum,
766 708 878 748 nigras
894 708 1043 749 deprimit
1053 708 1223 744 auriculas.
1238 713 1329 750 alque
1340 709 1550 740 demulcentur
1562 711 1718 749 serpentes

867 791 1108 805 ”oeeeemlo

254 847 344 879 Vide
370 847 517 886 Cuning.
546 847 659 879 Anim.
686 857 763 888 cap.
788 852 874 879 xrtr.

900 857 935 888 p.
961 849 1036 879 218.
1061 852 1098 879 et
1125 847 1205 878 Bos.
1255 846 1369 878 Anim.
1395 845 1438 877 ad
1466 846 1552 878 Hor.
1570 848 1715 886 pag.39.

252 889 301 922 D.
330 890 428 921 hilari
453 890 529 922 bibit
560 890 651 931 conj.
685 890 763 922 Nic.
794 890 915 921 Heius.
972 890 1074 921 Tenea
1103 889 1229 921 humilis
1258 899 1330 921 var.
1356 890 1437 921 lect.
1465 898 1522 929 ap.
1551 889 1715 921 Jones.—

253 934 295 964 34
326 932 474 965 Dimittit
501 932 601 965 Harl.
628 935 660 964 2.
686 935 718 964 3.
743 936 779 964 et
796 932 890 973 Lips.
905 936 937 965 4.
972 931 1128 964 Admittit
1154 932 1290 964 Valart.
1327 931 1417 963 vide
1441 931 1642 964 Boissonad.
1671 931 1715 962 ad

913 1015 1056 1049 NOTAE

252 1093 319 1126 que
343 1082 535 1124 penderent
563 1081 715 1121 umbrae3
748 1081 813 1113 hoc
840 1084 956 1113 tamen

251 1139 327 1166 erat
352 1133 550 1172 discrimen,
576 1131 666 1173 quod
694 1131 859 1163 amatoria
883 1131 956 1173 qni-

250 1185 328 1216 dem
342 1185 498 1225 Sapphus
513 1185 662 1215 carmina
677 1182 803 1214 eximia
818 1192 956 1224 prorsus

250 1240 354 1277 atque
370 1236 485 1267 divina
499 1235 618 1276 vulgus
638 1235 808 1266 admirans
825 1235 956 1267 auscul-

250 1291 364 1326 taret;
389 1292 425 1319 at
449 1287 550 1327 longe
567 1290 683 1318 tamen
698 1285 878 1325 attentius,
895 1295 956 1318 cu-

249 1337 578 1378 pidius‚jucundius
591 1336 753 1368 audiebat
776 1337 786 1354 ‘
801 1346 932 1377 pugnas
946 1336 954 1349 '

249 1387 294 1418 ab
309 1386 427 1419 Alcaeo
451 1387 655 1427 descriptae,
676 1391 711 1417 et
735 1396 803 1427 qna
818 1386 952 1418 ratione

247 1436 257 1454 ‘
269 1442 410 1468 exactos
425 1440 591 1477 tyrannos
600 1435 609 1449 ’
626 1435 814 1475 Pittacum,
827 1435 951 1476 Myrsi-

250 1487 334 1529 lum,
351 1487 610 1528 Megalagyrum
628 1485 791 1517 insectari
807 1494 874 1517 non
891 1485 951 1517 de-

247 1538 399 1577 stiterat,
414 1538 525 1568 donec
540 1536 678 1568 omnino
693 1536 950 1568 exterminaret.

290 1590 333 1619 ³2
360 1587 504 1618 Densum
527 1586 677 1626 humeris,
700 1585 772 1628 ξω]
807 1585 952 1618 Confer·

246 1642 332 1678 tum,
346 1638 524 1670 turmatim
537 1641 774 1679 aggregatum,
788 1640 952 1668 contente

245 1694 283 1720 et
297 1688 459 1720 certatim
477 1687 769 1730 appropinquans,
782 1696 952 1728 auresque

245 1739 414 1780 arrigens,
431 1748 502 1780 prae
519 1738 686 1771 aviditate
702 1738 861 1780 capiendi
875 1747 952 1780 quae

245 1790 448 1821 dicebantur
461 1790 505 1821 de
519 1790 670 1831 expulsis
688 1789 854 1831 tyrannis,
870 1799 953 1832 quos

245 1840 317 1872 odit
341 1840 461 1881 vulgus
483 1840 644 1881 maxime,
664 1845 701 1872 et
725 1840 769 1872 de
791 1841 952 1873 restituta

245 1890 375 1921 civibus
398 1890 575 1928 libertate,
593 1899 693 1931 quam
711 1889 869 1922 omnibus
892 1899 951 1922 an-

245 1937 365 1977 tefert,
381 1939 555 1980 ipsiusque
572 1939 742 1971 interdum
758 1939 839 1972 vitae
859 1940 952 1980 peri-

245 1988 323 2019 culo
353 1989 491 2020 redimit
527 1999 568 2020 ac
603 1990 765 2021 vindicat.
826 1990 950 2031 Virgil.

243 2037 379 2070 AEneid.
395 2046 431 2069 x.
446 2041 521 2070 361.
556 2038 567 2055 ‘
581 2039 818 2071 Concurrunt:
842 2039 952 2072 haeret

244 2087 333 2128 pede
350 2097 424 2129 pes,
441 2088 633 2129 densusque
651 2089 724 2120 viro
741 2089 819 2120 vir.'

285 2138 379 2170 Bibit
391 2148 467 2169 nure
478 2139 607 2179 vulgus]
631 2139 734 2170 Hunc
748 2140 860 2171 locum
875 2141 948 2173 imi-

242 2193 336 2220 mus
351 2189 531 2222 Juvenalis
547 2190 617 2221 Sat.
631 2198 681 2221 lv.
697 2192 752 2220 50.
773 2190 783 2207 ⁴
797 2189 949 2232 Nequic·

242 2248 342 2280 qnam
368 2241 495 2281 populo
521 2239 655 2271 bibulas
681 2239 862 2271 donaveris
889 2250 947 2272 au-

241 2287 322 2320 res)
475 2319 478 2321 ,

285 2341 327 2371 33
353 2338 438 2375 Quid
460 2339 588 2381 mirum,
609 2339 663 2371 abi
675 2340 742 2372 illis
758 2340 949 2374 carminibus

241 2393 380 2431 stupens,
392 2390 466 2431 Bra]
491 2390 615 2432 Neque
636 2399 718 2422 vero
735 2382 947 2433 mirandum,

240 2442 332 2483 qnod
348 2442 399 2474 ita
413 2442 546 2474 curiose
570 2442 699 2474 umbrae
719 2441 873 2485 affluant,
889 2454 946 2476 au-

240 2491 403 2533 diantque
425 2501 544 2523 versus
569 2491 677 2524 Alcaei
703 2497 740 2525 et
764 2493 945 2535 Sappho„

241 2541 407 2583 siquidem
423 2542 464 2573 iis
481 2542 583 2574 etiam
600 2543 794 2575 oblectatur
810 2544 946 2576 terribi-

242 2591 284 2623 lis
307 2590 499 2624 Inferorum
525 2593 618 2624 canis
634 2593 820 2634 Cerberus,
837 2599 943 2636 atque

240 2642 456 2683 voluptatem
480 2653 573 2675 suam
598 2644 738 2676 exhibet
763 2646 773 2663 ‘
789 2644 943 2677 demissis

241 2692 426 2733 auriculis:
450 2694 572 2735 quibus
587 2686 778 2735 depositam
795 2696 878 2727 iram
902 2706 942 2728 ac

239 2741 390 2774 furorem
408 2743 551 2776 indicat.
597 2745 813 2777 Contrarium
829 2750 944 2778 osten-

241 2792 327 2825 dunt
339 2794 350 2812 ⁴
365 2793 509 2826 sublatae
525 2795 650 2836 aures,'
666 2795 777 2836 Epod.
795 2805 845 2828 vr.
860 2797 944 2829 Lac-

1011 1085 1095 1113 tant.
1112 1080 1155 1112 de
1181 1080 1241 1112 Ira
1262 1079 1341 1116 Dei,
1365 1089 1443 1122 cap.
1455 1082 1488 1111 7.
1508 1078 1519 1097 ‘
1533 1078 1634 1112 Risus
1656 1080 1716 1114 bo-

1010 1131 1093 1163 mini
1110 1132 1268 1174 proprius
1282 1129 1361 1171 est,’
1379 1130 1502 1172 inquit,
1524 1134 1534 1148 ‘
1546 1133 1582 1162 et
1598 1133 1715 1162 tamen

1011 1182 1164 1214 videmus
1189 1182 1224 1214 in
1250 1181 1326 1213 aliis
1350 1190 1482 1223 quoque
1511 1180 1714 1212 animalibus

1010 1234 1108 1276 signa
1123 1233 1280 1276 quaedam
1296 1233 1442 1272 laetitiae,
1453 1241 1529 1264 cum
1546 1232 1589 1264 ad
1604 1233 1714 1264 lusum

1010 1284 1176 1326 gestiunt,
1211 1293 1310 1315 aures
1346 1282 1553 1323 demulcent,
1589 1282 1714 1315 rictum

1009 1335 1228 1375 contrahunt,
1242 1333 1391 1366 frontem
1407 1339 1581 1374 serenant,
1595 1334 1714 1366 oeulos

1007 1385 1042 1418 in
1058 1386 1232 1418 lasciviam
1248 1384 1446 1417 resolvunt:

1049 1440 1091 1469 34
1106 1437 1219 1468 Bellum
1232 1435 1400 1476 centiceps]
1413 1436 1423 1454 ‘
1438 1435 1540 1468 canis
1553 1435 1644 1476 apud
1655 1435 1713 1467 In-

1004 1484 1097 1518 feros
1118 1485 1316 1525 fabulosus,’
1337 1489 1375 1517 ut
1396 1485 1446 1516 ait
1468 1484 1605 1524 Suidas,
1629 1485 1715 1516 ‘im-

1005 1537 1115 1569 manis
1140 1536 1280 1569 trifauci
1300 1537 1440 1577 latratu,
1463 1537 1533 1569 tria
1557 1535 1712 1578 pandens

992 1592 1161 1630 guttura,
1201 1587 1376 1619 horrentia
1416 1587 1566 1620 colubris
1603 1586 1712 1619 colla¹

1006 1646 1188 1676 exserens3
1212 1638 1340 1678 ¹virgil.
1358 1637 1494 1671 AEneid.
1510 1647 1560 1670 vr.
1576 1640 1654 1670 417.
1675 1641 1712 1669 et

1006 1697 1079 1730 seq.
1125 1687 1286 1720 Plutonis
1321 1696 1444 1719 canem
1481 1698 1575 1720 aeren
1612 1697 1721 1726 voce„

1006 1736 1350 1780 πεηηκοντακάρηνον,
1372 1737 1602 1779 quinquagenta
1625 1740 1711 1782 cupi-

1006 1793 1086 1829 tum,
1120 1789 1130 1807 ‘
1159 1788 1378 1820 crudivorum
1408 1788 1711 1832 impudentemque

1006 1839 1224 1882 fortemque,’
1260 1839 1416 1881 appellat
1458 1839 1633 1873 Hesiodus
1674 1841 1709 1873 in

1004 1893 1219 1934 Theogonis,
1248 1891 1414 1934 τρίκρανον
1449 1891 1529 1935 ᾅδου
1555 1892 1712 1935 σκύλακι,

1004 1943 1177 1985 tricipitem
1209 1944 1287 1975 Orci
1312 1952 1431 1984 canan,
1456 1943 1644 1985 Sophocles
1674 1944 1710 1976 in

1004 1993 1207 2026 Trachiniis.
1229 1994 1402 2027 Cerberus
1415 1995 1511 2037 quasi
1527 1993 1711 2038 κρεωβόρος,
1759 2029 1770 2040 x

1003 2044 1199 2085 carnivorum,
1222 2045 1369 2086 Mythol.
1398 2049 1525 2077 terram
1549 2046 1711 2088 designat

1003 2094 1173 2125 cadavera
1212 2101 1478 2127 consumentem.
1537 2097 1708 2128 Quoniam

1003 2152 1085 2175 vero
1101 2144 1262 2176 mortales
1278 2145 1425 2176 universi
1449 2145 1577 2185 triplici
1594 2145 1708 2176 extin-

1002 2198 1154 2233 guuntur
1169 2193 1288 2226 mortis
1309 2203 1449 2235 genere,
1464 2195 1622 2234 naturali,
1638 2194 1708 2226 vio-

1001 2242 1109 2282 lento,
1136 2248 1174 2274 et
1203 2242 1363 2283 fortuito,
1393 2252 1470 2285 qnae
1496 2243 1562 2275 tria
1588 2253 1705 2275 rursus

1001 2291 1132 2324 infinita
1160 2297 1254 2334 sunt,
1282 2293 1361 2325 hinc
1392 2294 1546 2326 Cerbero
1568 2293 1704 2336 quidam

1002 2341 1068 2372 tria
1092 2342 1222 2382 capita,
1248 2342 1305 2374 alii
1329 2343 1591 2384 quinquaginta,
1622 2352 1705 2375 non-

1000 2392 1084 2423 nulli
1121 2391 1268 2432 denique
1306 2397 1444 2424 centum
1484 2391 1702 2425 affinxerunt.

1001 2441 1058 2474 Sic
1078 2442 1201 2474 Horat.
1218 2442 1318 2474 bellua
1331 2444 1496 2483 centiceps.

1042 2495 1084 2524 3⁵
1123 2493 1244 2525 lutor-ei
1271 2493 1394 2535 capillis
1422 2493 1630 2526 Eumenidum
1654 2504 1704 2528 re·

998 2547 1145 2575 creantur
1156 2545 1291 2585 angues]
1316 2543 1522 2576 Eumenides
1540 2554 1602 2585 per
1617 2546 1704 2578 anti-

1000 2594 1138 2636 phrasin
1157 2594 1275 2635 dicus,
1298 2595 1379 2637 quia
1403 2604 1618 2638 nequaquam
1644 2597 1702 2629 be-

997 2643 1129 2685 nignae:
1151 2649 1221 2676 tres
1243 2650 1439 2685 censentur,
1463 2645 1603 2686 Alecto,
1629 2647 1702 2678 Me-

998 2703 1101 2736 gaem,
1111 2695 1311 2738 Tisiphone.
1355 2697 1480 2729 Sensus
1494 2701 1566 2731 est:
1590 2697 1703 2730 Infer-

998 2747 1092 2778 nales
1110 2746 1177 2779 illae
1194 2747 1305 2779 Furiae
1320 2747 1487 2788 ejusmodi
1499 2748 1701 2780 carminibus

998 2797 1139 2840 placari,
1153 2799 1254 2831 immo
1269 2804 1304 2832 et
1319 2804 1499 2840 serpentes
1509 2808 1623 2832 earum
1635 2799 1700 2832 cri-
