1916 3190
634 258 909 290 cinnii-mu
945 258 1040 290 mu.
1070 258 1145 290 ιιι.
1173 250 1217 290 5.

483 350 557 392 Ab
576 364 625 393 se
642 353 895 402 removisse,
913 355 960 394 et
978 351 1143 394 virilem

542 417 713 460 Torvus
731 419 851 460 humi
869 419 1080 472 posuisse
1097 418 1282 468 vultum,

430 482 589 525 Donec
608 484 810 526 labantes
830 485 1016 527 consilio
1036 484 1196 527 Patres

1594 487 1652 527 45

428 549 642 592 Fir-maret
659 555 813 593 auctor
830 564 1051 606 uunquam
1071 551 1186 593 alias
1204 551 1323 601 dato,

485 614 692 671 Interque
707 621 942 660 moerentes
962 618 1134 659 amicos

542 681 754 736 Egregius
773 687 1031 738 properaret
1048 684 1168 725 exul.

202 809 818 853 a-Jms‘atermdefixissestsqae

832 812 907 843 data
930 812 1113 844 vacillantes
1137 813 1304 845 Senatum
1324 822 1434 844 saeros·
1456 813 1654 853 confirmaret

200 820 818 894 ”amandusque-datm
793 855 1654 895 ceper-:amsaniln'amaolentesilmtriaexu

855 961 996 994 NOTA-2

201 1039 281 1061 num
316 1039 384 1062 non
420 1032 591 1064 convenit.
633 1033 733 1065 Paul.
773 1034 796 1067 J
800 1035 901 1068 urite.

202 1080 214 1096 ‘
225 1079 310 1111 Tria
322 1079 423 1120 sunt:
449 1081 572 1122 inquit,
602 1086 612 1099 ‘
622 1091 698 1123 qum
718 1083 903 1124 habemus„

202 1127 411 1167 libertatem,
424 1129 616 1172 civitatem,
629 1130 802 1163 familiam.
815 1133 902 1165 Cum

202 1177 270 1210 tria
282 1177 358 1210 bec
371 1179 572 1220 amittimus,
584 1181 730 1212 maxima
739 1186 795 1213 est
808 1182 903 1223 capi·

202 1227 248 1260 tis
262 1227 455 1262 diminutio.
500 1230 586 1262 Cum
612 1231 798 1263 amittimus
819 1232 902 1263 civi-

203 1282 325 1314 tatem,
339 1283 376 1309 et
401 1278 596 1311 libertatem
620 1280 818 1320 retinemus,
832 1291 903 1313 me·

203 1327 262 1360 dia
275 1333 330 1360 est
344 1328 534 1361 diminutio.
576 1329 735 1372 Denique
760 1340 837 1362 cum
860 1331 903 1363 li·

201 1376 373 1409 bertatem
408 1382 445 1410 et
493 1379 671 1410 civitatem
705 1378 903 1420 retinemus,

202 1424 335 1459 familia
349 1436 431 1459 vero
444 1428 517 1459 sola
529 1433 695 1467 mutatur,
720 1429 825 1471 (puta
838 1439 903 1471 per

199 1474 449 1518 adoptionem,)
455 1482 508 1508 est
514 1477 695 1510 diminutio
706 1479 830 1520 capitis
841 1479 902 1511 mi·

201 1525 317 1558 nima-⁸
358 1527 412 1558 Ex
426 1527 479 1559 bis
498 1527 704 1569 intelligitur
722 1538 785 1560 cur
810 1529 902 1561 servi

201 1585 271 1609 non
285 1576 411 1610 habere
423 1584 541 1620 eaput,
553 1588 618 1611 uec
629 1579 770 1610 diminui
785 1580 901 1620 capite

201 1627 383 1660 dicantur:
404 1630 622 1671 quianullum
634 1634 760 1661 statum
775 1629 903 1661 babent

202 1677 378 1717 videlicet,
388 1686 499 1718 neque
511 1678 719 1717 libertatem,
730 1688 841 1719 neque
852 1679 902 1710 ci·

202 1727 359 1765 vitatem,
382 1736 447 1758 nee
474 1726 651 1760 familiam.
692 1728 780 1759 Vide
811 1729 899 1760 Coel.

205 1776 352 1817 Rhodig.
367 1784 457 1808 xxv.
471 1779 528 1808 23.

245 1828 288 1856 4⁵
321 1825 430 1857 Donec
463 1826 602 1858 labeum
626 1828 755 1859 confit-*o
785 1828 902 1859 Palm

205 1875 377 1914 Pirum-et,
395 1875 467 1916 ξι]
487 1876 644 1908 Incertos
671 1877 798 1909 etenim
820 1877 901 1919 quid

202 1930 397 1958 statuerent
423 1926 608 1959 Senatores
644 1929 719 1968 ipse
754 1928 903 1960 firmavit

206 1980 338 2016 auctor,
364 1981 402 2008 et
431 1978 599 2019 compulit
624 1978 846 2020 traduxitque
867 1980 902 2011 in

204 2025 418 2058 utilissimam
433 2027 659 2068 Reipublicae,
673 2029 825 2070 quamvis
838 2028 903 2061 sibi

205 2085 344 2117 gravem
368 2077 584 2109 seutentiam.
628 2077 703 2110 Cic.
726 2077 829 2110 Offic.
844 2087 902 2110 ιιι.

204 2135 240 2156 ιι.
250 2128 307 2157 99.
332 2125 343 2142 ‘
359 2126 444 2158 Cum
459 2126 621 2167 Regulus,
634 2127 759 2159 iterum
773 2127 901 2160 Consul

203 2175 240 2206 in
255 2175 375 2208 Africa
393 2186 436 2208 ex
456 2176 587 2208 insidiis
599 2182 723 2218 captus
737 2181 838 2213 esset,
848 2200 859 2208 .
869 2200 880 2209 .
891 2200 901 2209 .

198 2226 335 2266 juratus
359 2226 477 2258 missus
499 2230 554 2258 est
577 2226 621 2257 ad
649 2226 827 2266 Senatum,
850 2231 902 2266 ut,

204 2275 271 2306 nisi
285 2275 414 2307 redditi
428 2280 544 2307 essent
566 2275 682 2307 Poenis
696 2275 828 2316 captivi
841 2284 901 2306 ιιο-

204 2323 292 2355 biles
307 2324 458 2365 quidam,
477 2324 606 2356 rediret
627 2325 700 2365 ipse
719 2325 901 2366 Carthagi-

202 2382 295 2405 nem.
331 2374 367 2406 Is
381 2383 459 2405 cnm
473 2374 615 2406 Romam
630 2374 791 2410 venisset,
801 2397 829 2406 ..
839 2397 849 2406 .
864 2375 899 2405 iu

203 2423 367 2456 Senatum
394 2423 512 2456 venit:
535 2423 696 2455 mandata
718 2424 898 2465 exposuit:

206 2474 410 2506 sententiam
446 2483 490 2506 ne
528 2474 671 2513 diceret,
706 2474 899 2506 recusavit:

209 2522 366 2561 quandiu
371 2523 595 2564 jurejurando
606 2523 754 2555 bostium
766 2528 901 2555 tenere·

208 2574 352 2608 tunnou
367 2581 443 2603 esse
456 2582 494 2604 se
507 2573 705 2605 Senatorem
715 2583 726 2604 :
737 2594 747 2604 .
758 2595 767 2604 .
779 2595 789 2604 .
801 2572 901 2604 reddi

209 2618 362 2658 captivos
394 2622 532 2661 negavit
562 2631 638 2654 esse
673 2622 758 2654 utile
775 2632 785 2652 2
822 2622 900 2653 illos

209 2667 298 2697 enim
319 2667 554 2700 adolescentes
572 2680 650 2702 esse
670 2677 707 2703 et
721 2672 825 2703 bonos
840 2670 900 2701 du-

210 2725 267 2747 ces
275 2725 372 2754 3esse
382 2718 494 2758 sejam
506 2719 699 2752 confectum
709 2725 899 2752 senectute.

212 2765 318 2807 eujus
332 2775 409 2798 eum
431 2767 590 2800 valuisset
608 2771 804 2809 auctoritas,
819 2779 901 2810 cap·

954 1037 1015 1068 tivi
1044 1037 1167 1069 retenti
1195 1042 1293 1068 sunt:
1317 1037 1391 1077 ipse
1413 1035 1655 1076 Carthaginem

954 1086 1082 1118 rediit.¹
1097 1109 1108 1118 .
1122 1109 1132 1117 .
1149 1109 1158 1118 .
1175 1109 1185 1118 .
1200 1096 1234 1118 ιι.
1248 1089 1323 1117 110.
1343 1086 1355 1103 ‘
1368 1086 1512 1117 Senatui
1527 1086 1591 1116 nisi
1602 1086 1655 1126 ip-

953 1144 990 1166 se
1017 1140 1139 1167 auctor
1172 1134 1309 1175 fnisset,
1337 1135 1470 1176 captivi
1496 1134 1655 1176 profecto

955 1185 1071 1217 Poenis
1100 1184 1227 1216 redditi
1256 1189 1383 1224 essent,
1412 1183 1591 1216 incolumis
1621 1185 1655 1215 in

956 1234 1094 1284 patria
1085 1233 1236 1275 Regulus
1251 1231 1461 1265 restitisset-⁹

1000 1267 1138 1314 Coa-silio
1152 1283 1400 1324 mquam-lias
1412 1282 1503 1323 dcto]
1517 1282 1560 1314 In
1576 1291 1655 1323 pro·

955 1333 1065 1374 priam
1094 1342 1219 1373 nempe
1243 1333 1295 1364 ani
1322 1332 1524 1373 perniciem,
1549 1332 1656 1363 solius

956 1382 1117 1414 utilitatis
1131 1381 1280 1423 public:
1293 1381 1412 1414 habita
1423 1382 1582 1413 ratione:
1598 1381 1657 1422 pia

954 1432 1057 1464 etiam
1072 1431 1197 1464 fraude
1211 1441 1304 1471 usus,
1323 1437 1363 1463 ut
1381 1440 1500 1472 pacem
1522 1435 1559 1463 et
1573 1441 1655 1472 cap-

955 1481 1103 1513 tivorum
1127 1481 1412 1522 permutationem
1428 1480 1657 1514 dissuaderet.

957 1530 1048 1563 Nam
1070 1529 1252 1562 affirmavit
1278 1534 1289 1548 ‘
1302 1540 1470 1563 venenum
1493 1531 1558 1562 sibi
1575 1531 1659 1563 Car-

953 1580 1172 1621 thagineuses
1196 1579 1347 1615 dedisse,
1373 1589 1442 1612 nou
1467 1586 1653 1620 presenta-

953 1638 1068 1668 neum‚
1081 1629 1141 1660 sed
1154 1628 1333 1669 ejusmodi,
1346 1628 1437 1670 quod
1458 1634 1603 1661 mortem
1619 1631 1655 1661 in

952 1677 1042 1709 diem
1058 1677 1255 1719 proferret;
1280 1688 1322 1710 eo
1337 1679 1493 1717 consilio,
1507 1684 1546 1710 ut
1561 1680 1656 1712 vive·

951 1732 1007 1764 [et
1036 1726 1174 1768 quidem
1203 1728 1387 1769 tantisper,
1412 1728 1526 1769 quoad
1553 1727 1655 1760 fieret

953 1777 1182 1818 permutatio:
1217 1783 1296 1818 post
1324 1782 1453 1818 antem,
1477 1784 1654 1819 grassante

954 1826 1078 1858 sensim
1095 1837 1238 1866 veneno,
1259 1837 1318 1859 cor
1335 1827 1553 1860 tabesceret.'
1573 1828 1655 1861 Gei-

955 1877 1020 1908 lius
1037 1882 1158 1909 auctor
1174 1883 1230 1909 est
1244 1886 1297 1909 vr.
1308 1881 1345 1910 4.

996 1929 1040 1958 48
1062 1927 1224 1967 Egregius
1235 1931 1417 1968 proper-ra
1430 1927 1520 1969 aul]
1546 1929 1655 1971 Egre-

954 1976 1029 2018 gius
1043 1986 1125 2008 sane
1146 1980 1185 2008 et
1206 1977 1389 2018 singularis
1410 1979 1503 2013 exul,
1519 1978 1578 2019 qui
1593 1988 1654 2019 pa-

954 2026 1021 2058 tria
1034 2035 1153 2058 carere
1168 2027 1397 2067 consenserit,
1422 2028 1578 2060 caritatis
1594 2038 1654 2068 pa-

954 2075 1030 2107 triae
1052 2076 1175 2117 gratia,
1197 2077 1323 2119 quique
1344 2077 1436 2109 ultro
1458 2087 1520 2109 sua
1541 2079 1655 2110 omnia

953 2125 1143 2166 desereret,
1157 2126 1276 2158 salutis
1290 2127 1436 2167 publiea
1453 2137 1566 2160 causa.
1597 2128 1653 2159 Ad

953 2176 1050 2216 cujus
1074 2175 1268 2216 exemplum
1293 2176 1426 2208 illustre
1449 2183 1567 2217 postea
1593 2179 1653 2210 de-

952 2235 1028 2258 cem
1038 2226 1238 2258 nobilissimi
1252 2227 1382 2268 captivi
1397 2228 1440 2259 ab
1457 2228 1652 2259 Hannibale

953 2275 995 2306 ad
1018 2276 1182 2307 Senatum
1204 2276 1312 2314 missi,
1334 2282 1414 2316 post
1438 2276 1652 2308 Cannensem

953 2335 1115 2368 pugnam,
1132 2326 1243 2367 jurati
1266 2335 1303 2356 se
1326 2326 1511 2360 redituros,
1529 2325 1592 2355 uisi
1608 2325 1653 2357 de

952 2375 1158 2407 redimendis
1191 2375 1335 2415 captivis
1360 2374 1654 2414 impetravissent,

953 2435 991 2458 re
1004 2435 1073 2457 uon
1088 2426 1285 2464 impetrata,
1307 2423 1437 2454 reversi
1459 2427 1551 2454 sunt.
1594 2425 1650 2455 De

953 2475 1073 2516 quibus
1097 2483 1165 2504 uon
1186 2482 1300 2504 omues
1323 2481 1389 2503 uno
1404 2472 1517 2504 modo.
1558 2472 1652 2506 Nam

954 2522 1119 2563 Polybius
1133 2522 1239 2552 bouus
1253 2526 1373 2552 auctor
1387 2521 1420 2551 iu
1436 2521 1553 2562 primis
1568 2523 1651 2554 scri·

953 2572 1018 2610 bit,
1039 2579 1162 2602 novem
1188 2579 1232 2601 ex
1253 2569 1294 2600 iis
1321 2570 1523 2601 revertisse:
1546 2579 1649 2602 unum

954 2630 1036 2652 vero
1052 2629 1114 2660 per
1130 2618 1284 2650 fraudem
1307 2623 1342 2650 et
1364 2619 1504 2650 stultam
1519 2619 1650 2651 callidi-

954 2674 1060 2701 tatem
1095 2668 1190 2709 quasi
1221 2667 1443 2708 jurejuraudo
1465 2668 1647 2701 liberatum

953 2720 1070 2751 Romae
1087 2718 1287 2751 remansisse
1300 2730 1309 2748 ε
1337 2727 1436 2759 quem
1450 2717 1573 2750 deinde
1587 2720 1648 2751 Se·

953 2774 1053 2800 uatus
1076 2768 1227 2800 vinctum
1249 2767 1292 2799 ad
1317 2767 1545 2801 Hannibalem
1567 2769 1647 2800 duci
