1916 3190
774 252 819 288 Q.
853 248 1062 280 HORATH
1099 249 1274 280 FLACC!

525 345 675 386 Malus
696 343 916 399 procellis,
937 342 996 385 ad
1014 343 1200 385 miseras
1221 355 1376 398 proces

580 412 819 453 Decurrere
840 415 887 452 et
902 411 1022 452 votis
1041 411 1232 464 pacisci,

638 478 708 519 Ne
730 477 905 532 Cypriae
925 477 1165 531 Tyriaeque
1185 490 1350 519 merces

525 544 703 586 Addant
723 557 857 586 avaro
878 544 1055 586 divitias
1075 544 1210 586 mari:

525 611 650 652 Tunc
670 625 740 652 me
761 612 939 653 biremis
957 610 1166 666 praesidio
1188 611 1368 665 scaphae

579 677 741 720 Tutum
762 692 840 732 per
860 678 1045 731 AEgaeos
1067 678 1281 720 tumultus

639 744 763 786 Aura
780 745 903 796 feret,
923 745 1207 799 geminusque
1227 744 1405 786 Pollux.

303 885 364 906 non
379 877 419 907 ad
433 886 481 908 me
495 875 611 907 attinet
634 875 800 915 confugere
819 876 860 905 ad
885 877 958 906 vota
983 875 1136 914 luctuosa,
1152 878 1183 906 et
1203 875 1345 914 precibus
1365 874 1502 907 obtinere
1515 884 1553 906 ne
1570 873 1695 915 Cym-ie
1709 873 1759 904 rel

304 918 411 959 Tyrioe
425 928 542 950 merces
556 918 636 949 mari
651 919 742 949 avido
758 926 830 957 opes
851 916 1038 955 adjungant.
1088 917 1166 947 Tum
1180 917 1274 948 etiam
1290 926 1338 948 me
1352 926 1492 948 occanum
1506 920 1615 948 ventus
1629 916 1707 948 lenis
1720 924 1757 946 ac

301 961 446 999 geminus
460 961 578 992 Pollux
597 970 654 1001 per
667 959 791 1000 fluctus
806 960 932 998 AEgoeos
947 958 1035 989 vehet
1049 967 1106 999 ope
1119 960 1273 991 navicula
1287 960 1363 991 duos
1373 968 1478 991 remon
1488 957 1642 991 meniu.

910 1051 990 1064 Oen

1133 1052 1153 1064 0

307 1118 410 1148 Dess.
424 1120 457 1149 2.
482 1117 645 1159 Syrioeque
659 1118 804 1149 Mentel.
821 1118 915 1159 Lips.
930 1120 962 1149 3.
984 1118 1084 1150 codd.
1101 1124 1136 1150 et
1153 1118 1230 1150 edd.
1254 1128 1310 1159 ap.
1325 1116 1471 1159 Cuning.
1491 1120 1529 1149 et
1552 1116 1601 1149 sie
1616 1114 1761 1156 Cuulng.

304 1159 430 1190 Sanad.
449 1160 601 1196 Francis,
618 1165 653 1192 et
666 1161 816 1192 Towers.
837 1170 959 1202 suaeque
975 1161 1069 1202 Lips.
1083 1163 1114 1192 4.
1129 1161 1220 1192 haud
1243 1160 1348 1193 dubie
1365 1170 1385 1192 e
1398 1160 1659 1202 Syriaque-62
1675 1158 1762 1190 Tunc

306 1202 385 1232 edd.
398 1202 515 1233 Lamb.
539 1203 644 1243 Cruq.
666 1203 825 1235 Torrent.
849 1203 909 1234 sed
926 1203 998 1234 sine
1014 1204 1186 1235 mentione
1206 1203 1307 1235 codd.
1323 1202 1528 1244 omninoque
1549 1201 1620 1233 fere
1635 1199 1714 1232 edd.
1725 1205 1763 1232 et

307 1245 358 1275 sic
378 1244 476 1275 Harl.
492 1247 523 1276 2.
545 1247 574 1276 3.
593 1247 626 1277 4.
642 1248 672 1276 5.
687 1248 719 1276 6.
764 1245 832 1276 Sed
852 1245 929 1277 snum
951 1245 1051 1277 Harl.
1069 1249 1102 1278 l.
1129 1246 1287 1277 meliores
1312 1245 1476 1283 Bentleii,
1497 1243 1644 1276 Mentel.
1666 1242 1707 1275 Li
1751 1264 1766 1279 .,

307 1290 341 1318 2.
353 1289 386 1318 8.
401 1289 434 1318 4.
450 1287 519 1318 duo
535 1287 750 1327 Bersmanni,
762 1288 866 1319 Dess.
881 1291 913 1320 2.
932 1288 1074 1320 Venett.
1090 1290 1186 1321 1477.
1205 1290 1299 1320 1478.
1317 1290 1413 1320 1479.
1427 1289 1524 1320 1492.
1540 1285 1682 1320 Locher.
1731 1293 1763 1315 s-

308 1338 402 1360 cens.
418 1330 535 1362 Bentl.
553 1330 698 1368 Cuning.
715 1330 972 1371 Francis‚Jani,
984 1331 1123 1370 Bipont.
1139 1331 1277 1363 Mitsch.
1292 1330 1438 1362 Wetzel.
1453 1328 1590 1362 Wakef.
1605 1332 1642 1361 et
1657 1326 1766 1359 mod.

311 1371 411 1410 Dum,
433 1371 518 1413 (i.e.
542 1371 755 1414 dummodo,)
771 1373 906 1404 emend.
929 1373 1054 1405 Sanad.
1077 1379 1115 1405 et
1139 1375 1187 1404 sic
1204 1373 1294 1406 Sivr.
1317 1377 1354 1406 et
1375 1373 1612 1405 Tovem—6³
1636 1370 1766 1403 Neam

306 1422 363 1452 per
378 1414 506 1452 AEgoeos
531 1415 662 1446 emend.
683 1415 806 1446 Snnad.
822 1420 858 1446 et
883 1415 962 1447 hinc
983 1415 1160 1448 δίνη-64
1182 1415 1332 1447 Bentleii
1350 1415 1492 1447 Galeas.
1511 1418 1548 1446 et
1571 1412 1718 1446 Boum-
1732 1412 1766 1443 2.

309 1454 412 1486 Dess.
424 1457 456 1486 2.
468 1455 523 1487 ed.
539 1455 689 1496 Xyland.
705 1457 822 1488 Bentl.
839 1457 962 1490 sanad.
975 1457 1066 1488 Sivr.
1082 1458 1235 1496 Francis,
1250 1462 1286 1488 et
1302 1456 1516 1493 Kidd.serat.

967 1539 1001 1571 N
1005 1539 1109 1572 0⁷1·AE

309 1614 378 1648 Qui
392 1622 474 1655 opes
491 1612 590 1645 avide
605 1616 778 1655 qnaerunt,
801 1622 841 1644 ac
863 1622 1011 1654 pauper-

308 1670 414 1697 tatem
432 1665 526 1696 velut
539 1674 704 1696 summum
724 1663 859 1705 fugiunt
875 1664 1012 1704 malum,

309 1717 333 1748 ii
350 1716 463 1748 medio
479 1717 563 1747 mari
579 1719 616 1748 et
630 1714 800 1757 naufragii
817 1714 1013 1747 discrimine

310 1777 388 1800 cum
402 1767 478 1799 Diis
490 1766 719 1808 paciscantur,
731 1775 773 1797 ne
785 1775 855 1797 suae
868 1769 1014 1806 pereant

311 1826 465 1848 merces:
502 1820 539 1847 at
566 1825 631 1856 ego
658 1816 794 1847 tametsi
823 1814 950 1846 talibus
977 1814 1013 1846 in

313 1867 479 1908 angustiis
502 1866 612 1907 fuero,
635 1876 699 1898 nec
723 1875 824 1907 opum
842 1866 1012 1906 jacturam

313 1915 455 1956 timebo,
470 1925 534 1948 nec
558 1916 717 1957 precibus
742 1916 909 1947 redimere
925 1920 1013 1948 sata-

314 1976 389 2007 gam
402 1977 411 1997 ι
428 1971 532 2008 atque
542 1967 738 1999 divitiarum
748 1967 922 2007 neglectu,
931 1977 1014 2008 pau-

313 2015 529 2057 pertatisque
556 2016 710 2048 honestae
733 2016 895 2057 amplexu
919 2020 1014 2055 tutus

315 2074 373 2096 ero
395 2074 435 2096 ac
457 2066 570 2098 laetus.
615 2065 704 2098 Vide
727 2066 826 2108 hujus
848 2066 1014 2108 libri-Od-

314 2122 373 2144 ιιι.
390 2113 466 2145 init.

361 2161 400 2193 Si
421 2162 544 2202 mugiat
572 2160 695 2201 Africis
723 2165 831 2196 Malus
854 2166 1015 2208 procellis]

316 2210 355 2242 Si
373 2210 469 2242 navis
490 2209 600 2241 malus
618 2212 670 2241 vel
692 2217 872 2251 quassatus
887 2215 945 2245 vel
958 2225 1018 2246 ex-

318 2257 434 2290 cussus
458 2258 565 2291 fuerit
587 2269 646 2291 seu
670 2259 789 2292 Africo
813 2267 930 2301 vento,
957 2273 1018 2294 eeu

318 2308 480 2341 fluctibus
494 2309 598 2340 maris
616 2308 768 2341 Africam
783 2310 955 2342 alluentie.

363 2362 405 2390 59
433 2358 525 2390 Votis
539 2357 668 2400 pacisci,
683 2359 737 2391 Ne
751 2359 880 2401 Cyprioe
896 2360 1018 2401 Tyria-

320 2418 378 2448 que
392 2417 519 2449 merces,
532 2408 604 2450 asa]
627 2409 705 2441 Diis
726 2414 807 2441 vota
821 2419 1019 2452 nuncupare

320 2462 358 2490 et
378 2457 468 2489 dona
492 2458 660 2499 polliceri,
675 2459 702 2489 si
719 2459 830 2490 salvas
850 2464 1022 2500 praestent

320 2516 465 2546 merces,
498 2507 756 2550 impediantque
793 2508 1020 2551 naufragium.

322 2557 412 2588 Pnn.
430 2566 513 2588 vnr.
532 2560 584 2591 16.
609 2559 618 2575 ‘
632 2558 728 2590 Tunc
746 2560 942 2600 praecipuus
965 2569 1021 2591 vo-

322 2613 435 2639 torum
450 2608 544 2639 locus
559 2612 624 2648 est,
640 2618 716 2639 cnm
732 2609 806 2649 spei
822 2610 933 2641 nullus
949 2609 1024 2640 est)

325 2659 423 2689 Pers.
438 2658 509 2689 Sat.
523 2667 563 2689 ιι.
574 2661 606 2690 3.
621 2660 630 2676 ‘
643 2659 722 2690 Non
739 2664 776 2690 tu
791 2668 898 2700 prece
908 2659 1022 2700 poscis
1055 2680 1061 2685 -

325 2707 459 2747 emaci,'
475 2711 539 2740 διο.

367 2760 409 2789 60
427 2759 552 2799 Cyprioe
566 2758 730 2799 Tyr-teque
744 2757 875 2798 merces]
898 2758 1022 2801 Empo-

1066 1613 1118 1645 ria
1139 1613 1272 1646 scilieet
1295 1617 1394 1646 erant
1413 1613 1497 1646 orbo
1517 1617 1592 1647 toto
1616 1613 1768 1647 celeber.

1066 1663 1163 1704 rima,
1187 1664 1323 1705 Cypra·
1344 1663 1452 1695 inmun
1472 1664 1576 1695 muris
1596 1664 1766 1697 Mediter-

1067 1714 1175 1756 ranei,
1192 1714 1236 1746 de
1251 1724 1317 1757 qua
1339 1723 1365 1746 ι.
1384 1713 1454 1746 od.
1468 1715 1501 1745 8.
1517 1718 1552 1745 et
1570 1713 1681 1756 Tyrus
1700 1714 1768 1756 Sy-

1066 1764 1126 1796 riae
1142 1764 1226 1796 urbs
1249 1764 1433 1803 maritima,
1456 1767 1557 1805 portu
1579 1763 1770 1805 commoda,

1067 1816 1147 1847 olim
1165 1815 1303 1856 quidem
1323 1814 1432 1856 probe
1453 1813 1587 1845 munita
1609 1818 1646 1846 et
1660 1813 1768 1855 dives,

1066 1865 1224 1897 claritate
1234 1868 1272 1896 et
1282 1863 1510 1905 magnitudine
1522 1862 1656 1896 urbium
1670 1864 1770 1896 Plue-

1067 1914 1165 1946 niciae
1183 1913 1485 1956 praestantissima:
1509 1922 1599 1945 nunc
1613 1912 1648 1944 in
1662 1912 1769 1945 ruinis

1069 1963 1144 1996 fere
1161 1964 1268 2006 jacet,
1286 1969 1322 1996 et
1346 1955 1473 2005 paucos
1499 1962 1604 1996 habet
1627 1963 1768 1996 incolas.

1070 2014 1186 2046 Insula
1202 2014 1331 2055 pridem
1348 2018 1425 2046 erat
1439 2012 1532 2045 freto
1542 2017 1687 2055 quatuor
1701 2017 1770 2046 sta-

1069 2063 1203 2097 diorum
1218 2064 1349 2103 divim
1371 2063 1414 2096 ab
1430 2063 1626 2096 Alexandro
1639 2063 1771 2105 Magno

1070 2113 1260 2145 continenti
1281 2113 1405 2154 juncta
1433 2117 1496 2144 est.
1525 2113 1646 2146 Quint.
1673 2112 1771 2150 Curt-

1070 2164 1129 2196 lib.
1145 2172 1197 2196 ιν.
1220 2163 1332 2205 Hujus
1348 2162 1466 2205 populi
1481 2162 1688 2206 navigarunt
1701 2161 1772 2204 pri-

1071 2215 1131 2255 mi,
1147 2225 1190 2246 ex
1200 2215 1334 2246 Tibullo
1351 2223 1378 2246 1.
1393 2217 1425 2246 7.
1438 2217 1493 2246 20.
1509 2215 1520 2232 ⁸
1531 2213 1649 2246 Prima
1662 2217 1774 2245 ratem

1071 2264 1184 2295 ventis
1208 2263 1352 2295 credere
1376 2263 1481 2295 docta
1501 2260 1642 2305 Tyrus-’-
1673 2261 1774 2303 luem

1073 2312 1195 2343 scribit
1211 2313 1382 2353 Pompon.
1394 2313 1499 2345 Mela.

1114 2363 1157 2391 62
1183 2361 1269 2391 'nanc
1290 2371 1339 2392 me
1360 2361 1497 2397 biremis.
1511 2361 1582 2403 ξω]
1607 2361 1693 2393 Tum
1707 2370 1773 2403 ego

1071 2407 1186 2441 fracta
1201 2408 1292 2447 navi,
1307 2409 1522 2450 perditisque
1538 2409 1705 2451 omnibus,
1723 2408 1773 2441 bi-

1075 2458 1160 2490 remi
1175 2458 1412 2491 tautummodo
1430 2458 1556 2500 scapha
1571 2462 1704 2500 vectus,
1722 2459 1790 2495 rii-⁷

1073 2508 1254 2540 hilomiuus
1265 2511 1385 2549 pacata
1394 2511 1508 2538 mente
1515 2507 1693 2547 constabo,
1701 2517 1777 2555 per-

1075 2558 1155 2590 inde
1183 2567 1224 2590 ac
1250 2558 1279 2590 si
1303 2558 1426 2590 Castor
1455 2561 1493 2590 et
1518 2557 1644 2590 Pollux
1672 2557 1776 2590 duces

1076 2607 1274 2649 effulgeant.

1119 2661 1160 2690 63
1177 2659 1305 2698 AEgaeos
1320 2656 1486 2699 tumultus]
1509 2657 1639 2691 Noster
1653 2666 1693 2691 11.
1704 2657 1774 2691 od.

1078 2712 1129 2742 16.
1145 2711 1178 2741 2.

1119 2761 1162 2790 64
1180 2758 1389 2799 Geminasque
1403 2756 1535 2800 Pollux]
1553 2756 1711 2800 sepnrati
1726 2755 1777 2790 di-
