1916 3190
594 270 661 305 AD
693 264 966 298 cARMtNUM
1004 264 1098 295 [ΑΒ.
1131 265 1204 295 111.
1524 252 1609 294 541

165 364 272 398 nostri
284 362 451 396 Carminis
464 370 597 394 versum
612 361 660 393 ita
672 360 789 402 ponit:
814 359 824 377 ‘
837 358 1043 390 Miserarum
1058 360 1124 394 est,
1139 364 1248 396 neque
1265 355 1369 387 amori
1386 356 1468 386 dare
1482 354 1613 393 ludum,

166 425 277 459 neque
292 415 383 448 dulci
394 426 404 454 ;
417 415 426 428 ’
440 413 608 446 adductus
623 417 689 452 est,
702 413 789 444 utin
803 411 869 442 duo
885 419 1002 441 versus
1012 408 1262 451 Tetrametros,
1275 408 1432 449 subjecto
1444 407 1612 447 Dimetro,

166 469 332 511 singulum
348 465 531 500 δεκαπόδιον
545 466 732 507 digereret,
747 465 810 495 hoc
827 462 926 494 modo
941 474 949 493 :

399 550 602 582 Miserarum
621 553 688 586 est,
701 557 764 579 nec
780 547 896 579 Amori
911 547 992 577 dare
1008 545 1136 585 ludum,
1153 554 1261 587 neque
1276 544 1367 577 dulci

399 603 494 635 Mala
510 602 587 634 vino
602 602 730 637 lavere,
745 605 804 632 aut
819 599 1004 631 exanimari
1020 602 1209 630 metuentes

526 655 667 687 Patruae
683 653 827 685 verbera
842 653 981 694 linguae.

166 738 209 776 In
220 752 288 785 quo
302 752 344 774 ea
359 742 461 774 etiam
479 742 522 774 de
537 751 638 774 causa
653 741 718 773 sibi
735 741 808 781 lpse
826 741 954 780 placet,
968 736 1059 778 quod
1071 736 1120 768 sic
1135 735 1263 767 nullum
1280 734 1481 767 vocabulum
1497 735 1531 766 in
1547 736 1614 768 fine

165 804 325 827 versuum
341 794 548 833 dissecetur;
563 803 675 835 neque
687 793 793 833 igitur
804 791 901 823 aliter
913 790 955 822 ab
968 789 1106 821 Horatii
1119 797 1220 820 mann
1237 787 1429 829 profectum
1442 797 1516 820 esse
1533 789 1616 820 Car-

165 856 257 888 men,
272 846 390 888 quovis
400 846 544 887 pignore
559 846 632 877 vult
642 844 862 877 contendere.
907 843 1027 875 Secuti
1040 842 1129 874 enim
1141 841 1260 874 Jones.
1274 840 1445 872 Sanadon.
1457 845 1493 872 et
1506 850 1617 882 nuper

165 899 218 932 cl.
239 898 380 931 Sivrius.
423 898 554 929 Verum
580 897 751 928 enimvero
779 897 923 937 primum
947 895 1063 926 mirari
1089 894 1209 935 possis,
1232 902 1300 925 non
1327 893 1473 925 sensisse
1497 894 1617 926 Virum

162 950 410 991 doctissimum,
424 955 586 991 quantum
603 950 635 981 iu
651 959 692 981 eo
708 960 728 981 a
744 959 781 981 se
796 950 868 990 ipse
884 948 1093 987 dissentiret,
1106 946 1209 988 qnod,
1225 955 1301 978 cum
1317 955 1450 977 versum
1468 955 1541 978 esse
1557 947 1616 979 de-

165 1003 412 1045 cempedalem,
438 1003 448 1021 ‘
461 1002 667 1034 Miserarum
682 1006 736 1033 est
752 1025 760 1034 .
774 1024 783 1032 .
800 1024 809 1033 .
823 1024 832 1032 .
848 999 1002 1041 linguae,'
1027 1009 1136 1041 neque
1161 998 1342 1040 quicquam
1369 997 1512 1039 referre,
1534 1004 1619 1041 quot

164 1056 223 1088 ille
238 1055 335 1088 lineis
346 1055 568 1094 scriberetur,
585 1054 742 1095 dixisset,
761 1058 840 1095 post
855 1062 1000 1093 operose
1016 1052 1230 1094 disquireret,
1243 1051 1367 1093 quibus
1382 1051 1467 1083 locis
1481 1056 1618 1092 oporte-

164 1113 221 1139 ret
241 1107 349 1140 lineas
373 1112 434 1140 aut
454 1117 572 1139 versus
595 1107 714 1139 incidi.
759 1105 926 1138 Profecto
941 1105 1046 1144 enim,
1060 1105 1087 1136 si
1102 1104 1221 1136 decem
1239 1103 1346 1144 pedes
1361 1112 1464 1134 unum
1483 1113 1617 1135 versum

165 1159 331 1200 efficiunt,
353 1161 413 1192 tali
435 1170 516 1192 cura
537 1169 650 1201 neque
673 1159 819 1192 Horatio
842 1168 928 1200 opus
953 1158 1033 1196 fuit,
1056 1167 1169 1199 neque
1191 1156 1280 1188 illius
1302 1155 1425 1187 editori
1446 1165 1532 1196 opus
1554 1162 1618 1188 est.

162 1213 254 1246 -Qnae
270 1213 492 1254 Hephaestion
507 1212 549 1244 de
565 1212 683 1244 Ionico'
698 1212 858 1243 Carmine
874 1211 906 1250 ἐξ
920 1209 1042 1250 ὁμοίων,
1064 1211 1146 1241 item
1158 1208 1201 1240 de
1213 1209 1272 1241 illo
1285 1207 1366 1240 κατὰ
1373 1206 1490 1248 σχέσιν
1501 1208 1619 1249 tradit,

164 1273 207 1296 ea
222 1265 428 1297 cum‘nescio
438 1274 480 1296 an
492 1265 638 1296 acumini
652 1263 872 1305 grammatico
883 1263 1008 1304 potius,
1022 1272 1121 1304 qnam
1134 1261 1284 1300 veritati,
1297 1266 1518 1302 veterumque
1530 1260 1617 1291 Poe'-

165 1321 274 1349 tarum
290 1317 379 1353 nsni,
390 1316 580 1348 debeantur
589 1316 803 1358 (quanquam
815 1316 849 1348 id
861 1315 1142 1355 nuucrdispntare
1155 1323 1220 1346 non
1233 1312 1373 1354 vacat);
1390 1318 1461 1344 tum
1477 1323 1497 1344 a
1512 1313 1618 1354 lyrico

164 1373 262 1400 certe
278 1378 417 1410 genere,
430 1378 473 1400 ex
488 1379 564 1401 meo
577 1369 713 1410 quidem
733 1378 846 1408 sensu,
860 1369 963 1409 plane
980 1367 1175 1399 abhorrent.
1221 1366 1309 1398 Nam
1326 1375 1438 1407 neque
1453 1366 1620 1406 intelligo,

164 1421 332 1462 quomodo
356 1421 410 1453 vel
436 1421 598 1462 cani‚‘vel
613 1424 754 1452 cantum
768 1420 894 1452 imitari
909 1419 1018 1451 videri
1039 1419 1149 1460 possit
1166 1419 1323 1457 Carmen,
1346 1427 1408 1458 per
1429 1416 1617 1449 multitudi-

164 1481 245 1504 nem
259 1471 387 1512 pedum
409 1472 500 1504 iuter
515 1481 552 1504 se
566 1473 712 1512 parium,
734 1470 840 1512 usque
855 1470 1029 1510 adfinem,
1044 1470 1118 1501 sine
1133 1470 1202 1501 ullo
1216 1473 1341 1507 metro,
1362 1468 1436 1500 sine
1463 1469 1540 1500 ullis
1565 1478 1618 1500 re-

163 1522 374 1565 quietveluti
391 1521 536 1563 punctis,
552 1521 812 1559 continuatnm;
836 1530 961 1561 neque,
984 1522 1152 1561 quomodo
1178 1520 1430 1560 decempedalis
1453 1529 1569 1550 versus
1584 1520 1618 1551 in

166 1576 245 1607 Ode
259 1574 398 1607 tolerari
414 1574 533 1614 possit,
548 1582 730 1613 assequor:
755 1577 792 1604 et
808 1573 866 1604 vix
878 1571 946 1604 fert
960 1573 1106 1614 deniqne
1122 1582 1238 1603 sensus
1254 1572 1380 1613 lyricus
1396 1572 1506 1612 legem
1525 1571 1618 1603 illam

164 1626 338 1668 frigidam,
351 1635 486 1666 semper
500 1630 538 1656 ut
554 1634 630 1656 cnm
648 1624 780 1656 decimo
803 1634 938 1666 quoque
965 1625 1053 1665 pede
1072 1625 1245 1656 sententia
1266 1624 1413 1656 finiatur.
1456 1623 1618 1661 Accedit,

166 1679 255 1721 quod
271 1679 306 1710 iu
323 1682 440 1709 nostro
455 1679 552 1708 certe
565 1677 721 1708 Carmine
737 1686 804 1708 non
820 1676 991 1708 clauditur
1007 1684 1140 1718 semper
1152 1686 1228 1708 cnm
1241 1676 1372 1708 decimo
1382 1684 1517 1718 quoque
1528 1677 1617 1717 pede

165 1729 335 1761 sententia
349 1739 360 1767 ;
375 1738 534 1770 namque,
545 1732 584 1760 ut
595 1728 658 1760 hoc
670 1738 773 1760 unum
786 1738 1058 1769 commemorem,
1074 1738 1206 1760 versum
1220 1739 1228 1760 ε
1252 1729 1262 1746 ‘
1276 1729 1383 1760 Simul
1393 1733 1514 1760 unctos
1528 1751 1536 1760 .
1552 1751 1560 1759 .
1579 1751 1587 1759 .
1606 1752 1616 1761 .

165 1781 285 1821 undis:
310 1786 455 1823 apparet
476 1780 520 1812 ad
544 1790 597 1820 ea,
619 1790 694 1823 quae
717 1780 929 1822 praecedant,
941 1781 1073 1822 potius,
1089 1790 1190 1823 qnam
1206 1780 1247 1812 ad
1265 1781 1442 1823 sequentia
1456 1790 1531 1812 esse
1548 1784 1617 1812 tra-

164 1834 328 1867 hendum.
371 1832 454 1864 vid.
476 1832 552 1865 VV.
572 1833 641 1864 LL.
943 1831 950 1838 “

206 1880 320 1921 Quare
335 1885 490 1928 equidem
506 1885 738 1918 Alexandrum
750 1886 1038 1928 Cuningaminm,0
1059 1897 1137 1919 cum
1155 1888 1322 1929 Gesnero‚
1338 1892 1484 1927 secutus,
1499 1896 1615 1919 omnes

163 1948 282 1971 versus
308 1943 526 1981 tetrametros
551 1939 727 1971 constitui.
771 1940 861 1972 Nam
886 1940 1031 1980 primum
1058 1940 1306 1981 simplicissima
1319 1949 1372 1971 ea
1396 1940 1484 1971 haud
1512 1939 1617 1971 dubie

164 1992 254 2023 ratio
269 1996 335 2031 est,
361 1991 528 2023 universae
554 1992 654 2033 hujus
676 1993 776 2024 metri
801 1992 1014 2034 simplicitati
1036 1993 1302 2025 accommodata.
1346 1992 1483 2024 Deinde
1498 2002 1617 2024 versus

162 2043 272 2076 Iouici
287 2053 307 2075 a
321 2044 462 2083 minore,
479 2044 536 2085 qui
550 2054 594 2076 ex
618 2044 755 2085 Alcaeo,
768 2055 868 2087 quem
885 2046 1030 2087 plurima
1045 2055 1086 2078 eo
1103 2051 1212 2078 metro
1229 2046 1386 2078 Carmina
1400 2044 1523 2077 fecisse
1538 2054 1617 2077 auc-

163 2101 219 2128 tor
234 2101 289 2129 est
304 2097 542 2138 Hephaestion,
557 2097 641 2129 item
658 2107 700 2130 ex
717 2098 880 2130 Alcmane
895 2102 1091 2140 supersunt,
1114 2108 1231 2131 omnes
1254 2103 1332 2131 sunt
1352 2096 1562 2139 τετράμετρα,
1577 2101 1616 2128 nt

154 2154 207 2180 'ex
221 2148 354 2190 Alcaeo,
370 2159 428 2190 ap.
445 2149 624 2191 Hephaest·
638 2150 661 2182 1.
677 2151 701 2181 l.

462 2222 535 2261 Ἐμὲ
551 2223 667 2260 δειλὸν,
680 2222 735 2262 ἐμὲ
745 2224 849 2255 πασᾶν
861 2223 1041 2256 nunterston
1053 2224 1251 2264 retexemus,

162 2297 214 2328 nti
239 2297 398 2328 emendat
420 2297 535 2328 Bentl.
567 2301 638 2329 tum
660 2307 704 2329 ex
727 2297 893 2331 Alcmene
913 2308 969 2340 ap.
996 2297 1154 2332 eundem,
1179 2296 1229 2338 (v.
1246 2295 1291 2327 H.
1305 2295 1427 2335 Steph.
1444 2278 1612 2334 Fragmm.

164 2350 244 2390 Lyr.
261 2353 286 2380 t.
304 2357 343 2380 ιι.
358 2358 393 2390 p.
408 2347 502 2389 242.)

461 2411 674 2443 Καταθνάσκει
690 2401 822 2452 ἱζυθέρεΐ
831 2410 931 2451 ’ἁβρὸς
940 2411 1078 2450 Ἄδωνις,
1099 2409 1132 2441 τί
1145 2422 1180 2441 κε
1194 2411 1316 2449 θεῖμεν;

164 2484 253 2515 Item
269 2492 312 2514 ex
327 2483 447 2515 eodem
461 2483 624 2515 Alcmene
640 2493 696 2525 ap.
712 2483 856 2515 eundem
873 2493 908 2525 p.
919 2486 973 2516 37.
994 2483 1042 2526 (v,
1058 2483 1192 2524 Bentl.)

459 2555 589 2588 Ἑκατὸν
601 2556 659 2595 μὲν
673 2556 746 2588 Διὸς
756 2557 823 2589 υἱὸν
834 2556 912 2590 τάδε
928 2559 1036 2590 Minium
1051 2557 1268 2599 ’προκύπτει-λοι.

163 2639 249 2671 Tum
266 2638 410 2671 Carmen
423 2637 590 2679 1dnicum,
614 2641 708 2681 cujus
723 2642 838 2673 omnes
855 2650 971 2673 versus
990 2642 1197 2673 Tetrametri
1215 2645 1307 2678 sunt.
1322 2651 1341 2674 e
1356 2641 1530 2676 Martiano
1547 2644 1610 2677 Ca·

390 2768 404 2783 ⁰
426 2761 678 2798 Animadverss.
694 2765 726 2797 in
743 2765 864 2797 Horat.
883 2765 998 2797 Bentl.
1014 2773 1046 2798 c.
1062 2767 1152 2797 x'vu.
1169 2774 1203 2806 p.
1219 2768 1297 2798 311.
1315 2774 1391 2806 sqq.
