1916 3190
223 231 311 272 :236

704 244 748 280 Q.
783 243 993 273 HORA'PH
1032 244 1210 275 FLACCI

886 337 919 367 N
925 336 1028 369 OTAE

222 399 293 430 Dio
309 398 369 431 eit.
386 399 447 432 lib.
470 408 516 431 m.
538 399 588 431 ita
611 400 750 432 scribit:
774 400 783 417 ‘
799 401 928 432 Tantas

221 449 313 480 inter
324 449 538 481 calamitates
556 450 650 491 regni
663 450 862 481 memoriam
875 460 927 482 re-

222 499 369 541 tinebat,
399 504 438 531 ut
461 500 579 532 mallet
604 501 739 532 nomine
769 505 805 532 et
829 511 928 532 orna-

221 551 346 582 mentis
362 551 437 591 ejus
454 552 600 583 retentis
619 552 841 594 mori‚quam‚
859 552 927 593 pri-

221 604 312 641 vata,
332 600 403 632 vita
425 599 516 634 frui.'
563 602 657 633 Nihil
683 602 796 644 itaque
822 603 927 643 magis

222 652 409 693 Cleopatra
438 652 659 694 formidabat,
685 663 784 696 quam
809 654 929 685 trium-

221 703 332 743 phari,
349 703 504 735 invidens
533 703 689 744 Angusto
716 704 809 735 illum
828 714 928 746 quem

221 757 406 794 tantopere
444 753 627 784 anhelabat
653 754 829 793 honorem,
861 754 930 785 vic-

984 407 1054 432 tam
1070 405 1106 433 et
1123 401 1270 433 vinctam
1289 401 1421 434 scilicet
1446 402 1609 444 Reginam
1627 413 1690 444 per

982 452 1101 483 urbem
1130 451 1332 493 Italiamque
1357 452 1634 484 circumducendi
1654 453 1689 484 in

982 512 1043 533 suo
1060 503 1244 543 triumpho.
1263 502 1355 534 Hinc
1372 502 1480 543 aiunt,
1497 513 1571 535 cum
1586 510 1691 544 capta

983 553 1026 584 ab
1044 552 1201 593 Augusto
1226 553 1428 585 clementius
1450 553 1494 585 de
1520 554 1690 585 industria

985 608 1207 644 tractaretur,
1225 613 1291 644 qna
1308 612 1388 635 vero
1404 607 1516 635 mente
1529 607 1564 634 et
1578 604 1690 635 consi-

984 654 1030 685 lio
1047 654 1130 686 satis
1147 654 1372 695 intelligeret,
1398 653 1515 686 dicere
1532 655 1687 685 solitam:

985 708 994 720 ⁴
1007 703 1085 735 Non
1104 703 1363 744 trinmphabor!

704 891 834 935 ODE
883 892 1192 935 XXXVIII.

758 994 827 1023 AD
862 994 1169 1035 MlNlSTRUM.

538 1080 722 1112 Sumtuosa
738 1080 897 1112 convivia
916 1081 1063 1113 Horatio
1080 1081 1187 1112 minus
1201 1080 1368 1113 arrident.

393 1156 642 1198 PERSIGOS
665 1155 757 1206 odi,
776 1168 903 1210 puer,
923 1136 1168 1210 apparatus
1190 1168 1201 1207 ;

394 1223 647 1277 Displicent
665 1235 796 1265 nexae
818 1223 990 1277 philyra
1011 1235 1190 1265 coronae
1209 1237 1219 1265 :

268 1337 298 1366 0
317 1338 457 1379 Famule,
471 1350 596 1371 aversor
610 1340 782 1372 Persarum
795 1343 927 1371 sumtus.
978 1340 1049 1371 Non
1070 1340 1195 1380 placent
1218 1341 1340 1372 corolla>
1365 1341 1490 1382 philyra
1511 1340 1688 1380 colligata-.-

835 1425 1074 1437 oeaeueuueo

209 1486 213 1494 ¹
265 1474 344 1506 Ode
357 1476 491 1509 decima
510 1479 604 1511 Libri
617 1479 756 1512 secundi
776 1481 808 1512 in
826 1490 959 1513 recens.
973 1480 1181 1512 Sanad.-1.
1199 1483 1217 1511 5
1231 1479 1408 1512 Marcilius
1425 1480 1475 1512 ita
1492 1479 1687 1520 distinguit:

893 1566 1040 1600 NOTAE

265 1626 414 1658 Metrum
430 1627 521 1660 idem
539 1629 629 1670 quod
648 1629 718 1661 Οὐ.
735 1639 776 1663 ιῐ.

266 1680 282 1708 1
308 1676 455 1709 Persicos
464 1679 526 1715 odi,
538 1689 627 1721 puer,
639 1680 825 1721 apparatus]
841 1680 927 1712 Per-

221 1737 335 1758 sarum
356 1728 456 1760 luxus
481 1731 602 1770 passim
627 1729 776 1763 famosus
794 1741 837 1762 ex
854 1731 927 1763 He-

221 1777 356 1818 rodoto,
388 1778 636 1821 Xenophonte,
666 1781 792 1818 Plinio,
821 1780 930 1813 Athe-

220 1836 307 1858 naeo.
355 1827 410 1860 Illi
440 1839 564 1871 nempe
601 1841 681 1863 vasa
713 1832 865 1872 pretiosa
893 1832 929 1862 in

221 1879 400 1919 conviviis,
427 1881 535 1913 lectos
561 1882 665 1914 etiam
685 1883 930 1915 discubitorios

223 1938 344 1960 aureos
362 1936 396 1961 et
413 1941 584 1971 gemmeos
602 1934 838 1975 requirebant.
863 1934 928 1965 Pa-

221 1982 273 2009 tet
289 1988 331 2009 ex
351 1979 520 2013 Herodot.
545 1982 605 2014 lib.
634 1992 685 2015 ix.
706 1988 880 2023 unguenta
895 1989 931 2016 et

222 2028 345 2059 odores
371 2030 545 2063 amabant.
589 2033 702 2064 Testis
727 2033 818 2064 Plin.
846 2042 952 2066 mn.⁴

223 2081 253 2110 1.
282 2078 426 2111 obsonia
450 2082 636 2122 exquisita,
667 2082 838 2122 tibicines,
869 2084 930 2113 mi-

223 2129 347 2161 nistros
383 2131 575 2162 succinctos
612 2131 833 2164 adhibebant.
877 2133 931 2164 Ex

223 2180 399 2212 Plutarch.
427 2190 525 2212 novae
563 2181 707 2222 alicujus
742 2182 931 2222 voluptatis

222 2230 458 2262 inventoribus
475 2231 617 2272 praemia
637 2231 782 2263 dabant.
812 2232 930 2263 Valer.

225 2280 368 2312 Maxim.
391 2289 445 2313 rx.
461 2283 492 2313 1.
526 2282 612 2314 Coel.
634 2281 780 2322 Rhodig.
796 2290 882 2313 vm.
897 2284 931 2313 2.

223 2332 288 2361 ἀει.
310 2331 321 2348 ‘
336 2330 452 2362 Persae
479 2335 517 2363 et
542 2331 640 2363 Medi
663 2331 811 2363 omnium
826 2331 932 2363 homi-

226 2389 304 2411 num
325 2380 471 2412 maxime
490 2381 709 2422 voluptatem
726 2382 768 2414 ae
790 2380 932 2413 delicias

231 2429 386 2463 colerez’
416 2437 453 2463 et
481 2432 583 2473 paulo
615 2436 710 2473 post:
745 2433 754 2450 ‘
772 2431 934 2464 Omnium

229 2481 333 2522 primi
362 2483 445 2514 luxu
472 2482 628 2515 celebres
664 2482 771 2515 fuisse
797 2482 936 2523 Persae,’

231 2531 429 2564 referuntur
459 2535 502 2566 ab
526 2534 652 2565 Athen.
674 2542 743 2565 xu.
767 2536 798 2565 1.
822 2538 861 2565 et
883 2542 934 2565 tv.

230 2583 281 2612 10.
306 2583 359 2613 Ex
370 2583 628 2622 Theophrasto:
646 2585 656 2601 ‘
671 2583 855 2615 Persarum
868 2583 935 2615 Re-

232 2639 291 2670 ges
307 2631 389 2662 luxu
412 2630 612 2665 effoeminati
636 2633 809 2675 ingentem
832 2643 935 2675 pecu-

231 2680 297 2712 niae
313 2690 477 2714 summam
504 2693 566 2724 per
592 2693 788 2725 praeconem
810 2683 851 2715 iis
867 2684 937 2725 pol-

230 2731 389 2768 licentur,
405 2733 462 2774 qui
478 2743 602 2766 novum
616 2734 806 2776 voluptatis
828 2744 935 2776 genus

231 2781 493 2824 excogitarint(
536 2783 628 2816 Item
666 2793 709 2816 ex
748 2784 936 2818 Heraclide

981 1630 1135 1662 Cumano
1150 1640 1158 1661 :
1183 1631 1194 1648 ‘
1208 1630 1276 1664 Qui
1294 1630 1444 1662 coenanti
1458 1629 1549 1671 Regi
1565 1630 1690 1662 Persa-

982 1689 1055 1711 rum
1072 1681 1277 1721 ministrant,
1305 1682 1366 1712 loti
1393 1690 1524 1720 omnes,
1539 1680 1690 1721 pulchris

982 1732 1095 1764 induti
1111 1733 1263 1764 vestibus
1278 1733 1456 1772 assistunt,
1471 1741 1511 1764 ae
1527 1731 1595 1762 diei
1613 1740 1690 1772 par-

984 1787 1020 1814 te
1049 1783 1188 1814 dimidia
1218 1783 1311 1814 circa
1338 1791 1444 1814 coenae
1481 1786 1690 1822 apparatum

983 1833 1222 1874 occupantur.¹
1251 1833 1411 1875 Denique
1424 1842 1468 1864 ex
1480 1832 1691 1872 Xenophon-

985 1887 1021 1914 te
1049 1882 1082 1914 in
1112 1882 1286 1923 Agesilao,
1316 1883 1379 1914 sub
1409 1880 1692 1922 finem:.‘Apud

984 1934 1109 1966 Persas
1124 1938 1203 1966 sunt
1216 1934 1273 1975 qui
1289 1938 1397 1965 totum
1413 1933 1530 1965 orbem
1547 1933 1693 1964 circum·

985 1988 1066 2015 eant
1093 1985 1316 2025 quaeritantes
1338 1983 1418 2025 quid
1437 1984 1524 2024 Regi
1543 1983 1589 2014 sit
1607 1987 1691 2023 potu

985 2034 1243 2073 gratissimum3
1269 2034 1327 2064 alii
1351 2034 1499 2065 solerter
1515 2032 1692 2074 inquirunt

984 2081 1066 2122 qnid
1082 2082 1234 2113 libenter
1260 2082 1355 2118 edat,
1382 2083 1439 2114 ubi
1465 2087 1501 2114 et
1523 2082 1692 2124 quomodo

984 2131 1139 2162 suaviter
1154 2131 1313 2162 dormiat.
1361 2132 1486 2172 Neque
1509 2137 1563 2162 est
1587 2130 1691 2162 facile

985 2180 1096 2219 dictu,
1113 2190 1214 2221 quam
1229 2180 1331 2211 anxie
1347 2180 1432 2211 talia
1449 2179 1660 2220 procurent!

1028 2235 1048 2263 2
1073 2231 1250 2272 Displicent
1279 2240 1370 2262 πεπτω
1399 2230 1524 2272 philyra
1551 2230 1688 2271 coronoe]

985 2282 1175 2314 Coronatos
1204 2281 1336 2322 epulari
1368 2285 1504 2312 veteres
1533 2284 1691 2311 assuetos

986 2336 1146 2364 constat:
1169 2330 1230 2363 sed
1255 2335 1291 2362 et
1320 2331 1436 2361 luxum
1467 2329 1501 2361 in
1530 2328 1692 2361 texendis

986 2387 1060 2414 arte
1075 2387 1111 2413 et
1127 2380 1243 2412 labore
1259 2380 1394 2412 corollis
1410 2379 1487 2411 istis
1502 2377 1606 2410 fuisse
1625 2388 1690 2410 nou

987 2433 1098 2465 minus
1114 2436 1246 2463 certum
1260 2435 1324 2462 est.
1351 2429 1410 2461 Ait
1426 2438 1507 2461 vero
1523 2429 1690 2461 Horatius

988 2482 1099 2515 odisse
1114 2490 1152 2513 se
1174 2485 1366 2512 sumtuosas
1390 2489 1430 2510 ac
1455 2488 1616 2520 operosas
1631 2479 1691 2510 has

989 2533 1091 2565 etiam
1119 2540 1277 2571 coronas,
1307 2539 1383 2571 quae
1411 2530 1465 2561 vel
1490 2534 1692 2562 texet-entur

989 2593 1014 2615 e
1030 2581 1173 2614 floribus
1200 2590 1240 2612 ac
1261 2579 1352 2611 foliis
1381 2579 1522 2612 inventu
1544 2579 1692 2612 difficili-

990 2633 1064 2671 bus,
1089 2632 1144 2664 vel
1169 2634 1392 2663 necterentur
1425 2639 1548 2671 magno
1571 2630 1692 2662 labore

989 2689 1027 2718 et
1042 2687 1222 2725 apparatu.

1033 2732 1184 2775 Philyra]
1193 2731 1301 2764 Tenui
1313 2731 1523 2768 membrana,
1530 2741 1607 2774 quae
1615 2741 1690 2764 cor-

990 2785 1094 2818 ticem
1120 2785 1211 2817 inter
1234 2787 1271 2816 et
1298 2783 1428 2824 lignum
1451 2783 1532 2815 tiliae
1559 2783 1690 2816 arboris
