1916 3190
646 227 921 259 cARmmm
956 227 1052 258 nus.
1085 227 1119 258 1.
1148 215 1218 257 23.

1561 216 1643 258 171

731 384 860 426 ODE
907 382 1111 426 XXIII.

764 494 832 525 An
858 493 1074 524 GHLOEN.

196 571 351 604 Puellam
374 570 539 613 quondam
567 570 756 612 imperitam
779 574 816 602 et
841 569 1069 601 subrusticam
1097 567 1160 600 sub
1187 567 1310 600 chloes
1339 566 1473 598 nomine
1497 566 1642 598 deridet.

238 624 413 666 (Puellam
419 624 493 665 jam
509 624 582 655 viro
595 627 762 655 maturam
777 622 910 664 pellicit
924 622 967 654 ad
983 631 1145 662 amorem,
1161 631 1303 663 eamque
1317 626 1495 662 comparat
1509 629 1583 651 cum
1602 621 1642 651 ti-

238 675 332 708 mido
345 675 517 708 hinnuleo.
541 675 661 718 Zeton.)

365 739 528 783 V1³1⁹As
547 741 747 783 hinnuleo
765 753 836 782 me
859 739 1033 790 similis,
1055 738 1215 790 Chloe,

363 807 589 860 Quaerenti
609 807 817 862 pauidam
838 808 1063 850 montibus
1084 807 1199 849 aviis

421 874 626 925 Matrem,
647 888 735 917 non
756 875 852 916 sine
873 888 989 917 vano

476 940 693 984 Auratum
713 947 760 983 et
778 942 920 996 syluae
940 946 1076 983 metu.

364 1008 483 1050 Nam
505 1021 584 1050 seu
603 1008 841 1049 mobilibus
860 1009 976 1048 veris
998 1007 1213 1048 inhorruit
1611 1006 1641 1045 5

242 1110 273 1142 0
289 1109 397 1151 Chlo'e’,
412 1119 461 1141 me
475 1109 569 1150 sug-2⁶3
584 1110 665 1141 velut
680 1110 827 1141 hinnulus
841 1110 984 1141 timidum
996 1113 1155 1151 parentem
1176 1109 1338 1150 requirens
1356 1118 1414 1149 per
1429 1107 1577 1140 montium
1590 1108 1645 1139 de-

195 1152 260 1194 oia,
283 1152 366 1184 haud
383 1152 497 1194 absque
518 1153 606 1184 inani
618 1152 792 1190 formidine
809 1155 970 1183 ventorum
988 1162 1025 1183 uc
1038 1152 1184 1184 nemoris.
1230 1153 1331 1183 corde
1351 1151 1434 1182 enim
1455 1160 1494 1182 uc
1510 1149 1643 1190 genibus

801 1235 919 1249 ooooo

921 1235 1039 1249 ccccc

239 1290 348 1323 Deest
370 1289 443 1321 haec
465 1289 540 1321 Ode
563 1289 715 1322 Editioui
741 1290 930 1322 Sauad.-1
961 1290 1052 1323 Vicat
1082 1289 1221 1332 quidam
1246 1289 1402 1322 Torrent.
1429 1293 1466 1320 et
1493 1288 1642 1321 Chabot.

193 1331 339 1364 Mentel.
357 1331 469 1363 Pulm.
494 1336 654 1373 quatuor,
678 1332 772 1373 Lips.
789 1335 819 1364 1.
831 1335 864 1365 2.
876 1335 911 1364 4.
932 1331 1028 1364 Harl.
1046 1335 1076 1364 1.
1091 1335 1124 1364 2.
1141 1334 1174 1364 8.
1189 1335 1222 1364 4.
1236 1335 1269 1363 5.
1284 1334 1317 1363 6.
1341 1331 1409 1363 duo
1428 1331 1644 1371 Burmanni,

192 1374 336 1406 Venett.
354 1376 449 1405 1477.
467 1376 561 1405 1478.
576 1376 673 1406 1479.
685 1374 768 1406 Vet.
784 1374 905 1406 Comb.
922 1375 1066 1406 Locher.
1082 1374 1228 1406 Ascens.
1238 1374 1392 1406 Manein.
1407 1373 1550 1415 aliaeque
1565 1373 1644 1404 edd.

191 1415 294 1448 innuo
307 1418 344 1447 et
356 1415 479 1447 hinnuleo
493 1416 597 1448 codd.
614 1426 670 1457 ap.
685 1417 844 1449 Torrent.
860 1422 896 1448 et
911 1416 1003 1449 Jani.
1050 1417 1127 1448 Clo'e'
1140 1417 1173 1448 in
1189 1416 1384 1448 iisdem—⁶
1406 1416 1417 1433 ⁸
1431 1415 1519 1447 Nam
1532 1425 1587 1446 seu
1601 1425 1644 1446 m.

190 1457 267 1490 oiri·
278 1457 438 1490 inorruit
453 1458 507 1490 Aa
520 1462 646 1490 venenam
661 1459 712 1500 (h.
723 1468 754 1490 e.
770 1469 789 1490 a
806 1457 928 1500 vento)
943 1459 1039 1497 soliis
1054 1459 1184 1491 Murct.
1201 1468 1244 1490 ex
1261 1457 1411 1500 antiquis
1425 1457 1643 1500 quibusdam,

191 1504 231 1531 ut
244 1499 301 1532 ille
317 1499 378 1539 ait,
393 1499 503 1532 libris.
547 1501 598 1532 Ea
610 1510 746 1542 quoque
761 1501 867 1534 lectio
881 1501 1063 1542 Sealigeri,
1078 1501 1228 1538 Heinsii,
1246 1501 1309 1533 Ro.
1325 1500 1444 1541 Steph-
1480 1500 1550 1532 Sed
1567 1500 1643 1541 quis

192 1550 261 1574 non
286 1542 429 1574 miretur
445 1542 534 1574 vites
550 1542 584 1574 in
600 1543 771 1575 montibus
787 1543 896 1575 aviis?
941 1544 1028 1576 Nam
1041 1554 1094 1575 seu
1110 1554 1151 1575 m.
1166 1543 1248 1575 ceris
1262 1543 1419 1575 inhorruit
1441 1541 1510 1583 (sc.
1526 1541 1641 1582 sylva)

192 1583 246 1616 Aa
257 1582 383 1616 mcum
388 1584 422 1623 s.

446 1584 507 1626 (ad
522 1589 660 1616 ventum
678 1586 779 1625 veris,
796 1585 1011 1627 Zephyrum)
1027 1586 1114 1618 Lud.
1131 1587 1285 1626 Desprez
1299 1595 1343 1617 ax
1360 1584 1577 1625 conjectura;
1591 1584 1645 1625 [et

191 1626 242 1657 ita
253 1625 444 1667 Sehrevel.]
468 1627 554 1657 Nm
567 1637 594 1658 s.
608 1637 651 1659 m.
663 1637 694 1660 υ.
709 1628 732 1659 i.
746 1627 894 1659 Adventu
906 1628 941 1665 s.
959 1628 1127 1669 (adventu
1144 1628 1247 1667 veris,
1262 1628 1286 1659 i.
1297 1636 1329 1658 e.
1343 1625 1448 1658 flante
1464 1625 1642 1675 Zephyro)

192 1668 260 1699 alia
275 1667 426 1717 ejusdem
442 1669 569 1709 Despr.
586 1669 674 1709 conj.
719 1669 876 1710 Utraque
892 1670 981 1700 ratio
996 1679 1098 1711 qnam
1114 1669 1215 1701 dura!

1251 1670 1338 1700 Nam
1351 1678 1404 1700 seu
1417 1678 1459 1700 m.
1474 1678 1578 1708 vepna
1592 1677 1627 1698 m

191 1709 317 1742 horrent
330 1709 385 1745 Ad
398 1711 634 1749 caucasum,
654 1711 788 1742 emend.
805 1711 921 1744 Bentl.
943 1716 980 1743 et
994 1712 1044 1743 sic
1056 1713 1142 1743 Cun.
1166 1710 1315 1752 [wakef.
1332 1710 1453 1750 Kidd.]
1473 1715 1508 1742 et
1528 1684 1645 1740 Mai-k:

192 1751 285 1785 land.
299 1752 364 1794 Ep.
379 1752 457 1785 erit.
472 1752 515 1784 ad
530 1753 588 1785 Fr.
603 1753 698 1785 Hare
714 1763 749 1795 p.
764 1756 818 1786 50.
861 1753 883 1785 J
887 1763 941 1784 am
960 1758 1040 1785 ante
1064 1754 1182 1785 Bentl.
1204 1754 1253 1784 sic
1278 1757 1481 1784 correxerat
1503 1752 1644 1784 Salmas.

840 1838 984 1871 NOTAE

236 1898 390 1931 Metram
410 1902 464 1932 est
483 1899 575 1932 idem
589 1900 679 1943 quod
698 1910 804 1943 supra
819 1901 888 1934 od.

195 1957 231 1981 v.

234 1997 360 2040 Arguit
374 1998 541 2031 Horatius
553 1999 587 2031 in
609 1998 717 2031 Chloe
738 1998 773 2030 id
795 1998 887 2040 quod

190 2048 226 2080 in
238 2048 385 2090 ingenua
397 2049 543 2080 maxime
553 2048 760 2080 laudandum
772 2049 887 2089 puella

190 2095 302 2133 videri
321 2097 456 2130 debeat.
501 2095 550 2129 At
574 2097 717 2138 proprie
731 2103 802 2129 tum
817 2098 886 2129 Ve-

188 2145 263 2178 neri
275 2146 368 2183 litat,
383 2156 460 2178 cum
472 2146 627 2189 queritur
639 2146 729 2188 quod
743 2147 803 2179 illa
810 2147 884 2188 Jam

189 2194 352 2237 grandior
371 2205 439 2228 non
459 2196 585 2228 audeat
609 2196 748 2228 absente
774 2200 884 2228 matre

187 2246 298 2279 virum
318 2255 355 2279 se
378 2246 517 2288 alloqui,
539 2255 781 2288 sermonesque
804 2246 883 2277 mis-

186 2306 279 2332 cere.

231 2350 249 2379 1
279 2346 384 2388 Vitas]
406 2346 620 2380 Quibusdam
646 2346 764 2387 placet
784 2346 885 2379 Vitat.

188 2396 330 2438 Verum,
360 2401 400 2429 nt
429 2396 517 2428 bene
546 2400 660 2428 monet
689 2397 885 2429 Theodorus

188 2446 379 2487 Har-cilius,
405 2446 565 2479 Flaccum
601 2447 686 2478 velle
719 2447 810 2479 Vitas
846 2448 884 2478 li-

189 2501 284 2538 quet,
298 2506 376 2529 cum
395 2496 582 2539 subjungit,
595 2497 683 2538 atqui
696 2506 758 2529 m
770 2507 828 2537 ego
843 2500 887 2538 te,

233 2594 394 2627 Himleo
422 2595 550 2637 sinilia]
576 2597 661 2628 Tam
686 2596 886 2628 meticulosa

193 2651 294 2683 qnam
307 2644 478 2686 hinnulus,
491 2645 598 2686 cervi,
613 2646 737 2686 damae,
756 2650 816 2677 aut
829 2654 885 2677 ca-

192 2692 300 2732 preoli
315 2693 436 2734 pullus,
449 2704 471 2727 a
483 2699 592 2728 matre
607 2696 800 2738 praesertim
827 2695 885 2727 ab·

141 2772 144 2775 .
192 2744 350 2773 stractus.

988 1902 1100 1944 chloe]
1124 1902 1259 1934 Nomen
1271 1900 1539 1932 adolescentulas
1561 1910 1642 1933 con-

941 1952 1093 1984 veniens.
1137 1952 1226 1983 Nam
1241 1951 1331 1991 χλοὴ
1346 1955 1400 1982 est
1416 1951 1512 1982 herba
1525 1951 1642 1983 virens.

981 2004 1003 2033 8
1017 2001 1180 2037 Quaerenti
1197 2000 1345 2040 pavidan-
1360 1999 1514 2042 Matrem]
1526 1999 1559 2032 A
1574 2011 1642 2043 qua

939 2051 1128 2084 exerravit.
1157 2049 1544 2089 PavidamJGervaenim
1552 2059 1640 2082 sem-

938 2111 1001 2143 per
1023 2101 1135 2141 timet,
1159 2100 1303 2141 ejusque
1327 2099 1363 2130 in
1378 2098 1462 2139 fuga
1476 2100 1641 2132 securita-

939 2155 1008 2183 tem
1024 2155 1145 2182 natura
1160 2148 1359 2189 constituit,
1374 2153 1447 2181 tum
1464 2159 1485 2181 a
1501 2155 1639 2182 venato-

937 2199 1043 2240 ribus,
1059 2206 1130 2231 tum
1143 2209 1163 2230 a
1177 2197 1270 2230 feris.

982 2248 1146 2281 Mantum
1166 2247 1263 2288 aviis]
1287 2247 1319 2279 A
1341 2247 1424 2280 trita
1445 2257 1568 2288 nempe
1585 2249 1640 2280 via

939 2298 1115 2332 declinare
1128 2302 1242 2329 amant
1257 2295 1352 2328 fere.

981 2352 1003 2381 4
1026 2347 1149 2389 Syluae]
1171 2346 1350 2379 Diaeresis.
1394 2344 1452 2376 Sic
1468 2345 1595 2376 Tibuu.
1614 2355 1640 2378 ῐ.

940 2400 993 2430 10.
1017 2400 1071 2429 46.
1093 2397 1103 2414 ⁴
1116 2397 1170 2428 Sit
1191 2394 1274 2426 satis
1289 2398 1426 2425 ornatas
1441 2393 1639 2427 dissoluisse
1704 2430 1714 2434 ,

939 2445 1076 2479 comas!

981 2500 1000 2527 5
1025 2496 1111 2526 Nam
1124 2503 1178 2525 seu
1190 2490 1353 2524 mobilibus
1366 2491 1449 2523 neris
1469 2492 1576 2534 [vitis]
1587 2494 1641 2527 in.

939 2546 1063 2578 horruit
1091 2545 1255 2576 Adventus
1280 2540 1350 2582 [Aa
1375 2542 1514 2583 ventum]
1527 2542 1637 2585 soliis]

940 2596 1042 2628 Hanc
1056 2595 1092 2626 in
1108 2592 1392 2634 interpretatione
1406 2597 1545 2624 secutus
1562 2603 1636 2626 sum

936 2645 1133 2684 lectionem,
1144 2652 1220 2685 quae
1231 2642 1361 2674 Mureti
1371 2646 1424 2674 est
1438 2646 1542 2684 atque
1553 2644 1637 2676 Sca·

937 2694 1054 2736 ligeri:
1071 2702 1260 2735 quanquam
1270 2702 1336 2724 nou
1344 2691 1526 2725 satisfacit.
1543 2694 1635 2727 Quid

938 2743 1027 2776 enim
1041 2742 1189 2779 hinnulo,
1205 2750 1268 2784 per
1282 2750 1402 2774 nemus
1416 2751 1550 2775 cervam
1564 2752 1634 2775 ma-
