1916 3190
254 242 341 284 46⁰
707 255 776 293 vQ.
807 253 1017 285 HoRA'ru
1052 252 1228 284 FnAccr

484 347 580 389 Nec
600 348 713 390 mori
731 359 810 402 per
830 347 920 388 vim
943 348 1151 394 metuam,
1171 348 1347 388 tenente
1647 347 1704 388 15

823 412 1005 454 Caesare
1027 418 1180 453 terras.

483 480 522 530 Ι,
542 485 641 535 pete
662 483 943 534 unguentum,
963 492 1089 533 puer,
1110 483 1155 520 et
1171 491 1373 529 coronas,

485 546 542 588 Et
561 547 720 588 cadum
743 547 884 588 Marsi
902 559 1139 588 memorem
1159 545 1310 595 duelli,

485 612 749 666 Spartacum
771 614 810 654 si
830 626 919 666 qua
938 613 1088 666 potuit
1107 617 1340 667 vagantem

828 679 1004 721 Fallere
1025 683 1155 722 testa.
1653 680 1709 722 20

257 805 391 838 tudines.

437 808 507 847 Ego
521 817 616 849 neque
630 808 741 840 bellum
755 809 844 840 civile
859 784 1048 848 formidabo,
1063 818 1160 850 neque
1173 808 1305 840 interire
1326 818 1382 849 per
1395 809 1460 840 vim
1472 807 1626 845 hostilem,
1641 806 1708 837 Aa·

253 851 350 886 gusto
363 848 446 880 orbis
460 852 597 883 «ronzino.
645 852 758 891 Perge,
772 851 908 890 famule,
929 851 1012 892 affer
1026 855 1216 890 unguentum
1229 855 1259 883 et
1274 861 1412 887 coronae,
1425 851 1517 891 atq'ue
1531 850 1711 890 amphoram

259 893 368 922 testem
382 891 454 923 belli
468 893 658 934 Marsorum,
674 894 703 925 si
717 893 808 931 sorte
821 893 947 933 aliquod
959 893 1063 935 fictile
1076 894 1193 925 dolium
1211 894 1314 934 potuit
1335 895 1432 925 laten
1446 893 1599 934 Spartaco
1618 899 1710 931 gras-

870 985 987 998 eeeeee

989 985 1108 998 oooooo

261 1048 324 1080 snb
341 1059 371 1081 v.
396 1049 548 1092 ‘siquae‚'
569 1050 704 1084 emend.
727 1050 755 1082 si
781 1060 871 1092 quae5
894 1049 1043 1092 Cuniug.
1064 1050 1152 1092 conj.
1177 1050 1206 1082 si
1220 1050 1369 1091 qui.——21
1394 1049 1491 1091 Conj.
1516 1059 1572 1091 ap.
1597 1049 1714 1082 Jones-

920 1158 1060 1191 NOTAE

263 1231 480 1271 perturbatio
509 1236 619 1268 tanta,
656 1237 694 1264 ut
723 1234 830 1274 maj0r
865 1233 967 1265 timor

264 1280 417 1312 oriatur?
442 1281 542 1312 Unde
559 1283 663 1314 etiam
686 1292 809 1315 nomen
825 1282 967 1315 ductum

264 1335 320 1362 est
337 1332 528 1364 tumultus?

308 1383 348 1411 15
363 1382 431 1413 Nec
444 1383 524 1413 mori
537 1392 594 1423 per
608 1383 672 1414 vim
684 1386 830 1423 metuam,
844 1386 967 1415 tenente

267 1430 391 1461 Coesare
414 1432 531 1472 terras]
566 1433 708 1464 Sueton.
734 1433 862 1465 Octav.
886 1443 964 1474 cap.

265 1482 319 1512 22.
346 1481 356 1498 ‘
371 1480 394 1513 J
399 1490 497 1512 anum
529 1482 710 1514 Quirinum
730 1483 835 1514 semel
860 1488 965 1524 atque

265 1529 390 1561 iterum
404 1530 572 1562 acondita
582 1532 668 1563 urbe
680 1532 873 1563 memoriam
886 1536 966 1564 ante

266 1588 360 1610 suam
375 1581 524 1611 clausum
537 1581 571 1612 in
587 1582 694 1613 multo
711 1581 867 1614 breviore
883 1586 966 1613 tem·

267 1628 360 1670 poris
372 1630 496 1670 spatio,
512 1634 605 1661 terra
619 1631 774 1671 marique
789 1639 876 1671 pace
889 1639 966 1671 par-

267 1683 318 1719 ta,
333 1684 386 1710 ter
397 1679 544 1711 clausit?
566 1689 618 1711 ιν.
630 1684 660 1712 5.
677 1681 687 1698 ‘
701 1680 785 1713 Quis
800 1680 968 1712 Parthum

268 1730 413 1769 paveat?
442 1730 528 1763 Quis
543 1731 690 1771 gelidum
707 1730 870 1772 Scythen,
883 1731 968 1764 Quis

269 1779 455 1811 Germania
469 1790 553 1821 quos
569 1781 707 1812 horrida
728 1781 877 1821 parturit
892 1781 970 1812 Foe-

268 1833 337 1866 tus,
374 1829 537 1862 incolumi
567 1831 728 1862 Caesare?
768 1829 855 1863 Quis
884 1829 970 1863 ferae

270 1879 406 1911 Bellum
431 1885 531 1912 curet
553 1879 722 1912 1beriae?’
757 1881 804 1912 Et
820 1880 890 1912 Od.
906 1890 969 1913 xv.

269 1930 280 1946 ‘
297 1929 449 1962 Custode
474 1940 587 1962 rerum
618 1930 753 1962 Caesare
782 1939 849 1961 nou
876 1929 972 1962 furor

271 1977 388 2010 Civilis
407 1983 466 2011 aut
482 1980 531 2010 vis
547 1980 676 2011 eximet
691 1979 822 2019 otium:
837 1982 903 2012 &c.

315 2029 355 2058 17
370 2028 400 2067 Ι,
413 2032 482 2068 pete
497 2033 697 2069 unguentum,
710 2040 799 2070 puer,
813 2030 882 2071 ξω]
898 2031 973 2062 Lae-

272 2074 360 2107 titiae
377 2077 473 2116 signa
489 2078 654 2117 plurima3
682 2079 806 2119 epulae,
821 2084 857 2110 et
874 2079 906 2110 in
923 2079 973 2110 his

272 2125 387 2156 vinum
405 2131 577 2158 vetustate
592 2129 811 2169 exquisitum,
826 2139 976 2170 unguen-

274 2179 322 2215 ta,
345 2174 461 2215 flores,
488 2185 637 2216 coronae,
661 2179 802 2209 musica.
838 2179 925 2211 Vide
948 2189 975 2212 1.

275 2224 344 2261 Od,
356 2227 388 2256 9.
403 2227 456 2256 38.
473 2227 537 2257 &c-

319 2276 360 2306 18
391 2275 513 2306 eadum
536 2275 641 2306 Marsi
670 2285 833 2306 memorem
862 2276 974 2316 duelli]

275 2323 403 2355 Vinum
418 2323 572 2356 diffusum
589 2329 626 2356 et
647 2325 682 2355 in
699 2326 784 2356 cella
801 2325 977 2356 conditum

277 2378 431 2413 tempore
452 2373 547 2413 belli,
570 2374 662 2415 quod
683 2374 884 2414 Marsicum,
907 2373 977 2405 Ita-

276 2423 392 2463 licum,
416 2424 562 2464 Sociale,
581 2428 813 2464 nuncupatum
833 2428 906 2462 est;
930 2423 978 2454 ni-

277 2472 400 2504 mirum
431 2478 511 2504 ante
539 2482 645 2504 annos
679 2473 754 2513 plus
790 2473 979 2513 sexaginta.

278 2523 362 2553 Tum
378 2522 418 2554 ab
431 2523 514 2553 omni
527 2526 616 2563 parte
634 2522 751 2563 Italioe,
771 2524 848 2555 duce
862 2525 893 2554 et
907 2532 980 2554 auc-

280 2576 346 2604 tore
361 2573 433 2604 belli
447 2573 640 2604 discursante
652 2573 807 2614 Popedio,
818 2573 874 2614 qui
888 2574 981 2605 Mar-

280 2632 335 2653 sos
347 2623 410 2653 sub
426 2622 530 2663 signis
546 2622 711 2662 habebat,
724 2623 847 2654 diter-sa
858 2633 916 2663 per
927 2633 982 2664 po-

279 2674 378 2713 pulos,
389 2677 419 2704 et
434 2674 523 2705 urbes
535 2674 627 2714 signa
639 2674 787 2706 cecinere.
829 2674 981 2706 Tandem

282 2724 409 2754 Marsos
423 2724 577 2756 Gabinius
591 2724 750 2756 discussit.
782 2723 872 2756 Vide
887 2725 980 2757 Flor.

284 2781 343 2805 111.
360 2782 437 2813 cap.
453 2775 504 2804 18.

1062 1237 1104 1266 19
1120 1234 1307 1274 Spartacum
1320 1234 1423 1274 siqua
1436 1231 1540 1273 potuit
1553 1234 1717 1271 vagantem
1778 1240 1782 1241 ⁷

1020 1284 1143 1316 Fallere
1174 1284 1270 1325 testa]
1309 1284 1340 1315 Ο
1359 1292 1455 1324 puer,
1475 1291 1591 1324 quaere
1616 1280 1716 1312 nobis

1020 1333 1133 1365 viuum
1158 1333 1299 1365 Marsici
1325 1332 1404 1364 belli
1426 1336 1542 1364 notam
1567 1330 1717 1369 habens3

1020 1384 1049 1414 si
1071 1383 1207 1425 quidem
1228 1393 1269 1415 ex
1286 1393 1327 1415 eo
1343 1381 1527 1424 superfuit,
1542 1387 1578 1413 et
1597 1379 1718 1420 effugit

1018 1432 1178 1472 Spartaci
1192 1433 1415 1464 vastationem
1431 1436 1467 1463 et
1479 1429 1718 1471 depopulatio-

1019 1491 1092 1522 nes,
1101 1492 1175 1523 quae
1187 1482 1282 1513 annis
1292 1482 1430 1513 circiter
1442 1479 1613 1512 sexdecim
1624 1488 1718 1519 gras-

1020 1535 1104 1563 satae
1113 1537 1189 1562 sunt
1201 1536 1278 1572 post
1286 1531 1410 1563 bellum
1419 1530 1618 1562 Marsicum.
1630 1529 1720 1560 Flor.

1020 1590 1079 1612 111.
1095 1584 1149 1612 20.
1169 1582 1179 1598 ‘
1197 1582 1331 1612 Bellum
1353 1581 1520 1622 Spartaco
1535 1580 1623 1611 duce
1638 1587 1720 1610 con-

1021 1630 1163 1662 citatum
1176 1639 1244 1671 quo
1253 1629 1388 1661 nomine
1400 1629 1569 1670 appellem
1579 1627 1710 1667 nescio,
1717 1626 1725 1639 ¹

1019 1679 1141 1720 inquit,
1168 1679 1177 1695 ‘
1193 1679 1322 1720 quippe
1338 1687 1416 1710 cum
1439 1678 1531 1710 servi
1552 1677 1719 1709 militave-

1021 1729 1104 1767 riut,
1115 1728 1322 1770 gladiatores
1333 1726 1589 1769 imperaverint,
1597 1729 1662 1759 διο.
1672 1747 1682 1757 .
1691 1747 1701 1758 .
1711 1748 1720 1757 .

1024 1779 1219 1820 Spartacus,
1234 1778 1370 1817 Crixus,
1384 1777 1564 1809 AEnomaus
1579 1774 1723 1807 effracto

1026 1829 1163 1869 Lentuli
1173 1828 1252 1859 ludo
1265 1837 1341 1859 cum
1355 1827 1496 1868 triginta
1507 1830 1566 1857 aut
1579 1824 1724 1866 ampliu·

1027 1878 1180 1919 ejusdem
1195 1876 1343 1908 fortunae
1361 1876 1440 1907 viris
1455 1880 1644 1916 eruperunt
1659 1874 1726 1906 cv·

1027 1938 1114 1970 pua:
1149 1927 1320 1968 servisque
1352 1926 1396 1958 ad
1426 1926 1585 1957 vexillum
1615 1929 1652 1956 et
1680 1924 1739 1955 ad·-

1028 1979 1189 2010 auxilium
1206 1977 1348 2017 vocatis,
1367 1985 1444 2009 cum
1466 1976 1580 2008 statim
1604 1974 1723 2007 decem

1024 2029 1168 2070 amplius
1184 2028 1290 2061 millia
1303 2029 1452 2060 coissent
1462 2028 1647 2062 hominum,
1658 2034 1727 2056 non

1025 2078 1126 2110 modo
1149 2077 1306 2120 effugisse
1334 2078 1502 2119 contenti,
1520 2077 1593 2119 jam
1615 2075 1728 2107 vindi-

1026 2139 1104 2160 care
1132 2129 1307 2161 volebant.
1319 2149 1346 2160 ..
1357 2133 1465 2159 totam
1497 2131 1727 2169 pervagantur

1027 2179 1249 2219 Campaniam
1260 2201 1269 2210 .
1280 2200 1288 2210 .
1299 2200 1308 2210 .
1317 2178 1463 2210 terribili
1484 2183 1598 2217 strage
1617 2185 1727 2217 popu·

1025 2228 1151 2260 lantur.
1196 2227 1427 2260 Afflnentibus
1448 2228 1483 2259 in
1498 2227 1588 2258 diem
1606 2225 1727 2266 copiis,

1028 2285 1103 2307 cum
1119 2277 1194 2316 jam
1209 2283 1301 2308 esset
1311 2278 1428 2317 justus
1444 2276 1630 2316 exercitus,
1645 2284 1665 2306 e
1683 2273 1727 2304 vi·

1029 2325 1175 2355 minibus
1195 2325 1431 2365 pecudumque
1449 2324 1655 2364 tegumentis
1678 2323 1728 2353 in-

1029 2373 1185 2404 conditos
1209 2373 1274 2404 sibi
1299 2374 1452 2413 clypeos,
1467 2383 1487 2404 e
1503 2372 1596 2404 ferro
1615 2381 1730 2412 ergas-

1030 2423 1176 2454 tulorum
1193 2426 1332 2454 recocto
1347 2422 1478 2462 gladios
1493 2431 1534 2453 ac
1549 2422 1619 2453 tela
1634 2420 1727 2453 fece-

1032 2475 1123 2508 runt.
1150 2474 1215 2503 &c.
1230 2493 1241 2503 .
1252 2492 1278 2503 ..
1289 2470 1353 2503 Ille
1376 2471 1564 2512 Spartacus
1594 2471 1638 2503 de
1666 2471 1728 2502 sti-

1033 2523 1209 2565 pendiario
1223 2523 1353 2554 Thrace
1368 2522 1478 2561 miles,
1491 2520 1534 2552 de
1547 2521 1654 2552 milite
1669 2520 1728 2553 de-

1033 2577 1155 2612 sertor,
1176 2571 1255 2603 inde
1276 2572 1376 2612 latro,
1394 2569 1518 2602 deinde
1544 2570 1578 2601 in
1600 2570 1729 2602 honore

1033 2623 1151 2654 virium
1168 2622 1347 2663 gladiator.
1362 2643 1370 2652 .
1382 2643 1390 2652 .
1402 2643 1411 2652 .
1422 2621 1628 2652 Consulares
1649 2630 1730 2662 quo-

1033 2682 1098 2714 que
1127 2681 1304 2713 aggressus
1330 2672 1364 2702 in
1390 2670 1574 2712 Apennino
1592 2670 1730 2702 Lentuli

1033 2722 1221 2754 exercitum
1234 2721 1442 2763 percecidit:
1457 2721 1548 2763 apud
1559 2722 1729 2753 Mutinam

1034 2773 1072 2805 C.
1090 2772 1198 2804 Cassii
1209 2776 1320 2804 castra
1333 2771 1471 2804 delevit.
1514 2771 1647 2805 Quibus
1663 2770 1730 2802 ela-
