1916 3190
282 223 368 265 5:36

710 228 715 238 ²
757 240 802 276 Q.
834 236 1043 268 HoRA'rn
1081 237 1254 268 ensem
1295 237 1298 243 ·

486 388 489 390 ς
514 331 645 382 Quod
666 344 753 372 non
775 332 914 388 imber
935 331 1066 381 edax,
1087 345 1176 373 non
1197 330 1365 386 Aquilo
1383 333 1605 387 impotens

508 398 665 440 Possit
684 399 869 449 diruere,
890 402 966 440 aut
985 399 1320 441 innumerabilis

508 463 735 507 Annorum
756 466 909 515 series,
933 469 975 506 et
995 465 1101 518 fuga
1120 469 1374 519 temporum.
1675 501 1681 505 .
1710 468 1739 508 5

511 530 618 572 Non
638 533 778 573 omnis
797 532 973 582 moriar,
995 532 1224 585 multaque
1245 546 1349 586 pars
1369 533 1456 574 mei

507 597 687 640 vitabit
707 599 963 641 Libitinam.
1024 598 1180 653 Usque
1201 613 1281 652 ego
1304 605 1483 653 postera

508 663 719 707 Crescam
737 666 871 707 laude
889 679 1056 715 recens,
1077 666 1184 706 dum
1205 665 1479 720 Capitolium

512 732 706 775 Scandet
726 747 826 775 cum
846 735 987 775 tacita
1009 734 1174 786 virgine
1195 733 1408 787 pontifex.

281 841 388 881 pluvia
409 851 616 883 corrumpens,
629 853 684 874 nec
699 844 821 875 Boreas
835 843 985 874 violentus
1012 846 1170 874 destruere
1190 847 1296 884 queat,
1316 844 1366 874 vel
1387 846 1558 884 temporum
1579 843 1686 883 lapsus
1706 846 1740 874 et
1758 826 1761 830 ”

283 884 503 925 longinquitas.
550 885 648 916 Haud
662 889 745 916 totus
760 885 913 916 interibo:
934 889 966 916 et
985 885 1089 925 portio
1112 886 1172 916 mei
1185 885 1322 925 plurima
1336 887 1466 916 nwriem
1477 883 1620 925 effugiet.
1667 885 1738 924 Ego

282 935 401 966 semper
414 936 511 958 novus
533 931 728 967 posterorum
752 927 930 958 laudatione
951 926 1097 967 aug-ebor,
1122 927 1269 967 quamdiu
1282 935 1418 958 summus
1431 925 1584 958 Sacerdos
1598 927 1740 958 ascendet

907 1039 910 1042 ⁴
945 1021 1086 1054 NOTAE

281 1087 386 1127 latur,
400 1085 489 1127 quod
507 1086 549 1117 ad
566 1086 653 1128 ignis
670 1087 834 1128 speciem,
858 1087 916 1118 τοῦ
930 1097 987 1118 τιυ-

228 1158 231 1160 -
281 1136 346 1176 ρὸς,
376 1141 414 1168 ut
445 1145 504 1167 nos
531 1136 690 1176 dicimus,
718 1142 925 1168 extenuatur
953 1137 986 1167 in

283 1195 428 1217 conum:
460 1195 600 1227 quarum
634 1186 833 1227 magnitudo
869 1186 986 1228 quoni—

282 1247 336 1269 am
353 1238 385 1268 in
402 1236 638 1268 celsitudinem
661 1237 797 1269 nimiam
819 1238 985 1270 scandens

282 1287 480 1328 gracilescit
494 1287 659 1328 paulatim
673 1298 683 1327 ;
699 1287 835 1319 umbras
851 1297 985 1329 quoqne

282 1336 482 1368 mechanica
506 1337 640 1368 ratione
660 1338 852 1369 consumit!
897 1338 986 1370 Vide

282 1386 399 1417 Strab.
426 1395 532 1417 xvu.·
553 1392 589 1418 et
618 1388 762 1419 Diodor.
808 1389 914 1420 Sicul.
942 1398 984 1420 11.

283 1438 314 1467 2.
359 1435 428 1466 Hic
456 1436 669 1476 pyramidem
692 1438 740 1468 ait
763 1439 941 1468 maximam
967 1447 986 1468 a

284 1484 439 1516 Cllemmi
453 1484 550 1525 Rege
569 1489 779 1517 exstructam
793 1486 936 1518 artificio
950 1492 986 1517 et

285 1542 389 1574 opere
421 1533 578 1568 mirabili,
605 1544 679 1575 quae
710 1535 719 1552 ‘
737 1541 881 1573 quatuor
911 1540 987 1566 erat

283 1584 442 1622 laterum,
466 1592 608 1624 quorum
635 1583 815 1624 quodlibet
839 1584 881 1615 ab
903 1583 987 1615 infe-

284 1633 365 1664 riori
383 1637 479 1674 parte
489 1634 612 1674 jugera
626 1637 758 1673 septem
774 1634 986 1665 continebat.

285 1682 444 1714 Altitudo
471 1684 614 1723 amplius
649 1693 749 1726 quam
774 1683 901 1724 jugera
928 1693 988 1714 sex

285 1733 424 1765 tolleret
442 1756 451 1765 .
469 1755 476 1764 .
495 1756 503 1765 .
520 1757 527 1765 .
544 1732 650 1765 ferme
682 1734 778 1764 annis
813 1735 919 1775 mille,
951 1739 988 1766 ut

285 1782 441 1815 referunt
458 1782 592 1825 quidam
607 1795 616 1823 ;
633 1788 671 1815 ut
685 1784 740 1815 alii
754 1784 906 1824 tradunt,
921 1795 989 1816 am-

286 1834 375 1874 plius
402 1834 509 1865 tribus
541 1834 687 1866 millibus
717 1832 990 1876 quadringentis,

286 1883 328 1914 ad
352 1893 413 1915 nos
437 1893 543 1925 usque
571 1894 611 1915 ea
633 1886 740 1916 moles
763 1885 898 1926 integra
913 1895 990 1926 per-

286 1933 430 1964 mansit:
454 1943 498 1964 ex
528 1933 656 1965 Arabia
679 1935 778 1975 longo
806 1935 988 1966 admodum

286 1983 410 2014 itinere
422 1982 577 2015 advectis
590 1984 758 2025 lapidibus
770 1985 990 2017 constructa!

288 2032 397 2063 Istam
414 2043 449 2064 se
466 2033 592 2065 vidisse
608 2027 718 2066 adbuc
739 2038 884 2066 stantem
901 2044 989 2066 auno

289 2084 386 2113 1638.
415 2083 449 2113 in
473 2093 543 2115 suae
569 2085 849 2125 peregrinationis
873 2095 990 2117 narra·

287 2130 394 2170 tione,
410 2135 558 2162 testatur
578 2134 731 2166 Joannes
749 2135 901 2167 Greaves
924 2135 989 2167 As-

288 2180 467 2212 tronomiae
483 2180 662 2212 Professor
676 2184 807 2224 Anglus
821 2196 830 2223 3
846 2195 989 2227 eamque

289 2235 360 2268 tam
382 2230 579 2262 interiorem
603 2240 703 2272 quam
726 2234 932 2265 exteriorem
956 2245 989 2265 e·

291 2280 409 2322 gregie
424 2280 590 2312 describit
613 2281 750 2321 qualem
776 2280 924 2322 inspexit
950 2293 990 2313 ac

292 2331 467 2364 dimensus
484 2334 547 2367 est,
562 2331 620 2361 vix
635 2331 809 2371 paululum
826 2331 990 2363 deforma-

292 2387 384 2419 tam3
411 2382 582 2422 altamque
602 2381 689 2413 dicit
706 2380 811 2422 pedes
825 2381 897 2413 fere
913 2392 990 2423 sep-

291 2432 464 2472 tingentos
478 2442 487 2470 ς
519 2436 556 2462 et
572 2432 833 2463 convenientem
849 2432 993 2464 Diodori

291 2491 484 2513 mensuram
499 2491 559 2513 seu
575 2481 740 2513 metiendi
762 2481 923 2514 rationem
941 2492 993 2514 as—

293 2532 390 2571 serit,
405 2533 471 2563 &c-

335 2584 355 2612 3
382 2581 471 2617 Quod
484 2590 543 2611 non
558 2579 655 2611 imber
669 2581 761 2616 edax,
779 2582 850 2622 esa]
875 2581 991 2614 Imita-

291 2632 340 2663 tio
372 2636 426 2663 est
462 2630 655 2662 Pindaricae
689 2631 857 2672 dictionis,
886 2632 990 2672 Pyth.

294 2681 363 2713 Οὐ.
380 2691 429 2713 νῐ.
452 2681 510 2712 ubi
533 2680 717 2712 Xenocrati
740 2686 880 2722 paratus
904 2682 990 2713 dici-

293 2735 349 2762 tur
365 2730 502 2762 landum
528 2731 716 2772 thesaurus,
738 2741 839 2772 quem
854 2731 990 2764 diruere

294 2789 354 2812 seu
385 2779 516 2812 auferre
551 2786 698 2821 nequeat
734 2781 789 2812 vel
819 2782 990 2822 hybernus

1042 1085 1163 1126 imber,
1192 1091 1253 1118 aut
1287 1091 1422 1125 ventus,
1459 1089 1519 1117 aut
1554 1084 1742 1117 horrisonae

1043 1136 1257 1177 tempestatis
1272 1135 1447 1167 exercitus
1464 1134 1701 1177 implacabilis.

1082 1189 1103 1218 6
1127 1186 1203 1217 Non
1217 1186 1318 1217 omnis
1337 1185 1466 1226 moriar,
1478 1184 1551 1226 ξω]
1574 1184 1655 1216 Νοιι
1671 1189 1743 1217 tam

1041 1237 1177 1276 animae,
1200 1245 1300 1278 quam
1330 1236 1382 1267 sui
1405 1235 1550 1267 nominis
1571 1234 1742 1266 immorta-

1040 1288 1130 1320 litati
1155 1292 1192 1319 et
1216 1286 1387 1318 memoriae
1417 1284 1606 1317 velificatur
1631 1284 1744 1316 Poeta

1040 1344 1170 1370 noster.

1081 1391 1100 1419 7
1130 1387 1253 1420 Vitabit
1261 1385 1452 1426 Libitinam]
1468 1385 1652 1426 Superstes
1663 1383 1742 1425 erit,

1041 1442 1205 1468 aeternum
1219 1436 1371 1468 durabit.
1415 1434 1565 1466 Libitina
1577 1432 1742 1464 feretrum

1039 1486 1226 1527 significat:
1266 1486 1330 1516 Est
1350 1485 1456 1516 etiam
1480 1482 1636 1515 funerum
1653 1484 1744 1525 Dea,

1039 1536 1073 1567 in
1086 1537 1183 1576 cujus
1199 1536 1273 1567 aede
1288 1535 1525 1566 vendebantur
1537 1538 1574 1566 et
1586 1534 1743 1566 locaban-

1041 1591 1095 1617 tur
1111 1594 1332 1627 quaecnmque
1349 1585 1390 1616 ad
1409 1584 1618 1625 sepulturam
1636 1584 1742 1624 perti-

1040 1636 1180 1667 nebant.
1204 1635 1233 1667 A
1250 1636 1370 1667 libendo
1388 1633 1494 1673 dicta,
1507 1636 1549 1664 eit
1562 1633 1716 1664 Varrone
1731 1644 1741 1663 z

1040 1686 1161 1718 eadem
1189 1695 1265 1727 quae
1297 1683 1524 1724 Proserpina:
1550 1691 1614 1714 nec
1636 1683 1742 1714 etiam

1041 1736 1108 1767 alia
1119 1745 1219 1777 quam
1231 1735 1347 1766 Venus
1365 1732 1514 1774 antiquis
1533 1731 1744 1773 existimata,

1041 1791 1078 1816 ut
1115 1785 1235 1817 eadem
1264 1783 1436 1816 natalibus
1470 1787 1507 1814 et
1535 1782 1636 1813 morti
1667 1783 1744 1814 Dea

1041 1835 1255 1876 praesideret,
1280 1839 1384 1875 atque
1403 1831 1609 1874 principium
1625 1831 1744 1864 finem-

1041 1895 1106 1926 que
1131 1885 1211 1916 vitae
1234 1884 1268 1915 in
1293 1887 1470 1925 potestate
1489 1880 1652 1913 baberet:
1676 1879 1744 1924 qno
1783 1921 1791 1930 ·

1040 1933 1238 1975 fragilitatis
1262 1934 1420 1965 humanae
1443 1932 1636 1964 mortalium
1654 1932 1744 1974 quis-

1043 1994 1108 2025 que
1143 1983 1397 2015 admoneretur.
1444 1980 1574 2013 Auctor
1606 1981 1744 2013 Plutar-

1043 2034 1126 2065 chus
1142 2034 1176 2064 in
1200 2032 1314 2064 Numa
1329 2036 1366 2063 et
1381 2031 1415 2062 in
1433 2030 1607 2063 Problem.
1653 2031 1743 2064 Vide

1043 2090 1080 2117 et
1097 2085 1181 2117 Coel.
1196 2083 1344 2125 Rhodig.
1360 2092 1467 2115 xxix·
1482 2085 1536 2116 18.

1091 2135 1194 2176 Usque
1206 2145 1262 2174 ego
1279 2137 1404 2175 postera
1421 2134 1567 2164 Crescam
1582 2132 1673 2163 laude
1694 2140 1744 2163 re-

1043 2187 1128 2228 cens]
1164 2187 1271 2218 Novis
1287 2186 1321 2217 in
1337 2185 1410 2216 dies
1426 2183 1581 2216 laudibus
1596 2182 1746 2214 cumula-

1046 2237 1107 2267 bor
1119 2246 1137 2267 a
1152 2235 1295 2276 posteris
1311 2245 1319 2265 :
1344 2235 1460 2276 sicque
1477 2233 1569 2265 velut
1584 2233 1746 2270 innovata

1043 2285 1111 2316 mei
1121 2285 1424 2325 memoriasemper
1435 2283 1653 2322 inclarescet,
1665 2291 1744 2314 con-

1044 2334 1138 2364 cidet
1153 2342 1322 2374 nunquam
1339 2337 1399 2364 aut
1414 2336 1584 2364 senescet.

1086 2385 1106 2413 8
1145 2382 1232 2413 Dum
1271 2381 1461 2421 Capitolium
1494 2380 1642 2419 Scandet,
1673 2379 1742 2420 ξω]

1046 2432 1139 2463 Dum
1156 2440 1253 2462 saera
1275 2430 1391 2461 Romae
1411 2427 1495 2460 fient
1511 2429 1543 2459 in
1561 2428 1745 2469 Capitolio,

1046 2492 1087 2514 ac
1102 2480 1246 2523 proinde
1270 2478 1430 2522 quamdiu
1455 2478 1563 2510 stabit
1586 2478 1666 2510 urbs
1684 2479 1748 2512 illa

1046 2538 1186 2564 aeterna.
1243 2529 1367 2571 virgil.
1405 2527 1538 2560 AEneid.
1575 2537 1629 2560 rx.
1666 2530 1742 2561 448.

1046 2582 1056 2599 ‘
1075 2583 1160 2614 Dum
1176 2581 1294 2612 domus
1313 2579 1429 2610 AEneae
1453 2576 1604 2619 Capitoli
1625 2577 1744 2610 immo.

1045 2632 1114 2665 bile
1141 2640 1257 2663 saxum
1294 2629 1448 2664 Accolet,
1484 2627 1741 2670 Imperiumque

1045 2686 1143 2723 pater
1159 2681 1328 2711 Romanus
1343 2676 1507 2709 habebit?

1086 2734 1108 2762 9
1133 2732 1212 2762 Cum
1232 2729 1331 2760 tacita
1357 2726 1495 2767 virgine]
1518 2726 1689 2759 Quamdiu
1704 2731 1742 2759 et

1048 2781 1200 2814 Vestales
1230 2780 1297 2811 rite
1322 2777 1493 2810 silentium
1523 2775 1740 2808 observantes
