1916 3190
267 245 352 287 386
748 261 791 298 Q.
824 259 1038 290 HORA'rn
1075 259 1251 292 rnAcci

555 353 726 396 Fatalis
748 354 1034 408 incestusque
1049 354 1205 409 judex,

613 422 668 462 Et
689 421 842 471 mulier
862 422 1087 475 peregrina
1106 422 1239 463 vertit
1674 424 1732 465 20

497 488 548 530 In
569 490 814 542 pulverem,
834 502 892 530 ex
911 503 1001 543 quo
1023 489 1224 531 destituit
1245 489 1369 532 Deos

497 555 707 598 Mercede
727 562 864 610 pacta
887 556 1160 607 Laomedon,
1178 557 1287 598 mihi

553 624 790 678 Castaeque
812 626 1068 665 damnatum
1091 624 1306 666 Minervae

611 691 721 732 Cum
747 693 912 746 populo
930 696 973 733 et
993 691 1104 733 duce
1122 692 1420 734 fraudulento.

492 758 522 800 J
526 772 597 800 am
617 765 699 801 nec
723 760 926 802 Lacaenae
949 760 1156 814 splendet
1175 760 1384 803 adulterae
1672 763 1731 804 25

266 869 358 909 biter,
373 872 405 901 et
419 868 551 901 barbara
567 869 703 908 foemina
726 870 761 902 in
774 870 908 909 favillas
929 871 1053 910 redegit
1070 869 1207 909 Trojam,
1230 867 1362 903 mihi‘et
1384 850 1504 911 pudice}
1519 871 1647 904 Palladi
1661 882 1730 904 cum

262 911 352 951 plebe
367 915 398 943 et
412 921 486 952 rege
493 912 608 951 fallaci
622 913 792 953 addictam,
816 922 857 943 ex
876 922 934 953 quo
949 915 1084 952 tempore
1101 913 1278 944 Laomedon
1293 914 1421 945 numina
1435 914 1634 953 defraudavit
1654 925 1729 956 pro-

266 954 359 986 misso
373 955 537 996 stipendio.
584 956 656 986 Non
672 956 803 996 amplius
817 956 941 989 moechae
954 955 1199 987 Lacedaemouiae
1213 954 1322 995 fulget
1337 956 1445 996 hospes
1457 957 1586 996 insaniis
1596 968 1610 995 ,·
1632 967 1730 998 neque

879 1037 996 1049 ooooo

998 1037 1118 1049 ooooo

265 1091 329 1124 bus
345 1101 404 1133 up.
426 1092 604 1124 Romulum
620 1092 762 1128 Junoni,
786 1091 1006 1133 improbante
1020 1092 1113 1125 Jani.
1159 1092 1216 1125 Ita
1238 1096 1354 1125 tamen
1381 1092 1476 1134 Lips.
1490 1096 1608 1126 4.-21
1634 1093 1734 1136 Lipe.

266 1137 299 1166 4.
317 1145 358 1166 ex
373 1145 431 1176 quo
443 1136 595 1167 deseruit.
639 1135 766 1166 Sunad.
780 1135 979 1175 parenthesi
991 1135 1152 1168 inclusit:
1168 1145 1267 1176 exque
1279 1156 1288 1167 .
1301 1159 1311 1169 .
1326 1158 1335 1167 .
1347 1136 1624 1169 Lemnium—22
1643 1135 1731 1170 Ia·-

266 1179 376 1209 medon
392 1187 464 1210 var.
479 1179 562 1210 lect.
575 1188 630 1220 ap.
644 1178 666 1211 J
671 1179 775 1209 ani.-
782 1180 825 1210 24
838 1178 1002 1211 olai-ean.
1013 1178 1046 1210 iu
1062 1178 1147 1211 edit.
1157 1178 1346 1220 Henricop.
1360 1179 1466 1211 Basil.
1483 1182 1579 1211 1580.
1594 1180 1730 1212 emend.

265 1220 458 1261 damnatam,
475 1222 554 1263 quia
570 1227 605 1252 et
628 1221 639 1238 ‘
652 1220 734 1252 Ilios
747 1219 770 1252 :'
792 1225 828 1252 et
847 1221 896 1252 sic
918 1221 1064 1262 Cuuing.
1079 1226 1116 1253 et
1137 1221 1262 1253 Sanad.
1277 1221 1372 1253 malit
1387 1227 1424 1254 et
1444 1222 1496 1254 sic
1512 1220 1628 1255 Bene.
1662 1233 1730 1256 non

265 1262 404 1295 laudato
427 1263 609 1305 Glarean.)
633 1264 712 1305 quia
734 1263 930 1304 ambiguum
948 1264 1031 1295 alias
1051 1264 1108 1304 sit,
1130 1268 1245 1296 utrum
1265 1264 1307 1296 ad
1330 1266 1503 1306 pulverem,
1524 1272 1568 1297 an
1583 1264 1627 1297 ad
1662 1266 1729 1298 lion

267 1306 541 1345 pertineam—25
564 1307 710 1343 Lacenae,
737 1307 881 1339 Lacoenae
899 1307 1071 1340 variantes
1097 1317 1152 1349 ap.
1178 1307 1360 1340 δοιὼ-27
1383 1307 1480 1350 Lips.
1500 1307 1534 1341 S.
1551 1311 1730 1355 pugnantes
1767 1332 1770 1333 γ

928 1393 1074 1426 NOTAE

267 1463 327 1496 ges
342 1459 402 1487 aut
417 1461 635 1488 exornarunt.

312 1508 354 1537 19
377 1506 504 1538 Fatalis
530 1507 724 1548 incestusque
743 1506 860 1547 jadex,
898 1507 971 1548 ξω]

266 1556 383 1597 Ilium,
398 1557 507 1599 inquit
517 1557 623 1598 Juno,
639 1557 790 1599 perdidit
808 1557 905 1589 Paris
922 1557 972 1588 in·

268 1612 324 1639 ter
354 1609 450 1640 Deas
475 1608 517 1638 de
547 1607 802 1649 pulchritudine
829 1611 972 1639 conteu-

267 1658 388 1690 dentes
415 1658 504 1690 malo
528 1668 590 1690 suo
616 1657 805 1699 patriaeque
826 1655 898 1688 fato
914 1657 971 1697 ju-

268 1709 336 1740 dex
352 1709 496 1749 electus,
511 1707 748 1747 cnm,Juuone
762 1709 797 1737 et
813 1706 974 1738 Minerva

268 1761 483 1803 posthabitis,
498 1760 628 1792 Veneri
644 1760 772 1802 primas
793 1758 929 1790 detulit.

312 1811 469 1852 Incestus]
506 1811 575 1844 Qui
613 1811 782 1843 Helenam
819 1810 974 1858 Menelai

268 1862 464 1903 conjugem,
479 1861 609 1892 violata
621 1860 762 1901 hospitii
777 1860 975 1900 sanctitate,

268 1913 394 1952 rapuit.
440 1912 528 1943 Vide
545 1921 570 1942 1.
587 1911 657 1943 Od.
675 1913 727 1942 15.

311 1964 354 1991 20
371 1962 416 1991 Et
433 1962 543 1992 mulier
558 1961 724 2002 peregrina
739 1961 836 1992 vertit
850 1960 892 1992 ln
903 1961 975 2001 pul-

268 2010 388 2049 verem]
412 2011 546 2041 Helena
569 2012 740 2052 Spartana
763 2021 783 2043 a
806 2011 975 2053 Paridexe

269 2060 406 2092 Graecia
421 2061 454 2091 in
469 2061 651 2101 Phrygiam
664 2060 814 2092 abducta
827 2060 861 2091 in
873 2070 977 2092 causa

268 2110 334 2142 fuit
350 2120 412 2141 cur
428 2111 543 2142 Graeci
560 2111 716 2151 injuriam
734 2111 839 2142 ulturi
853 2111 974 2152 conju·

269 2161 379 2192 rarint
406 2161 441 2191 iu
470 2160 646 2200 Trojanos,
677 2161 883 2201 Trojamque
914 2160 974 2192 de-

271 2210 403 2249 cennali
428 2210 518 2241 bello
543 2214 679 2250 captain
705 2209 800 2240 ferro
822 2209 972 2242 flamma-

271 2270 338 2300 que
354 2260 581 2292 devastarint.
624 2258 715 2291 vide
729 2258 851 2290 Senec.
866 2258 973 2300 Trag.

270 2310 398 2342 Troad.

313 2363 353 2392 21
382 2361 435 2391 Ex
457 2370 515 2401 quo
530 2358 807 2400 Leontodam-&cfl
831 2358 900 2391 Hic
916 2358 975 2391 de-

272 2412 422 2443 claratur
438 2410 547 2451 prima
561 2408 686 2441 excidii
705 2408 846 2450 Trojani
868 2409 978 2450 origo,

271 2462 431 2493 nimirum
470 2459 562 2492 fraus
600 2458 839 2490 Laomedontis
869 2459 976 2500 patrio

273 2511 414 2543 Priami.
445 2510 481 2542 Is
498 2510 724 2551 enim,Trojae
742 2519 854 2541 muros
870 2508 976 2542 aedifi-

273 2572 367 2598 canS,
383 2561 537 2601 Neptuni
550 2566 587 2592 et
601 2560 768 2602 Apollinis
784 2570 888 2601 opera
900 2569 978 2592 usus

273 2622 331 2643 eos
344 2611 500 2643 mercede
517 2616 621 2652 pacta
636 2609 866 2643 defraudavit.
897 2611 976 2644 Quo

272 2662 412 2702 Jupiter
438 2661 587 2693 offensus
615 2662 712 2701 regni
736 2661 835 2693 istius
861 2660 974 2702 perni-

274 2712 360 2742 ciem
388 2716 422 2743 et
448 2712 578 2743 ruinam
606 2711 731 2743 sanxit.
773 2711 855 2742 Tam
884 2714 973 2742 notae

275 2761 400 2793 fabulae
428 2762 526 2792 dedit
552 2763 663 2793 locum
693 2761 784 2803 quod
807 2762 882 2793 Rex
905 2762 975 2801 ille,

275 2821 351 2843 cum
368 2812 584 2843 exstruendis
599 2812 674 2843 urbi
690 2812 795 2844 muris
809 2812 863 2845 vel
875 2820 975 2853 repa-

1026 1457 1142 1488 randis
1158 1458 1304 1498 pecunia
1319 1457 1469 1497 deesset,
1481 1457 1631 1490 Deorum
1646 1457 1729 1490 isto-

1025 1518 1099 1540 rum
1116 1509 1295 1541 thesauros
1316 1511 1352 1540 οἱ
1371 1513 1572 1540 ornamenta
1594 1509 1729 1551 templi,

1026 1557 1082 1589 vel
1096 1558 1129 1589 in
1144 1558 1208 1589 hoc
1224 1555 1414 1599 depositam
1430 1558 1611 1599 pecuniam
1628 1558 1729 1591 acce&

1026 1607 1091 1648 pit,
1112 1608 1337 1649 repositurum
1360 1612 1577 1640 sacramento
1593 1617 1630 1639 se
1645 1608 1731 1640 obli-

1026 1667 1122 1698 gans.
1177 1657 1280 1691 Quod
1309 1662 1422 1689 tamen
1449 1662 1568 1698 postea
1590 1658 1729 1691 minime

1026 1707 1204 1750 praestitit.
1259 1707 1400 1740 Homer.
1432 1705 1536 1739 Iliad.
1562 1711 1598 1739 Φ.
1625 1708 1727 1750 paulo

1025 1762 1106 1789 ante
1121 1755 1235 1789 tinem.

1068 1810 1111 1839 22
1135 1806 1222 1839 Mihi
1236 1807 1400 1848 Castaque
1413 1808 1596 1839 denariatam
1605 1807 1730 1841 Miner-

1026 1867 1087 1898 voe,
1110 1858 1180 1900 &ct-J
1201 1857 1402 1898 Addictum,
1425 1856 1638 1898 damnatum,
1660 1862 1731 1891 tra-

1024 1907 1136 1942 ditum
1150 1909 1196 1941 nd
1210 1917 1460 1951 quamcumque
1484 1907 1674 1949 perniciem
1693 1908 1730 1940 iu

1025 1957 1191 1991 ultionem
1215 1959 1349 2000 injuriae
1365 1958 1500 2000 judicio
1515 1958 1652 1990 Paridis
1669 1967 1730 1991 no·

1027 2009 1079 2041 bis
1109 2009 1228 2042 illatae.
1282 2010 1452 2051 Loquitur
1482 2009 1650 2041 Horatius
1683 2018 1729 2042 ex

1025 2068 1117 2091 more
1127 2059 1372 2099 Romanorum,
1385 2059 1577 2099 debitores,
1589 2059 1647 2102 qui
1659 2068 1728 2091 nou

1025 2114 1126 2140 erant
1138 2109 1314 2150 solvendo,
1322 2109 1552 2142 creditoribus
1563 2109 1730 2142 obnoxio·

1026 2157 1156 2200 facere,
1183 2159 1360 2200 addicere,
1385 2159 1525 2191 tradere
1546 2163 1729 2191 consueto·

1027 2218 1113 2241 rum.

1070 2262 1113 2290 24
1138 2259 1218 2290 Cum
1237 2259 1350 2300 populo
1372 2262 1403 2291 et
1415 2260 1493 2291 duce
1505 2256 1728 2298 fraudulento]

1027 2310 1130 2350 Apud
1143 2310 1331 2342 Homerum
1341 2310 1442 2342 Iliad.
1455 2320 1533 2342 mox
1545 2311 1606 2342 cit.
1635 2309 1730 2349 Nep·

1027 2364 1128 2390 tunus
1151 2359 1300 2400 Apollini
1325 2360 1525 2400 exprobrat,
1548 2359 1638 2401 quod
1665 2368 1727 2400 pro

1025 2409 1104 2450 Troj
1111 2408 1182 2440 anis
1195 2407 1385 2448 foedifragis
1398 2407 1539 2447 militet,
1551 2407 1728 2440 immemor

1027 2459 1195 2500 superbiae
1209 2463 1245 2490 et
1257 2458 1390 2499 injuriae
1404 2458 1660 2498 Laomedontis,
1669 2458 1729 2500 qui

1027 2510 1149 2541 locatae
1166 2509 1201 2541 in
1216 2518 1339 2540 annum
1357 2517 1472 2549 operae
1488 2512 1623 2549 pactam
1638 2516 1727 2539 mer-

1028 2560 1148 2592 cedem
1163 2559 1287 2591 nedum
1303 2559 1528 2600 persolveret,
1543 2558 1648 2590 etiam
1663 2557 1725 2590 mi-

1026 2619 1085 2641 nas
1126 2609 1188 2641 sibi
1231 2608 1306 2640 Diis
1349 2609 1547 2641 intentarat.
1603 2608 1726 2649 virgil.

1028 2659 1160 2692 AEneid.
1187 2667 1223 2690 v.
1248 2661 1323 2690 810.
1347 2658 1357 2675 ‘
1373 2658 1542 2698 Cuperem
1558 2666 1634 2690 cum
1651 2665 1725 2688 ver-

1029 2714 1103 2742 tere
1133 2709 1176 2740 ab
1202 2709 1270 2740 imo
1294 2709 1431 2739 structa
1459 2707 1544 2739 meis
1572 2706 1726 2738 manibus

1028 2759 1177 2802 perjnrae
1198 2758 1322 2790 moenia
1334 2756 1472 2799 Trojae.’

1069 2814 1111 2843 25
1137 2811 1213 2842 Jam
1239 2819 1294 2841 nec
1316 2809 1461 2841 Lucaenoe
1480 2808 1632 2850 splendet,
1653 2806 1724 2849 qa]
