1916 3190
210 233 296 274 250

688 248 731 285 Q.
763 247 973 278 HORATu
1009 248 1183 285 FLAGCI

437 338 700 394 Ludumque
722 340 949 391 Fortunae,
969 354 1215 396 gravesque

497 406 756 459 Principum
779 407 1017 458 amicitias,
1037 414 1084 449 et
1104 422 1225 450 arma

368 470 582 513 Nondum
603 473 796 526 expiatis
817 477 949 514 uncta
970 475 1219 524 cruoribus,
1626 476 1656 516 5

207 580 318 616 tiones,
338 584 367 612 et
386 581 534 614 Fortunoe
549 583 667 623 jocum,
690 587 721 615 et
738 583 866 614 Ducum
889 584 1098 616 comminues
1113 585 1306 625 Reipublicae
1324 586 1496 625 damnosas,
1516 589 1547 617 et
1570 595 1658 617 arma

208 624 344 654 noudum
367 624 499 656 lustrato
522 626 675 665 sanguine
695 635 858 666 conspersa
878 626 1047 664 desa-ibin
1068 631 1283 667 argumentum
1308 637 1383 659 sane
1401 628 1606 668 periculorum
1627 630 1659 659 et

831 709 1012 721 ‘'Omm
1017 710 1056 722 Ὀ

207 768 235 790 c.
250 759 438 792 civium—5
463 761 580 794 Bentl.
596 763 730 794 emend.
747 763 847 795 tincta
860 764 1034 804 cruoribus,
1050 764 1240 796 Schradero
1253 765 1362 795 minus
1376 764 1561 804 probante3
1575 774 1654 797 nam

209 805 330 833 contra
342 803 434 834 illum
450 802 583 836 faciunt
598 814 665 836 non
681 805 781 837 modo
795 806 897 838 codd.
913 816 1044 847 omnes,
1060 806 1121 839 sed
1140 807 1244 839 etiam
1260 816 1331 838 mos
1346 806 1560 838 librariorum
1575 807 1656 839 trita

861 904 895 936 N
899 903 1003 936 01¹AE

207 974 244 1002 ta
260 970 401 1012 Imperii
416 972 553 1005 fortuna
574 983 642 1006 non
661 976 828 1016 caperet:
842 978 907 1008 &c.

209 1026 246 1052 et
263 1023 366 1062 paulo
382 1027 476 1062 post:
503 1028 512 1042 ¹
526 1024 709 1066 Pompeius
731 1025 774 1057 ab
790 1025 907 1066 Italia,

206 1071 353 1103 Senatus
369 1071 411 1103 ab
424 1073 507 1104 urbe
515 1073 652 1114 fugatur
667 1086 675 1106 :
698 1085 797 1116 quam
810 1085 908 1116 paene

208 1129 350 1152 vacuam
373 1127 466 1153 metu
483 1123 599 1156 Caesar
621 1124 805 1165 ingressus,
819 1126 909 1158 Con·

206 1171 311 1201 sulem
325 1181 361 1202 se
374 1171 446 1213 ipse
461 1172 557 1206 facit.
592 1175 759 1206 AErarium
774 1186 907 1217 quoque

207 1226 374 1262 sanctum,
383 1223 461 1264 quia
471 1224 600 1255 tardius
617 1225 821 1266 aperiebant
833 1226 907 1257 Tri-

208 1270 303 1312 buni,
324 1272 431 1313 jussit
454 1272 613 1315 effringi:
637 1284 845 1315 censumque
871 1279 909 1307 et

208 1321 450 1360 patrimonium
467 1323 590 1363 Populi
605 1324 748 1355 Romani
758 1329 838 1355 ante
855 1333 907 1356 ra-

208 1370 283 1409 puit
299 1380 399 1411 quam
414 1371 625 1412 Imperium.’
669 1374 776 1405 Hisce
790 1378 905 1406 tamen

207 1422 278 1450 tam
308 1420 467 1452 violentae
496 1422 696 1462 cupiditatis
727 1423 906 1454 conatibus

206 1468 303 1500 Juris
318 1471 465 1510 speciem
487 1473 703 1511 praetexebat
718 1474 845 1513 Caesar,
863 1474 907 1505 de

207 1518 306 1550 Bello
322 1519 423 1551 Civili
440 1530 466 1552 1.
480 1524 533 1553 22.
549 1523 701 1554 scribens
716 1534 724 1554 :
747 1524 759 1541 ‘
771 1523 817 1555 Se
839 1533 907 1555 non

207 1567 367 1600 maleficii
391 1578 497 1602 causa
522 1580 564 1602 ex
592 1573 768 1612 provincia
792 1583 907 1615 egres-

208 1627 295 1655 sum,
310 1618 369 1649 sed
389 1619 438 1650 uti
458 1629 496 1651 se
521 1630 542 1652 a
562 1623 778 1654 contumeliis
801 1623 908 1654 inimi-

209 1675 324 1697 corum
340 1666 565 1709 defenderet3
587 1676 624 1703 ut
643 1672 813 1704 Tribunos
836 1674 907 1714 ple-

207 1716 260 1747 bis
275 1726 317 1748 ea
331 1727 369 1749 re
385 1727 429 1750 ex
451 1719 593 1752 civitate
616 1722 730 1762 pulsos
757 1722 790 1753 in
814 1732 907 1755 sunm

208 1766 410 1807 dignitatem
426 1769 642 1810 restitueret3
666 1776 706 1803 ut
729 1781 766 1803 se
786 1776 823 1804 et
841 1773 907 1804 Po-

208 1816 326 1856 pulum
343 1818 530 1850 Romanum
556 1829 741 1860 paucorum
757 1821 909 1854 factione

209 1873 407 1906 oppressum
430 1868 462 1898 in
486 1868 679 1901 libertatem
698 1870 910 1904 vindicaret!

210 1916 256 1946 Et
271 1917 360 1956 apud
377 1917 517 1950 Sueton.
528 1920 597 1952 Jul.
615 1930 692 1962 cap.
703 1924 756 1953 30.
773 1922 910 1954 Asinius

209 1965 285 2004 ipse
306 1965 417 1997 Pollio
441 1972 589 1999 testatur
605 1969 789 2010 Caesarem,
805 1972 912 2004 Phar-

209 2014 311 2045 salica
328 2024 434 2045 caesos
449 2016 521 2046 acie
537 2022 736 2049 cernentem
751 2020 912 2051 adversa·

211 2064 289 2100 rios.
316 2065 349 2095 in
374 2065 449 2096 haec
477 2066 631 2106 erupisse
658 2069 783 2100 verba:
809 2069 819 2086 ‘
836 2069 913 2101 Hoc

211 2114 412 2145 voluerunt:
438 2115 543 2146 tantis
554 2116 654 2147 rebus
669 2118 772 2157 gestis
784 2117 823 2149 C.
837 2118 913 2150 Cae-

211 2173 267 2195 sar
282 2164 526 2198 condemnatus
542 2174 664 2202 essem.
676 2166 742 2197 nisi
759 2167 801 2198 ab
818 2177 913 2199 exer-

211 2215 284 2246 citu
300 2214 463 2252 auxilium
481 2215 680 2256 petiissem!

254 2266 274 2295 8
295 2264 475 2305 Luciumque
486 2265 652 2306 fartum]
683 2266 769 2298 Quae
785 2267 912 2307 gaudet

211 2323 267 2345 res
296 2314 615 2354 quietas-miscere;
638 2315 696 2347 hos
719 2320 909 2358 attenuare,

210 2364 287 2395 illos
314 2363 381 2395 imo
404 2363 526 2395 toliere
551 2363 596 2395 de
625 2365 753 2405 gradu;
775 2371 909 2398 vertere

210 2413 388 2445 funeribus
412 2413 610 2454 triumphos.
655 2415 743 2446 vide
768 2425 871 2457 supra
885 2426 910 2448 1.

213 2464 282 2496 Od.
295 2466 347 2495 34.
363 2468 399 2494 et
413 2466 466 2495 35.
478 2468 514 2495 et
531 2465 623 2495 Flor.
638 2469 720 2496 ante
735 2465 793 2497 cit.
807 2467 817 2484 ‘
827 2466 911 2497 Tur-

213 2524 257 2554 pe
272 2514 366 2545 dictu
380 2525 388 2546 :
412 2513 513 2545 modo
525 2514 685 2555 princeps
700 2519 913 2556 patrum,pa-

212 2564 262 2594 cis
277 2563 425 2604 bellique
442 2562 636 2594 moderator
652 2573 714 2604 per
726 2563 912 2605 triumpha-

214 2617 285 2643 tum
303 2621 322 2641 a
336 2621 372 2642 se
388 2621 495 2650 mare,
513 2612 626 2643 lacera
641 2616 676 2643 et
691 2613 812 2644 inermi
825 2622 912 2644 nave

213 2659 391 2701 fugiebat.'
722 2660 727 2665 “

219 2720 223 2723 ·
260 2711 439 2750 Gravesque
455 2711 641 2752 Principum
655 2712 827 2753 amicitias]
841 2713 913 2744 'rri-

217 2759 422 2792 umviratum
438 2769 573 2802 nempe,
588 2770 653 2803 quo
669 2761 751 2794 nihil
767 2771 911 2804 unquam

959 975 1028 1008 fuit
1065 976 1161 1008 bonis
1198 985 1237 1008 ac
1266 974 1481 1015 Reipublicae
1510 975 1657 1015 gravius.

961 1026 1048 1056 Cato
1063 1025 1203 1057 dicebat
1226 1034 1293 1056 non
1315 1034 1359 1056 ex
1381 1024 1568 1056 inimicitiis
1585 1024 1660 1057 Οε-

960 1075 1045 1106 saris
1059 1079 1097 1107 et
1111 1075 1283 1115 Pompeii,
1303 1074 1364 1106 sed
1386 1083 1429 1106 ex
1450 1074 1600 1115 ipsorum
1622 1079 1662 1106 et

961 1124 1076 1157 Crassi
1103 1124 1270 1156 societate
1292 1128 1329 1155 et
1351 1123 1514 1160 amicitia,
1539 1131 1660 1164 prove-

962 1176 1053 1208 nisse
1072 1177 1185 1208 omnia
1208 1175 1417 1217 Reipublicae
1439 1175 1538 1206 mala.
1584 1175 1659 1207 Hos

962 1225 1067 1266 igitur
1096 1226 1278 1267 Principes
1306 1225 1481 1266 intellige:
1505 1225 1560 1256 vel
1589 1223 1660 1255 Au·

962 1279 1109 1316 gustum,
1122 1275 1300 1316 Lepidum,
1315 1280 1350 1306 et
1365 1273 1552 1306 Antonium
1567 1283 1577 1312 ;
1602 1273 1661 1314 qui

962 1330 1058 1357 certe
1071 1334 1187 1356 omnes
1203 1335 1273 1356 rem
1289 1334 1382 1356 suam
1402 1333 1470 1356 non
1485 1323 1659 1365 publicam

961 1378 1156 1414 quaerentes
1171 1374 1313 1414 Imperii
1330 1373 1523 1413 Populique
1537 1372 1658 1403 Roma-

961 1423 995 1454 ni
1011 1423 1205 1455 libertatem
1223 1422 1495 1463 pessumdedere.
1530 1422 1658 1452 Lucan.

960 1483 985 1505 ι.
1008 1477 1062 1506 98.
1088 1474 1259 1514 ‘Tempus
1285 1472 1326 1504 ad
1356 1471 1503 1512 Augusti
1535 1471 1660 1502 mansit

961 1523 1147 1555 concordia
1162 1523 1313 1554 discors:
1339 1522 1482 1562 Paxque
1504 1519 1570 1552 fuit
1590 1529 1658 1552 non

961 1578 1082 1615 sponte
1097 1572 1260 1604 Ducum!

1003 1626 1025 1654 4
1039 1623 1140 1654 Arma
1156 1623 1303 1654 Nondum
1316 1621 1452 1662 expiatis
1465 1623 1559 1652 uncta
1570 1629 1658 1652 cruo-

960 1672 1063 1713 ribus]
1085 1673 1184 1704 Bella
1200 1672 1338 1702 vixdum
1355 1671 1444 1703 bene
1466 1671 1591 1712 sopita,
1606 1680 1659 1702 re-

961 1722 1203 1754 crudescentes
1234 1720 1386 1762 quotidie
1417 1719 1658 1756 dissensiones,

962 1771 973 1789 ‘
985 1782 1049 1804 nec
1064 1772 1159 1804 finita
1183 1781 1259 1803 cnm
1284 1771 1374 1802 bello
1397 1771 1544 1812 partium
1560 1771 1662 1811 odia,’

963 1825 1002 1852 ut
1026 1821 1075 1853 ait
1097 1822 1187 1853 Flor.
1205 1820 1262 1851 cit.
1274 1819 1474 1851 Theodorus
1486 1819 1661 1851 Mart-ilius

964 1873 1128 1913 explicat,
1157 1871 1251 1902 cives
1279 1869 1485 1903 armilustrio
1515 1868 1660 1900 nondum

965 1921 1136 1961 expiatos,
1166 1919 1316 1951 nondum
1344 1922 1422 1950 acto
1450 1927 1567 1958 censu,
1597 1927 1662 1951 nec

964 1971 1074 2002 lustro
1097 1970 1258 2002 condito:
1283 1973 1365 2000 tunc
1387 1967 1543 2000 nimirum
1569 1968 1662 2000 cives

942 2021 1082 2053 somnes
1106 2019 1140 2050 in
1165 2019 1328 2058 Campum
1349 2017 1515 2049 Martium
1540 2017 1663 2049 armati

965 2068 1226 2102 conveniebant,
1251 2067 1365 2107 ibique
1387 2066 1574 2108 sacrificiis,
1589 2068 1661 2098 sive

964 2116 1217 2149 Solitaurilibus
1231 2116 1479 2146 lustrabantur.
1521 2117 1669 2156 Dionys-⁷

965 2166 1142 2197 Halicarn.
1169 2164 1289 2205 Antiq.
1315 2165 1414 2196 Rom.
1435 2165 1492 2196 lib.
1508 2174 1559 2196 iv.
1579 2165 1661 2196 scri-

966 2215 1038 2247 bit:
1061 2215 1070 2232 ‘
1084 2215 1240 2246 Servium
1257 2214 1405 2245 Tullium
1426 2214 1519 2245 cives
1542 2222 1660 2245 omnes

964 2264 998 2294 in
1015 2254 1194 2294 maximum
1213 2267 1291 2294 ante
1313 2263 1432 2294 urbem
1453 2271 1610 2303 campum
1626 2263 1659 2294 in

964 2313 1067 2343 armis
1096 2312 1278 2343 convenire
1302 2312 1431 2351 jussos,
1460 2316 1494 2343 et
1524 2313 1567 2343 in·
1593 2312 1660 2343 suis

964 2371 1115 2403 quosque
1130 2361 1305 2393 ordinibus
1326 2362 1543 2402 constitutos,
1565 2363 1660 2403 expi-

965 2417 1052 2450 asse,
1067 2416 1174 2450 tauro,
1192 2410 1311 2449 ariete,
1324 2415 1360 2441 et
1375 2411 1482 2447 hirco,
1498 2416 1552 2442 ter
1563 2420 1661 2443 exer-

966 2461 1067 2491 citum
1083 2459 1336 2498 circumductis,
1350 2470 1495 2501 moxque
1510 2461 1661 2493 immola-

968 2511 1032 2542 tis:
1059 2516 1160 2551 atque
1186 2518 1288 2541 censu
1317 2514 1456 2550 peracto
1479 2519 1553 2541 eam
1580 2521 1660 2552 pur.

966 2559 1068 2600 gandi
1093 2560 1257 2590 rationem
1282 2559 1372 2600 apud
1396 2559 1567 2592 Romanos
1583 2562 1661 2593 bac-

968 2616 1063 2641 tenus
1085 2609 1299 2641 observatam
1314 2609 1356 2640 ab
1375 2609 1415 2640 iis
1431 2611 1487 2651 qui
1503 2611 1660 2642 sacratis-

965 2661 1084 2691 simum
1121 2659 1277 2691 obtinent
1314 2660 1565 2700 Magistratum,
1593 2662 1662 2692 lus-

967 2715 1124 2750 trumque
1136 2708 1366 2749 appellatam!
1393 2708 1480 2740 Haec
1497 2719 1576 2742 vero
1587 2710 1660 2750 jam

967 2761 1096 2804 potitus
1106 2770 1215 2793 rerum
1225 2759 1277 2792 Au
1281 2764 1398 2801 gustus
1409 2760 1565 2803 religiose
1575 2768 1662 2803 praea
