1916 3190
315 261 399 304 516

543 368 754 410 Imbrium
777 370 926 412 divina
947 372 1043 415 avis
1063 372 1379 422 imminentum,

788 277 831 314 Q.
865 276 1072 306 HORATH
1108 275 1281 307 FLAcci

1703 373 1760 414 10

542 435 750 478 Oscinem
772 449 952 479 corvum
972 451 1102 492 prece
1123 440 1351 481 suscitabo

880 505 999 546 Solis
1021 506 1079 547 ab
1100 511 1213 548 ortu.

540 568 611 609 Sis
626 569 734 611 licet
753 570 862 611 felix
883 572 1148 626 ubicumque
1168 571 1329 620 mavis,

307 672 413 703 redeat
427 672 468 703 ad
480 672 608 712 paludes
622 672 747 707 minime
753 673 903 714 fluentes,
918 673 1000 705 votis
1013 675 1124 707 vocabo
1137 686 1262 709 corvum
1275 676 1314 707 ab
1332 675 1464 710 Oriente
1477 679 1645 709 canentem.
1681 674 1760 708 Esto

920 767 1093 781 &mm
1099 768 1156 781 000

311 830 372 862 bo!
394 831 571 864 sant—10
594 833 663 865 Sex
689 833 791 865 codd.
819 833 991 865 Torrentii
1024 839 1060 866 et
1084 835 1177 876 Lips.
1203 837 1234 867 1.
1254 837 1286 866 3.
1317 834 1643 866 imminentiam—12
1665 833 1762 865 uei·

309 872 349 904 ab
371 878 443 905 ortu
468 875 559 915 Lips.
581 877 612 907 4.
634 880 671 906 et
696 875 848 906 nonnulli
875 885 930 915 ap.
955 876 1191 908 Mancia—13
1214 876 1297 909 Vet.
1322 876 1398 909 cod.
1425 877 1473 908 H.
1496 876 1614 917 Stepli.
1636 874 1760 918 (Praef.

311 915 354 963 ad
381 916 496 957 Lect.)
519 917 699 957 ubicumque
719 918 831 955 navim
863 917 954 948 unde
981 918 1143 958 Rutgers.
1167 919 1266 950 Lect.
1282 927 1317 949 v.
1333 921 1364 950 8.
1387 919 1478 959 conj.
1510 918 1681 959 ubicunque
1703 927 1759 948 nc-

310 957 370 995 bts,
395 962 433 989 ut
454 959 579 998 saepius
601 961 611 977 ‘
627 958 728 989 nare’
761 958 805 989 de
828 958 1076 998 navigantibus.

1119 959 1250 992 Probat
1266 960 1343 991 Nic.
1363 959 1483 992 Heius.
1498 969 1554 1001 ap.
1569 960 1687 991 Bentl.
1702 959 1762 1008 qui

310 999 553 1040 auspicabatur
572 1000 703 1033 amabis.
748 1000 759 1017 ‘
776 1000 1013 1033 Febriculosas
1029 1001 1268 1042 conjecturas’
1293 1007 1392 1034 vocat
1412 1001 1530 1034 Bentl.
1551 1010 1616 1034 nec
1638 1001 1760 1033 melius

959 1085 1104 1118 NOTAE

308 1154 410 1186 spera
431 1146 572 1187 Jupiter
591 1147 644 1179 his
668 1147 801 1180 dextris
821 1146 1010 1189 fulgoribus

308 1195 405 1227 edit.'
449 1196 505 1228 Ita
532 1197 629 1229 nobis
660 1198 811 1237 sinistra,
838 1198 951 1230 Graiis
976 1203 1012 1231 et

307 1245 465 1277 Barbaria
480 1245 604 1278 dextra
624 1247 766 1279 meliora
791 1257 867 1279 esse
891 1248 1009 1280 viden-

307 1298 375 1340 tur.
406 1295 604 1338 Quanquam
618 1296 709 1328 baud
724 1297 842 1336 ignoro
857 1306 934 1338 quae
950 1297 1008 1329 bo-

295 1344 351 1376 na
377 1344 446 1376 sint
472 1345 613 1377 sinistra
632 1356 693 1377 nos
720 1346 850 1386 dicere,
873 1346 1008 1379 etiamsi

306 1393 432 1424 dextra
458 1394 536 1426 sint.
571 1395 641 1426 Sed
671 1399 765 1426 certe
796 1396 902 1427 nostri
929 1397 1007 1428 sini-

307 1445 418 1473 strum
430 1443 704 1483 nominaverunt,
715 1444 823 1485 (quod
836 1455 856 1475 a
865 1445 1008 1476 sinendo

307 1491 436 1522 dictum
453 1492 605 1533 putant,)
619 1493 822 1533 externique
835 1493 1007 1533 dextrum,

307 1541 387 1581 quia
403 1541 602 1582 plerumque
617 1541 738 1573 melius
752 1541 786 1572 id
804 1541 1005 1574 videbatur.’

306 1589 395 1620 Vide
405 1590 496 1623 Just.
511 1591 603 1632 Lips.
622 1591 732 1623 Elect.
749 1600 790 1622 n.
804 1594 836 1623 2.
876 1592 929 1624 Ex
943 1592 1007 1637 his,

305 1639 446 1680 Lector,
473 1640 568 1672 vides
590 1650 658 1672 non
674 1640 854 1673 absurdam
870 1651 1005 1683 quoque

306 1690 510 1722 sententiam
526 1691 674 1732 priorem
699 1691 833 1722 illorum
859 1691 916 1732 qui
932 1700 1006 1723 cor-

306 1748 386 1770 vum
401 1740 551 1772 oscinem
567 1740 612 1772 ab
622 1745 713 1780 ortu,
727 1739 812 1772 felix
827 1741 1006 1781 augurium

304 1788 409 1821 fuisse
424 1791 646 1831 scripserunt,
667 1791 806 1822 tametsi
829 1791 872 1822 ad
887 1791 1007 1822 laevam

306 1843 417 1871 esset:
445 1839 503 1871 ubi
534 1845 571 1872 et
601 1839 876 1880 distinguendum
910 1840 1006 1872 aiunt

306 1889 396 1920 inter
429 1888 578 1930 Auguris
605 1889 761 1921 dextram
788 1898 925 1920 manum
948 1890 1006 1921 lae-

307 1947 462 1980 vamque,
487 1943 523 1970 et
544 1939 660 1970 mundi
687 1942 819 1980 partem
847 1938 1005 1970 dextram

306 1997 346 2018 ac
369 1988 561 2020 sinistram:
585 1998 662 2020 cum
686 1988 807 2020 Poetae
830 1997 919 2020 nunc
942 1988 1006 2021 hoc

306 2046 395 2068 nunc
411 2038 468 2068 illo
479 2038 581 2070 modo
597 2039 791 2080 loquantur.
813 2037 914 2070 Adde
922 2039 1006 2070 Plu-

307 2086 459 2116 tarclmm
476 2087 509 2116 in
525 2087 658 2120 Quaest.
677 2088 820 2121 centur.
837 2089 936 2120 Rom.
956 2088 1005 2120 ita

307 2133 537 2166 scribentem:
574 2137 583 2152 ‘
599 2136 668 2167 Cur
699 2137 769 2167 avis
793 2137 930 2169 sinistra
952 2142 1006 2170 est

306 2182 479 2214 secunda?
495 2205 505 2214 .
522 2205 531 2214 .
547 2205 556 2214 .
570 2204 579 2213 .
594 2184 683 2215 Nam
695 2185 869 2217 sinistrum
884 2187 1005 2218 laevum

306 2231 482 2272 significat.
506 2233 629 2264 Potest
638 2233 741 2264 etiam
757 2234 882 2265 deduci
897 2245 916 2266 a
931 2246 1004 2266 ver-

308 2282 352 2314 bo
368 2282 491 2314 sinere.
525 2282 609 2313 Eam
625 2282 729 2323 igitur
749 2292 824 2324 quae
842 2291 910 2313 rem
926 2284 1005 2315 sinit

309 2340 406 2363 avem
411 2353 527 2364 .....
545 2335 645 2363 vocat
674 2332 793 2372 vulgus
822 2331 1003 2363 sinistram.

309 2382 380 2414 Cur
408 2382 511 2413 vero?
545 2381 599 2413 An
627 2380 855 2423 quod‘AEneae
878 2380 912 2411 in
932 2381 1005 2412 acie

308 2437 432 2463 contra
461 2431 672 2464 Mezentium
701 2430 807 2462 stanti
835 2428 948 2470 fulgur
985 2439 1006 2461 a

308 2483 447 2514 sinistra
476 2481 626 2514 victoriae
653 2480 756 2512 index
782 2479 950 2517 minasset,
973 2479 1007 2511 in

308 2532 487 2573 augurium
510 2532 544 2563 id
561 2535 759 2569 verterunt3
783 2539 823 2561 ac
846 2529 1022 2570 deinceps'

308 2583 358 2615 ita
371 2582 573 2614 observant?
604 2581 738 2613 Etenim
755 2579 1006 2619 Tliebani,cum

247 2671 250 2674 ,
309 2632 447 2664 sinistro
461 2642 522 2664 suo
533 2641 639 2664 cornu
655 2630 697 2662 ad
715 2631 862 2661 Leuctra
876 2629 1005 2660 hostem

308 2680 563 2722 profligassent,
584 2679 707 2711 deinde
725 2678 952 2710 observarunt
967 2681 1007 2708 ut

308 2731 343 2764 in
356 2730 508 2763 omnibus
523 2729 738 2764 conflictibus
749 2729 884 2761 sinistro
899 2737 1006 2760 cornu

1062 1150 1241 1192 imperium
1266 1150 1472 1183 tribuerent.
1509 1148 1564 1181 An
1580 1147 1706 1190 potius,
1721 1151 1762 1181 nt

1063 1206 1183 1233 auctor
1197 1205 1251 1233 est
1266 1200 1373 1239 Juba,
1396 1197 1658 1241 respicientibus
1681 1197 1762 1230 Ori-

1062 1255 1176 1282 entem
1193 1250 1317 1292 Aqnilo
1332 1249 1375 1281 ad
1394 1249 1563 1280 sinistram
1578 1251 1646 1286 est,
1659 1255 1760 1289 quem

1061 1300 1177 1332 mundi
1193 1304 1324 1341 partem
1339 1298 1496 1330 dextram
1516 1301 1553 1329 et
1567 1304 1760 1337 supremam

1061 1348 1188 1380 habent
1204 1349 1234 1381 ἕ.
1249 1370 1258 1379 .
1275 1369 1285 1379 .
1300 1347 1355 1380 An
1369 1347 1450 1389 qnia
1463 1345 1640 1378 terrestria
1654 1349 1691 1377 et
1703 1354 1760 1376 ca-

1060 1397 1152 1430 duca
1166 1397 1362 1430 coelestibus
1382 1401 1419 1429 et
1440 1395 1564 1428 divinis
1588 1405 1665 1427 cum
1691 1395 1761 1426 sint

1061 1448 1228 1487 opposita,
1248 1447 1419 1488 putabant
1439 1444 1536 1476 nobis
1551 1453 1605 1484 ea,
1621 1452 1698 1484 qnoe
1718 1443 1760 1475 si-

1059 1495 1166 1526 nistra
1177 1498 1268 1533 sunt,
1278 1495 1371 1524 Deos
1382 1502 1403 1523 a
1413 1492 1538 1523 dextra
1547 1490 1727 1522 ostendere
1735 1491 1761 1522 3’

1058 1543 1148 1574 Vide
1171 1547 1207 1574 et
1231 1542 1362 1574 Arnob.
1388 1541 1448 1573 lib.
1470 1550 1524 1573 lv.
1553 1541 1655 1582 paulo
1678 1545 1759 1582 post

1057 1592 1132 1624 init.
1157 1592 1216 1623 ubi
1245 1592 1325 1624 loeva
1348 1594 1462 1623 natura
1482 1600 1547 1622 esse
1568 1590 1632 1621 ulla
1652 1594 1758 1631 negat

1058 1641 1209 1681 egregie.
1233 1640 1310 1672 Nec
1320 1639 1440 1671 omitte
1450 1639 1540 1680 quod
1554 1639 1647 1671 Non.
1662 1639 1756 1671 Mar-

1058 1691 1135 1722 cell.
1164 1690 1278 1730 docet,
1307 1688 1489 1730 aliquando
1517 1688 1619 1720 etiam
1644 1689 1758 1720 &evum

1059 1739 1092 1770 in
1109 1739 1229 1771 bonam
1245 1743 1391 1780 partem,
1406 1741 1444 1769 et
1458 1747 1478 1769 a
1491 1737 1732 1770 levandodici.

1103 1792 1124 1820 9
1145 1789 1323 1829 Antequam
1337 1790 1460 1819 stantes>
1477 1790 1598 1828 repetat
1618 1787 1759 1828 mlada,

1059 1838 1129 1880 εμπ]
1153 1838 1346 1879 Antequam
1372 1840 1611 1878 tempestatem
1629 1836 1758 1868 denun-

1059 1889 1124 1920 tiet
1139 1888 1256 1920 cornix
1272 1887 1313 1918 ad
1326 1886 1467 1927 paludes
1483 1895 1545 1918 suo
1565 1895 1660 1918 more
1675 1886 1758 1918 voli-

1060 1941 1135 1968 tans
1159 1946 1199 1968 ac
1225 1935 1361 1976 sedens,
1385 1935 1499 1976 ibique
1530 1933 1757 1976 praesentiens

1059 1987 1213 2025 imbrem,
1233 1985 1474 2026 divinamque,
1497 1989 1535 2016 et
1560 1993 1646 2016 voce
1671 1984 1759 2017 indi-

1058 2045 1153 2068 cans.
1181 2036 1292 2076 Supra
1306 2034 1375 2066 Od.
1389 2042 1485 2066 xvu.
1510 2034 1521 2052 ‘
1535 2043 1632 2076 aqnae
1649 2041 1759 2078 augur

1057 2085 1195 2118 cornix’
1209 2085 1346 2116 dicitnr.
1377 2083 1464 2114 Vide
1479 2083 1526 2115 ibi
1542 2083 1625 2116 Not.

1102 2138 1117 2167 l
1124 2139 1141 2168 1
1169 2134 1314 2166 omnem
1323 2142 1458 2168 corvum,
1467 2133 1537 2174 ξω]
1557 2132 1630 2164 Ore
1639 2130 1756 2164 futura

1060 2185 1317 2226 praecinentem.
1339 2182 1430 2214 Vide
1443 2182 1532 2214 Gell.
1548 2191 1599 2214 vr.
1612 2185 1646 2214 6.
1663 2182 1755 2217 Piis.

1060 2243 1096 2265 x.
1111 2237 1165 2266 12.
1197 2235 1208 2253 ‘
1222 2233 1375 2265 Pessima
1388 2241 1565 2264 corvorum
1587 2230 1757 2273 significa-

1058 2284 1119 2319 tio,
1134 2293 1211 2314 cum
1227 2283 1375 2322 glutiunt
1394 2290 1511 2314 vocem
1536 2281 1631 2313 velut
1645 2285 1756 2313 stran-

1058 2331 1186 2370 gulati!
1224 2333 1270 2362 Et
1295 2340 1408 2362 xvnr.
1437 2341 1513 2372 cap.
1542 2331 1605 2362 ult.
1626 2332 1636 2348 ‘
1653 2330 1755 2362 Corvi

1058 2379 1209 2419 singultu
1223 2380 1369 2419 quodam
1379 2381 1545 2411 latrantes
1559 2387 1662 2420 seque
1672 2388 1754 2411 con-

1058 2429 1240 2468 cutientes,
1270 2428 1299 2459 si
1329 2428 1586 2469 continuabunt,
1610 2435 1752 2470 ventos3

1057 2479 1086 2512 si
1109 2487 1189 2510 vero
1210 2477 1355 2518 carptim
1378 2486 1495 2508 vocem
1515 2478 1756 2520 resorbebunt,

1057 2533 1235 2559 ventosum
1249 2526 1389 2558 imbrem
1406 2528 1634 2568 praesagiunt.'
1663 2529 1753 2561 Con-

1056 2582 1111 2610 tra
1125 2577 1152 2609 si
1174 2576 1217 2608 ab
1233 2575 1323 2607 Ortu
1349 2576 1440 2607 clare
1463 2585 1581 2609 vocem
1603 2577 1751 2611 ediderit

1057 2638 1190 2669 corvus,
1218 2627 1301 2659 felix
1330 2628 1517 2668 auspicium
1547 2628 1648 2662 fuisse
1671 2639 1750 2662 nar-

1056 2684 1132 2712 rant
1147 2675 1295 2722 quidam.
1330 2678 1418 2710 Vide
1433 2688 1536 2722 supra
1550 2680 1634 2716 Not.
