1916 3190
235 238 321 280 358
715 250 758 288 Q⁴
792 249 1001 280 HORA‘ru
1038 249 1209 280 πωροι

819 415 949 458 ODE
979 415 1118 458 XX.

741 532 809 562 AD
843 531 1181 562 MAEcENA‘rEM.

365 619 528 652 Horatius
543 619 577 651 in
589 628 732 660 cycnum
749 629 866 651 versus
882 619 1075 652 universum
1092 620 1210 652 orbem
1228 621 1343 652 volatu
1358 621 1492 652 lustrat.

505 673 515 690 ‘
535 673 646 704 Nemo
660 682 713 704 me
729 673 890 714 lacrymis
906 673 1059 714 decoret,
1072 683 1136 705 nec
1152 673 1273 706 funera
1288 673 1371 706 fletu

532 724 654 757 Faxit:
676 725 744 757 Cur
759 725 772 756 ἓ
790 726 895 758 volito
917 726 1007 758 vivu’
1023 736 1085 767 per
1100 736 1158 758 ora
1176 726 1305 758 virum!

918 779 1138 820 Epitaphium
1153 780 1254 811 Ennii
1269 789 1324 821 ap.
1341 779 1413 811 Cic.
1428 778 1532 810 Tusc.
1550 786 1574 809 ι.
1591 780 1643 809 15.

232 850 352 893 (Circa
367 852 466 893 hujus
482 851 648 886 Carminis
663 857 899 894 argumentum
915 863 952 885 se
964 853 1072 895 ipsum
1085 853 1333 896 quodammodo
1349 861 1525 894 superasse
1538 850 1690 884 Hardui-

276 915 340 937 nus
356 906 410 938 bic
434 905 580 938 videtur.
624 910 633 924 ⁸
648 907 906 948 Prosopopoeia,
931 908 1054 948 inquit,
1076 907 1151 939 haec
1173 911 1227 938 est
1240 907 1367 938 Christi
1391 904 1628 945 triumphantis
1651 908 1689 935 et

274 959 416 992 Judaeos
433 959 637 1001 alloquentis
663 959 781 991 statim
801 969 841 991 ac
858 959 1068 992 resurrexit?
1113 961 1279 992 Nolumus
1297 959 1467 990 haereseos
1482 957 1610 988 crimen
1627 955 1687 986 im-

276 1012 418 1052 pingere
445 1022 487 1043 ex
509 1012 773 1053 Prosopopoeias
798 1012 1044 1053 appellatione,
1068 1014 1176 1045 multo
1202 1012 1309 1044 miuus
1329 1011 1482 1042 refutare
1510 1007 1688 1040 mirificam

273 1064 500 1104 sententiam3
517 1064 578 1095 sed
595 1064 743 1104 paucula
760 1064 863 1095 modo
879 1064 1067 1106 decerpere
1082 1065 1126 1096 de
1148 1064 1444 1106 interpretatione.
1489 1059 1670 1092 ‘Biformis
1682 1054 1693 1069 ¹

272 1117 327 1148 hic
344 1122 486 1148 vocatur
502 1117 669 1156 Christus,
690 1117 700 1134 ‘
715 1118 795 1159 quia
808 1117 907 1149 simul
928 1118 962 1149 in
983 1117 1094 1150 forma
1108 1118 1174 1150 Dei
1190 1122 1226 1150 et
1240 1118 1274 1149 in
1288 1116 1399 1148 forma
1410 1114 1524 1147 servi.’
1567 1113 1622 1144 Ad
1638 1121 1687 1144 vs.

272 1172 305 1202 9.
327 1169 546 1211 ‘Allegoriae‚
579 1170 704 1212 iuquit,
725 1180 802 1211 pars
830 1171 942 1203 altera
966 1171 1133 1213 sequitur,
1160 1181 1236 1213 quae
1268 1171 1409 1202 Fratres
1435 1167 1688 1200 Praedicatores

271 1223 382 1254 sancti
397 1223 569 1255 Dominici
586 1224 738 1255 alumnos
755 1224 894 1265 egregie
907 1225 1136 1256 commendat.
1180 1223 1400 1255 Vaticinatur
1415 1222 1504 1253 enim
1520 1219 1689 1258 Christus,

271 1283 308 1305 se
323 1274 389 1306 illis
409 1275 626 1316 praeconibus
639 1276 818 1317 Evangelii
831 1277 883 1307 sui
898 1298 906 1307 .
917 1300 926 1308 .
938 1299 946 1308 .
958 1286 1021 1318 per
1036 1277 1230 1318 complures
1243 1275 1335 1308 orbis
1352 1274 1542 1316 provincias
1557 1272 1690 1304 volatu-

272 1335 345 1357 rum
356 1326 422 1350 ’—‘
440 1327 556 1359 alitem
574 1327 703 1359 album'
723 1328 971 1369 interpretatur
986 1329 1133 1361 candida
1149 1334 1244 1361 veste
1259 1327 1559 1360 indutum—Quae
1581 1323 1686 1356 ‘resi-

270 1378 356 1409 dunt
373 1380 480 1419 pelles
496 1380 652 1411 cruribus
669 1379 824 1420 asperae,'
846 1390 965 1412 ocreas
987 1382 1162 1422 iutelligit,
1179 1381 1300 1423 quibus
1317 1381 1472 1422 equitans
1491 1377 1687 1410 Dominica-

269 1439 333 1461 uus
359 1440 459 1463 crura
484 1431 737 1473 tegit.'—-Ohe!
756 1433 829 1473 jam
853 1433 936 1464 satis
961 1439 1035 1465 est:
1062 1435 1118 1475 qui
1144 1434 1259 1465 valido
1283 1432 1456 1464 stomacho
1480 1434 1546 1470 est,
1568 1432 1685 1469 potest

267 1482 391 1515 librum
406 1478 513 1516 adire]
559 1484 739 1517 Clauditur
754 1486 932 1518 annotatio
957 1486 998 1517 ad
1021 1487 1106 1518 banc
1130 1486 1231 1518 Oden
1252 1487 1322 1518 ita:
1347 1486 1357 1503 ‘
1372 1485 1444 1517 Ant
1459 1483 1543 1515 nihil
1565 1483 1599 1514 in
1615 1481 1683 1513 ullo

271 1535 453 1577 aeuigmate
469 1536 570 1568 video
583 1537 592 1551 '
605 1536 697 1578 (quis
720 1537 785 1569 hoc
810 1538 1006 1579 suspicetur
1021 1539 1064 1571 de
1088 1539 1172 1580 viro,
1189 1539 1245 1581 qui
1263 1534 1322 1570 'tot
1346 1545 1556 1569 nummorum
1578 1533 1684 1574 aenig-

269 1592 364 1619 mata
374 1588 652 1631 solvit‚viditque
663 1590 754 1630 quod
765 1599 927 1631 nusquam
939 1596 1013 1622 erat
1020 1591 1052 1631 ?)
1063 1592 1073 1609 ‘
1087 1596 1145 1623 aut
1157 1590 1352 1622 indubitata
1365 1589 1441 1621 hoec
1452 1593 1565 1620 nostra
1579 1588 1686 1620 inter-

270 1641 421 1679 pretatio
442 1641 549 1673 debet
573 1642 685 1674 videri
703 1642 997 1684 ingeniosissima»,
1021 1647 1061 1674 ut
1084 1652 1175 1674 nune
1199 1643 1337 1684 quidem
1360 1642 1520 1682 arbitror,
1535 1641 1683 1674 omnium

270 1692 424 1726 Odarum
453 1694 761 1728 Pseudo-Horatii.
806 1696 917 1729 Quam
948 1697 978 1727 si
1006 1696 1081 1738 quis
1104 1695 1293 1728 contendat
1323 1694 1419 1726 annis
1450 1694 1540 1726 baud
1567 1693 1683 1738 paucis

269 1746 434 1787 scriptam
462 1746 569 1780 fuisse
596 1752 675 1789 post
700 1748 783 1780 alias
810 1749 984 1790 plurimas,
1003 1759 1115 1791 neque
1150 1749 1270 1780 borum
1296 1748 1531 1780 collectionem
1557 1745 1685 1778 Carmi-

269 1809 348 1830 num
364 1800 473 1832 lucem
490 1802 665 1843 aspexisse
683 1807 763 1835 ante
785 1811 909 1834 aunum
932 1803 1072 1834 circiter
1093 1805 1191 1834 1250.
1213 1801 1303 1833 haud
1327 1805 1468 1842 gravate
1493 1796 1684 1832 assentiar!

269 1852 386 1894 Gesn.)

455 1918 570 1960 NON
591 1920 758 1961 usitata
778 1933 860 1961 nec
881 1920 1000 1962 tenui
1016 1920 1129 1962 ferar

269 2011 338 2043 Nec
350 2013 443 2045 solita
456 2024 512 2046 nec
526 2016 587 2047 levi
603 2026 660 2056 per
674 2016 748 2048 αένιι
762 2017 916 2058 fluentem
931 2019 982 2052 ala
995 2018 1093 2050 vehar
1106 2027 1163 2058 ego
1185 2018 1288 2050 Po'e'ta
1301 2017 1418 2059 duplici
1429 2017 1538 2056 forma
1549 2017 1680 2060 pollem-

834 2100 1030 2113 “nmero
1034 2102 1072 2113 σο

269 2148 346 2180 Ode
362 2149 494 2181 decima
509 2151 612 2182 tertia
637 2152 732 2183 Libri
750 2154 844 2185 tertii
866 2155 900 2186 in
923 2157 988 2188 Ed.
1010 2156 1138 2188 Sanad.
1186 2156 1255 2188 Nec
1281 2157 1401 2188 usitata
1424 2155 1560 2196 quidam
1576 2154 1678 2186 codd.

223 2200 279 2222 nec
293 2192 379 2223 tenui
391 2202 508 2223 omnes
524 2192 597 2224 fere
612 2194 711 2226 codd.
727 2196 776 2226 ita
792 2202 889 2228 certe
904 2199 1002 2229 Harl.
1022 2202 1051 2230 1.
1076 2202 1108 2230 2.
1130 2201 1162 2230 3.
1178 2202 1210 2230 4.
1235 2202 1266 2230 5.
1281 2201 1313 2230 6.
1339 2202 1376 2229 et
1399 2197 1478 2229 edd.
1506 2202 1591 2228 vett.
1614 2195 1676 2227 sed

223 2242 265 2264 ex
283 2233 432 2266 Bentleii
455 2235 578 2276 Regin.
603 2240 639 2267 et
653 2237 813 2270 Petrens.
841 2239 957 2271 Bentl.
980 2241 1124 2280 Cuniug.
1148 2239 1272 2272 Sanad.
1298 2240 1386 2272 Sivr.
1415 2240 1508 2280 sani,
1535 2239 1676 2279 Bipont·

878 2313 1020 2344 NOTAE

265 2371 417 2403 Mettum
434 2372 524 2404 idem
541 2374 630 2414 quod
648 2384 754 2415 supra
769 2385 794 2408 1.
811 2376 879 2409 Od.
891 2379 922 2409 9.
977 2386 1042 2408 nec
1058 2376 1193 2408 omnino
1217 2375 1288 2406 sine
1314 2383 1429 2415 causa,
1448 2375 1582 2415 jactare
1598 2375 1676 2405 soli-

266 2423 282 2451 l
310 2422 386 2452 Non
408 2422 538 2463 usitata,
559 2423 628 2464 &0ss
651 2424 805 2466 Scaliger
820 2426 923 2459 Poet.
977 2427 1021 2458 tis
1050 2430 1252 2457 succenseat
1282 2433 1420 2456 necesse
1450 2428 1515 2456 est.
1567 2424 1676 2455 Paulo

222 2470 282 2502 lib.
300 2481 354 2504 Vl.
400 2472 502 2504 Oden
520 2474 608 2505 hauc
624 2474 673 2506 ait
698 2474 833 2516 ‘magni
856 2477 925 2517 spi·
977 2479 1073 2506 certe
1095 2474 1256 2506 audacius
1279 2473 1426 2505 canebat
1454 2478 1493 2505 et
1515 2474 1677 2505 vaticina·

221 2521 322 2560 ritus‚
349 2527 384 2553 et
411 2528 508 2554 tanto
524 2523 660 2564 dignam
676 2524 837 2565 ingenio.’
879 2526 924 2558 Se
978 2525 1079 2557 batur
1101 2524 1203 2557 Ovid.
1226 2524 1314 2555 Met.
1332 2532 1394 2555 xv.
1407 2525 1482 2554 8⁷1.
1506 2524 1516 2541 ‘
1530 2523 1676 2566 Jamque

221 2581 367 2613 suosque
396 2583 514 2605 versus
545 2575 753 2607 immortales
789 2575 924 2608 futuros
976 2585 1061 2616 opus
1077 2574 1189 2616 exegi,
1215 2573 1306 2615 quod
1333 2582 1396 2604 nec
1418 2573 1516 2606 Jovis
1535 2574 1676 2614 ira,nec

221 2622 387 2662 praesagit
403 2623 581 2664 Horatius,
594 2629 697 2666 atque
713 2635 773 2657 suo
789 2626 924 2658 nomine
977 2626 1075 2665 ignis,
1093 2625 1167 2657 Nec
1192 2622 1320 2664 poterit
1345 2621 1487 2663 ferrum,
1507 2631 1570 2655 nec
1586 2622 1675 2654 edax

220 2674 257 2701 et
272 2669 364 2702 fama
377 2671 587 2712 implendum
600 2675 714 2706 orbern
729 2680 839 2708 totum
851 2677 922 2718 glo·
976 2675 1115 2706 abolere
1131 2671 1308 2705 vetustas?

219 2719 340 2752 riatur.
387 2722 463 2753 Quo
479 2723 507 2753 si
522 2725 597 2765 quis
612 2723 816 2762 offendatur,
833 2736 922 2758 sum-
1021 2725 1088 2755 Nec
1111 2723 1198 2756 tenui
1214 2722 1308 2760 serar
1332 2721 1456 2763 Peuma]
1482 2722 1559 2754 Non
1578 2722 1674 2755 tenui

220 2768 283 2801 mis
308 2769 498 2812 quibusque
525 2773 645 2806 Poetis
670 2784 795 2816 magua
815 2776 858 2808 de
875 2785 922 2813 se,
976 2778 1035 2807 aut
1050 2774 1164 2815 fragili
1179 2773 1309 2814 volatu,
1333 2772 1391 2814 qui
1407 2773 1623 2815 dissolvatur,
1637 2777 1674 2805 et
