1916 3190
241 247 326 290 352
725 265 768 303 Q.
802 265 1011 296 noenu
1048 266 1226 299 nacci

474 355 610 399 Evoe!
643 360 802 399 recenti
822 371 941 400 mens
958 361 1153 414 trepidat
1176 366 1309 413 metu,
1680 362 1710 406 5
1734 363 1738 367 ’

472 422 894 478 PlenoqueBacchi
914 430 1094 479 pectore
1115 429 1338 470 turbidum

530 492 745 534 Laetatur.
805 493 946 535 Evoe!
976 509 1124 549 parce,
1148 496 1297 547 Liber,

584 560 741 610 Parce,
763 561 884 614 gravi
909 563 1144 604 metuende
1167 563 1341 617 thyrso!

438 643 445 647 ’
471 627 562 670 Fas
583 628 841 682 pervicaces
864 633 932 670 est
953 629 1060 670 mihi
1080 630 1322 685 Thyiades,

246 771 338 802 Evoe.
335 770 345 792 ¹
361 770 471 801 timore
485 780 584 809 nuper
595 770 714 802 incusso
728 770 874 810 agitatur
888 772 1023 813 animur,
1033 776 1077 811 et,
1086 773 1123 803 ob
1135 774 1287 813 repletum
1297 773 1421 804 Baccho
1432 777 1554 813 pectus,
1563 783 1625 805 non
1637 774 1706 808 sine

238 814 354 853 gaudio
370 813 583 869 conturbatur.
629 812 728 845 Evoe!
751 814 891 854 indulge,
906 796 1043 851 Bacche,
1059 796 1196 856 I’ndulge
1210 817 1344 847 verendo
1366 816 1474 857 thyrso
1486 817 1704 856 formidande.

850 919 1049 933 ‘ocem‘
1053 921 1092 933 θ’

240 995 478 1027 Enthusz'astice
493 995 633 1032 Liber05
658 994 782 1027 Sanad.
799 995 903 1037 Dithy
905 996 1043 1027 rambua.
1045 1000 1108 1028 —5
1133 997 1254 1032 Euhoe,
1272 997 1552 1038 Euhohe‚1‹:vohe‚
1570 998 1702 1040 Evoche,

239 1039 360 1075 ΕΙιοΙιε,
378 1038 520 1077 Hennae,
534 1038 680 1074 lie-volte,
697 1038 819 1076 Heme,
836 1006 1000 1078 ΗειιΙιοΙιε,
1017 1038 1178 1077 Heuoche,
1194 1039 1368 1070 variantes
1384 1049 1428 1080 ap
1432 1039 1548 1072 .Jani.
1597 1023 1704 1072 Euhoe

240 1081 338 1113 Gott.
357 1086 393 1112 et
416 1081 513 1112 Harl.
530 1084 560 1111 5.
606 1081 715 1112 Euohe
731 1081 848 1112 Zarot.
893 1080 1025 1112 Heuhoe
1040 1082 1192 1113 Flor.ent
1209 1081 1316 1114 Brod.
1332 1086 1368 1113 et
1383 1049 1480 1113 Hparl.
1493 1085 1528 1114 6.
1573 1082 1704 1114 Euhohe

240 1123 338 1155 Harl.
353 1126 385 1155 2.
411 1123 496 1154 Euoe
513 1123 629 1154 Bentl
658 1128 695 1154 et
714 1121 850 1154 Wakef.
876 1124 956 1154 Euoe
971 1123 1077 1155 Kidd.
1110 1125 1188 1155 Evoe
1202 1123 1302 1155 Harl.
1321 1127 1351 1157 1.
1365 1127 1441 1156 3.4.
1455 1124 1550 1165 Jani,
1563 1124 1703 1157 Mitsch.

239 1166 385 1207 Bipont.
398 1166 544 1197 wetzel.
559 1166 668 1198 aL———7
691 1166 901 1208 Lympham,
919 1176 978 1207 pro
993 1167 1151 1206 Loetatur,
1163 1168 1255 1208 conj.
1273 1167 1364 1199 Dan.
1381 1166 1502 1199 Heius.
1517 1177 1572 1208 ap.
1589 1167 1704 1199 Bentl.

238 1209 457 1249 improbante
471 1208 563 1242 Jani.
594 1209 633 1240 In
656 1210 732 1240 Evoe
745 1210 898 1240 variatur
915 1214 954 1241 ut
970 1212 1156 1250 supra.-9
1174 1210 1236 1242 Fae
1245 1210 1420 1251 pervicacia
1434 1210 1491 1248 sit,
1511 1210 1535 1242 i.
1551 1220 1582 1242 e.
1599 1211 1704 1242 liceat

236 1251 318 1283 mihi
335 1261 469 1290 canere,
479 1251 615 1283 emend.
627 1252 745 1283 Bentl-
763 1251 1045 1292 reclamantibus,
1057 1259 1091 1283 ut
1110 1253 1183 1293 ipse
1197 1252 1449 1289 fatetur‚codd.
1465 1257 1500 1284 et
1514 1253 1563 1284 sic
1575 1253 1703 1285 Sanad.

237 1294 327 1326 Sivr.
343 1300 379 1326 et
394 1294 503 1326 Kidd.
548 1294 659 1335 Fasp.
675 1298 707 1326 et
722 1294 800 1325 milii
815 1304 886 1326 var.
903 1295 986 1326 lect.
1003 1305 1047 1336 ap
1052 1296 1196 1328 ...Iones
1244 1296 1389 1336 Tityadaa
1411 1296 1514 1345 vulgo
1539 1295 1703 1327 scribitur

238 1343 273 1368 et
289 1337 337 1368 sic
355 1337 456 1369 Harl.
473 1341 502 1368 l.
519 1340 551 1368 2.
566 1340 598 1368 3.
613 1341 645 1368 4.
662 1341 694 1369 5.
706 1339 739 1368 6.
753 1346 829 1368 cum
846 1337 963 1369 multis
977 1305 1059 1369 aliie·
1066 1338 1167 1370 codd.
1205 1338 1273 1379 Thy
1275 1339 1363 1370 iudas
1379 1338 1530 1370 restituit
1543 1348 1585 1370 ex
1602 1339 1703 1370 Velio

236 1380 355 1420 Longo
373 1385 408 1410 et
425 1379 600 1419 Hesychio
614 1380 730 1410 Bentl.
746 1380 828 1410 item
846 1380 979 1410 Pierius
994 1381 1036 1411 ad
1055 1381 1096 1412 V'
1088 1391 1140 1421 irg
1143 1381 1249 1412 .AE.n
1267 1390 1315 1411 tv.
1331 1383 1407 1413 302.
1423 1381 1478 1412 ubi
1496 1381 1574 1412 vide
1589 1381 1703 1422 Heyn.

239 1421 297 1453 Ita
313 1421 416 1453 etiam
439 1421 585 1462 Cuning.
610 1420 739 1453 Sanad·
766 1422 910 1463 Bipont.
934 1423 1043 1455 Zeun.
1070 1424 1163 1463 Jani,
1191 1423 1332 1454 Mitsch.
1357 1423 1506 1455 Wetzel.
1530 1429 1567 1454 et
1593 1423 1700 1454 Kidd.

894 1531 1036 1564 NOTAE

990 1605 1054 1637 sibi
1083 1606 1263 1647 contingat
1287 1606 1378 1648 mali,
1401 1606 1492 1649 quod
1527 1606 1698 1649 Actaeoni,

990 1657 1161 1697 Pentheo,
1177 1657 1347 1698 Lycurgo,
1359 1657 1502 1699 aliisque
1511 1658 1698 1691 acciderat.

234 1608 350 1645 Adsit,
373 1613 410 1639 et
425 1608 572 1639 attonito
588 1616 655 1638 non
674 1610 812 1638 taceare
825 1605 934 1637 sono?

232 1658 323 1690 Vide
344 1667 369 1689 1.
394 1658 463 1690 Od.
490 1661 520 1689 l.
548 1658 603 1689 De
620 1656 751 1697 Satyris
767 1656 876 1697 plura,
892 1654 933 1686 ad

234 1711 416 1799 vsbgzaoe]
440 1758 520 1799 Vel,
541 1757 650 1789 Euho'e‘
663 1767 673 1788 .-
701 1761 740 1789 ut
762 1755 936 1788 doctiores

231 1809 334 1850 aliqui
359 1810 498 1841 volunt:
524 1818 591 1850 qua
614 1816 698 1839 voce
720 1807 936 1839 Bacchantes

231 1862 266 1891 in
296 1860 401 1892 sacris
429 1860 544 1891 divino
576 1869 613 1890 se
638 1858 756 1891 furore
785 1858 935 1891 concita-

235 1910 329 1950 bant,
361 1915 399 1940 ut
427 1911 530 1941 aiunt.
568 1909 726 1942 Juvenal.
764 1909 838 1940 Sat.
868 1917 936 1939 vu.

231 1963 284 1991 62.
310 1962 319 1978 ‘
335 1960 440 1990 Satur
463 1966 528 1999 est,
552 1969 629 1991 cum
654 1959 739 1991 dicit
757 1959 936 1999 Horatius,

232 2009 338 2041 Evoe.’
362 2009 450 2040 Vide
466 2019 491 2040 1.
510 2009 579 2041 Od.
596 2012 648 2041 18.
664 2009 779 2050 ibique
796 2009 880 2040 Not.

274 2060 409 2092 Recenti
420 2069 506 2091 mens
520 2059 655 2101 trepidat
670 2062 764 2097 metu,
781 2060 850 2100 θα]
868 2051 944 2091 En-⁴

231 2109 452 2142 thusiasnium
470 2110 534 2140 sibi
550 2109 679 2150 affingit
695 2109 818 2149 Poeta,
832 2119 933 2151 quein

229 2171 365 2202 semper
391 2160 575 2192 comitatur
605 2169 703 2190 sacer
730 2160 864 2201 quidam
894 2170 934 2191 ac

230 2212 407 2252 religiosus
435 2211 566 2249 horror,
591 2209 634 2240 ob
661 2209 818 2241 Numinis
849 2219 934 2250 prae-

231 2263 338 2295 semis
361 2261 563 2303 agentisque
584 2259 811 2291 reverentiam
833 2260 934 2290 vehe-

230 2319 450 2354 mentemque
478 2312 559 2351 vim,
587 2319 653 2352 qua
678 2309 836 2340 turbatur
851 2318 934 2339 non-

229 2363 312 2396 nihil
328 2362 495 2403 simulque
508 2362 646 2392 laetatur
659 2368 752 2390 mena
768 2358 932 2389 divinitus

229 2413 358 2454 afflata,
383 2418 482 2444 extra
511 2421 548 2443 se
575 2410 691 2451 posita
713 2413 749 2440 et
772 2408 932 2448 alienata,

228 2466 480 2507 superiorisque
497 2463 663 2505 potentiae
673 2462 816 2494 arbitrio
830 2465 932 2493 mota.

270 2520 291 2549 6
317 2517 473 2557 Plenaque
488 2514 610 2547 Bacchi
628 2517 752 2555 pectore
774 2512 933 2543 turbidum

229 2566 391 2606 Loetatur]
424 2565 570 2597 Numine
598 2563 767 2596 insidente
794 2571 932 2603 correp-

229 2621 285 2648 tus
301 2616 344 2647 de
371 2616 486 2648 divino
502 2614 631 2657 gaudet
656 2613 842 2653 consortio,
863 2622 930 2644 non

229 2671 344 2698 tamen
359 2667 428 2697 sine
443 2665 710 2707 perturbatione.

273 2720 293 2748 7
317 2718 428 2755 Parce,
456 2717 564 2757 Liber,
592 2715 711 2757 Parce]
746 2715 928 2756 Indignum

228 2768 288 2800 tali
314 2777 351 2799 se
375 2767 571 2808 dignatione
599 2766 770 2809 professus
798 2766 929 2797 veniam

230 2823 342 2860 rogat,
358 2826 399 2849 ne
422 2819 456 2849 in
473 2819 636 2850 ultionem
655 2817 717 2850 visi
734 2809 878 2849 numinis
894 2816 929 2849 id

990 1707 1210 1747 Deprecatur
1243 1711 1280 1737 et
1312 1706 1601 1740 vehementiorem
1631 1709 1698 1741 Dei

989 1757 1226 1798 agitationem,
1245 1766 1313 1798 qua
1337 1756 1382 1788 de
1409 1765 1471 1787 sna
1496 1756 1578 1789 sede
1601 1767 1695 1791 mens

990 1808 1129 1838 omnino
1145 1807 1342 1848 dejiciatur.
1506 1848 1510 1852 .

1033 1861 1053 1890 8
1079 1859 1183 1890 Gravi
1207 1860 1372 1890 metuende
1395 1857 1520 1900 thyrso]
1541 1859 1619 1892 Quo
1644 1864 1697 1892 tot

990 1908 1204 1940 adversarios
1230 1908 1407 1950 perculisti
1432 1917 1473 1939 ae
1503 1909 1696 1949 perdidisti.

988 1959 1137 2000 Thyrsus
1160 1959 1260 1990 hasta
1285 1962 1363 1990 erat
1384 1957 1522 1989 hederis
1542 1962 1578 1990 et
1601 1968 1695 2000 pam-

990 2010 1078 2050 pinis
1094 2010 1236 2049 intecta,
1259 2008 1381 2051 quibus
1404 2008 1567 2040 obvoluta
1588 2010 1694 2042 etiam

990 2061 1102 2102 cuspis
1133 2061 1330 2101 inopinatos
1368 2059 1456 2091 ictus
1489 2063 1693 2102 certumque

989 2112 1130 2144 exitium
1147 2111 1329 2143 inferebat.

1030 2166 1052 2194 9
1076 2163 1139 2194 Fas
1163 2162 1349 2203 pervicaces,
1375 2161 1446 2201 δῖα]
1469 2161 1598 2192 Divino
1626 2161 1692 2192 ita-

987 2222 1053 2254 que
1066 2213 1190 2253 spiritu
1205 2216 1387 2253 correptus
1411 2210 1533 2247 Poeta,
1555 2211 1691 2253 vimque

988 2263 1144 2294 Numinis
1160 2263 1323 2302 sentiens,
1347 2266 1442 2293 recte
1465 2261 1527 2302 ait,
1550 2259 1602 2292 fas
1623 2261 1690 2292 eibi

987 2321 1064 2343 esse
1080 2313 1149 2343 Dei
1165 2313 1281 2343 laudes
1294 2312 1428 2352 exequi.

1030 2362 1229 2403 Pmicaces]
1250 2362 1428 2402 Concepto
1453 2360 1570 2392 furore
1591 2365 1690 2402 petu-

983 2413 1093 2444 lantes
1119 2419 1157 2443 et
1182 2416 1372 2453 protervas.
1409 2411 1612 2443 Pervicacia
1639 2411 1688 2441 in-

985 2463 1119 2495 terdum
1143 2466 1197 2494 est
1218 2462 1382 2493 bonarum
1400 2469 1512 2491 rerum
1529 2469 1688 2500 perseve-

986 2513 1109 2554 rantia,
1134 2511 1322 2554 pertinacia
1344 2519 1479 2551 semper
1512 2510 1687 2550 malarum,

986 2564 1096 2606 inquit
1132 2564 1224 2596 Non.
1249 2562 1403 2594 Marcell.
1448 2560 1616 2601 Acciique
1643 2560 1687 2592 ad

984 2613 1220 2656 Myrmidones
1237 2611 1342 2643 verba
1368 2613 1440 2642 haec
1466 2608 1584 2642 affert:
1609 2610 1620 2626 ⁴
1635 2610 1687 2642 Tu

983 2664 1222 2706 pertinaciam,
1260 2661 1455 2700 Antiloclie,
1487 2669 1564 2692 esse
1597 2659 1685 2693 hanc

984 2714 1172 2756 praedicas:
1197 2723 1262 2755 ego
1275 2712 1502 2754 pervicaciam
1519 2711 1573 2743 aio
1585 2731 1686 2742 .....

983 2766 1038 2798 Tu
1053 2764 1150 2797 addis
1167 2764 1256 2806 quod
1271 2763 1354 2795 vitio
1369 2767 1442 2795 est:
1467 2761 1575 2794 demis
1591 2759 1683 2803 quod

983 2815 1072 2848 laudi
1089 2814 1214 2847 datur!
