1916 3190
658 227 724 259 ns
753 228 942 260 arn-mus
971 228 1199 261 nonxrn.
1593 222 1651 263 43

208 322 324 362 Tertii
343 322 496 373 generis
516 321 617 361 Odae
640 325 703 362 12.

259 383 344 424 Lib.
366 398 398 424 1.
417 385 505 424 Ode
559 387 597 424 3.
625 386 691 424 Sic
710 394 749 425 te
768 386 871 425 Diva
887 393 1028 438 potens
1046 386 1179 438 Cypri.

540 450 601 487 13.
629 449 730 487 Cum
749 455 807 496 tu,
826 449 962 501 Lydia,
977 449 1153 500 Telephi.

540 512 603 550 19.
631 511 760 551 Mater
778 524 886 550 saeva
899 511 1154 563 Cupidinum.

537 576 603 612 36.
633 574 684 613 Et
702 574 815 614 thure
830 581 872 613 et
888 574 1033 614 fidibus
1044 575 1171 626 juvat.

327 649 399 675 ιιι.
558 638 599 676 9.
628 637 766 693 Donec
783 645 919 686 gratus
938 650 1043 677 eram
1063 638 1145 677 tibi.

536 701 598 738 15.
627 700 735 739 Uxor
751 702 933 754 pauperis
953 702 1075 754 Ibyci.

538 763 599 802 19.
628 763 828 808 Quantum
847 763 969 802 distat
986 765 1036 802 ab
1054 765 1215 804 Inacho.

533 828 600 866 24.
631 827 793 866 Intactis
812 827 1047 879 opulentior.

532 890 598 928 25.
626 889 717 935 Quo
735 903 811 937 me,
830 890 1001 938 Bacche,
1019 891 1125 942 rapis
1153 890 1223 930 tui.

535 954 602 992 28.
633 953 752 993 Festo
770 954 867 1006 quid
885 955 1018 1007 potius
1044 954 1123 993 die.

340 1027 403 1053 ιν.
566 1018 601 1054 l.
629 1017 872 1063 Intermissa,
891 1018 1041 1063 Venus,
1060 1018 1143 1055 diu.

565 1079 603 1116 3.
631 1079 758 1122 Quem
777 1086 835 1124 tu,
854 1078 1116 1131 Melpomene,
1138 1079 1273 1118 semel.

260 1139 486 1182 Quaerunt
507 1152 679 1179 onnus:
707 1147 752 1179 ut
770 1154 802 1179 1.
822 1140 902 1179 Od.
928 1144 968 1180 4.
997 1155 1087 1192 quae
1117 1148 1180 1180 est
1206 1141 1369 1180 Dicolos
1398 1142 1649 1196 Distrophos.

208 1201 362 1240 Primus
388 1202 555 1254 quisque
582 1215 716 1241 versus
748 1210 811 1241 est
840 1202 1071 1255 Dactylicus
1098 1203 1369 1243 Archilochius
1398 1205 1651 1258 Heptarneter

209 1265 484 1304 Acatalectus:
509 1272 695 1304 constans
725 1278 747 1304 e
775 1273 944 1317 quatuor
973 1267 1105 1318 primis
1132 1266 1298 1319 pedibus
1329 1267 1551 1319 Spondoeis,
1589 1272 1649 1309 vel

208 1327 386 1380 Dactylis
402 1327 678 1375 indifferenter,
697 1335 743 1368 ut
763 1329 803 1367 in
823 1342 938 1368 versu
968 1330 1157 1369 Hernico:
1186 1329 1329 1370 deinde
1355 1345 1377 1370 e
1410 1333 1533 1371 tribus
1553 1334 1650 1372 Tro-

206 1391 341 1438 cheis,
360 1392 421 1430 vel
441 1391 639 1443 Spondoeo
657 1392 820 1437 ultimo:
852 1394 910 1432 sic
927 1407 937 1432 :

205 1454 445 1488 Solvitur-w
458 1455 546 1487 aeris
560 1456 694 1498 hyw
707 1465 910 1498 ensgrs--
932 1462 968 1489 ta
979 1458 1054 1490 vice
1065 1474 1143 1492 -w
1157 1460 1247 1492 veris
1258 1477 1309 1494 -υ
1330 1465 1368 1493 et
1380 1461 1427 1493 1²·
1439 1477 1490 1494 -υ
1514 1461 1591 1493 voni
1602 1479 1651 1485 —-

259 1518 466 1568 Secundus
483 1531 575 1557 vero
592 1519 758 1571 quisque
776 1529 837 1560 est
851 1521 1141 1569 Archilochius,
1158 1530 1345 1562 constans
1357 1537 1407 1563 ex
1425 1524 1650 1563 Penthemi-

206 1581 301 1620 meri
318 1582 502 1627 Iambica,
522 1581 564 1620 id
582 1590 657 1629 est,
678 1596 729 1621 ex
757 1583 890 1622 lambo
919 1583 982 1623 vel
1014 1585 1227 1635 Spondoeo,
1260 1586 1408 1634 lambo,
1426 1596 1467 1626 et
1485 1587 1649 1640 syllaba.

132 1668 137 1671 ν
210 1644 362 1683 Deinde
380 1657 402 1683 e
420 1646 543 1683 tribus
561 1645 774 1694 Trochoeis,
791 1646 855 1685 vel
874 1646 1073 1698 Spondaeo
1091 1648 1229 1687 ultimo
1245 1662 1256 1692 ;
1289 1650 1368 1687 sic:

289 1718 510 1752 Trahuntu-
538 1729 605 1762 que
619 1720 733 1754 sieu-
754 1729 849 1752 ω-
875 1720 984 1752 machi
1011 1737 1066 1755 -υ
1086 1731 1140 1753 noe
1159 1731 1268 1755 ‹ta-u
1294 1723 1448 1753 rina——

578 1778 660 1796 -νυ
728 1776 806 1796 *w
885 1781 938 1786 --
993 1779 1070 1796 -w
1133 1780 1184 1797 -υ
1206 1780 1255 1796 -υ
1296 1782 1347 1788 --

208 1855 345 1898 Quarti
364 1855 517 1905 generis
535 1854 624 1893 Ode
645 1869 725 1894 una
741 1869 753 1894 :

261 1918 344 1955 Lib.
362 1931 394 1956 1.
414 1917 502 1956 Ode
518 1920 561 1956 4.
616 1917 789 1957 Solvitur
807 1919 908 1957 aeris
921 1918 1059 1972 hyems
1076 1926 1189 1971 grata
1205 1920 1293 1958 vice
1309 1922 1407 1960 veris
1426 1930 1466 1961 et
1485 1923 1647 1962 Favoni.

260 1981 478 2025 Qum-run
495 1992 665 2019 esicus:
690 1987 736 2018 ut
754 1993 786 2018 1.
804 1979 883 2019 Od.
903 1982 943 2020 5.
961 1994 1052 2032 quoe
1070 1987 1131 2020 est
1148 1981 1325 2021 Tricolos
1335 1984 1648 2037 Tetrastrophos.

200 2044 325 2083 Primi
341 2044 486 2095 quique
504 2043 584 2082 duo
602 2056 739 2083 versus
768 2050 862 2082 sunt
887 2043 1151 2096 Asclepiadei,
1180 2045 1308 2097 qualis
1327 2047 1416 2086 ille:
1448 2048 1647 2089 Maecenas

206 2107 330 2146 atavis
346 2107 451 2146 edite
468 2107 642 2158 regibus.
697 2106 948 2145 scanduntur
966 2107 1069 2145 enim
1089 2109 1170 2147 sic:

332 2180 417 2213 Quis
430 2181 501 2212 mul
515 2198 569 2203 --
583 2184 620 2211 tn
635 2178 772 2220 gracilia
786 2194 888 2212 -υυ-
917 2184 952 2210 te
968 2189 1055 2220 puer
1070 2181 1103 2210 in
1118 2196 1217 2214 -w-
1245 2190 1321 2213 rosa
1333 2198 1384 2215 u-

332 2222 440 2254 Perfn
453 2240 506 2246 --
533 2231 589 2253 sus
602 2222 743 2264 liquidis
756 2236 859 2255 -w-
887 2227 988 2262 urget
1002 2222 1070 2254 odo
1084 2238 1184 2256 -w-
1211 2223 1303 2255 ribus
1314 2240 1372 2258 w

256 2287 410 2326 Tertius
446 2294 576 2325 autem
615 2286 782 2338 quisque
811 2292 874 2324 est
904 2285 1176 2325 Pherecratius
1225 2287 1417 2326 Hernicus
1460 2288 1647 2329 Trimeter

206 2350 482 2389 Acatalectus:
501 2356 688 2388 constans
705 2362 728 2388 e
747 2349 959 2401 Spondeo,
980 2349 1167 2402 Dactylo,
1184 2357 1224 2388 et
1245 2350 1466 2401 Spondaeo;
1500 2351 1556 2390 sic
1569 2365 1581 2389 ε

545 2424 656 2456 Grato
668 2441 691 2447 —
702 2441 722 2447 -
746 2423 883 2465 Pyrrha
895 2423 959 2455 sub
971 2440 1049 2457 -w
1078 2428 1177 2455 antro
1191 2441 1245 2446 --

262 2489 436 2532 Quartus
454 2500 546 2525 vero
566 2488 731 2539 quisque
759 2494 823 2525 est
851 2485 1093 2537 Glyconius:
1127 2486 1252 2537 qualis
1278 2486 1365 2524 ille:
1404 2486 1470 2525 Sic
1489 2494 1527 2526 te
1543 2487 1647 2527 Diva

209 2557 346 2601 potens
366 2550 499 2601 Cypri.
552 2549 763 2588 Scanditur
777 2550 880 2588 enim
898 2549 973 2587 hoc
990 2549 1129 2587 modo:

378 2622 499 2655 Cuifla
515 2642 565 2647 --
595 2634 672 2655 vam
687 2624 922 2664 religas-w—
947 2633 1077 2655 comam
1095 2638 1156 2656 υυ

600 2684 653 2689 -··-
695 2682 795 2699 -w-
836 2682 934 2699 W
974 2681 1026 2698 υ-

597 2726 650 2732 -···
690 2723 793 2742 w
835 2724 937 2742 W
977 2724 1034 2740 υυ

688 2768 738 2773 --
779 2765 859 2782 τυυ
901 2768 951 2772 --

752 2809 803 2814 -“
845 2807 945 2824 ''w-
985 2806 1040 2824 w
