1916 3190
245 249 332 292 244
816 262 1081 294 Excunsus

243 353 375 386 luxuria
392 362 528 394 prorsus
542 352 711 389 diffluens.
759 354 875 395 Longe
899 353 1052 385 diversus
1074 357 1128 386 est
1147 355 1246 386 Paris
1269 353 1487 388 Homericus.
1530 355 1611 388 Non
1635 356 1696 388 ille

247 411 344 439 caret
362 408 504 447 virtute,
520 407 687 439 animosus
703 417 742 438 ac
759 406 857 438 fortis
872 411 927 439 est
942 407 1058 438 multis
1073 408 1179 447 locis;
1204 418 1237 440 v.
1253 417 1284 440 c.
1305 407 1339 439 in
1356 417 1470 449 pugna
1484 417 1560 441 cnm
1575 409 1696 441 Mene-

245 460 314 499 lao,
327 459 368 491 Il.
381 463 415 491 Γ.
428 461 501 491 ³28.
515 469 587 501 sqq.
601 469 701 501 qnam
714 459 854 490 heroica
869 464 905 490 et
919 468 1009 490 sanae
1023 459 1147 491 mentis
1160 460 1262 501 plena
1277 461 1389 492 oratio
1399 461 1568 502 praecedit
1581 471 1630 498 vs.
1642 466 1698 494 59.

246 522 319 554 sqq.
335 512 492 543 vulnerat
506 511 723 550 Diomedem,
743 515 781 543 A.
798 514 874 543 368.
918 512 1145 552 Eurypylum,
1167 512 1216 544 ib.
1240 515 1314 544 580.
1339 513 1487 555 loquitur
1501 517 1539 545 et
1553 515 1638 555 agit,
1657 518 1699 546 ut

248 565 312 604 vir,
327 569 367 596 N.
382 567 458 596 580.
493 564 729 596 Euchenorem
746 563 921 604 interficit,
942 563 989 595 ib.
1003 567 1078 596 668.
1121 564 1190 596 Sed
1211 569 1264 596 est
1286 564 1385 596 simul
1404 565 1559 606 pulcher,
1573 564 1699 598 formo-

248 627 316 657 sus,
331 618 479 659 elegans,
503 626 615 648 amore
640 615 799 655 affectus,
826 625 890 647 nec
914 620 984 647 tam
1006 625 1119 657 asper,
1136 626 1236 657 qnam
1257 617 1363 649 ceteri
1379 617 1523 657 heroem
1546 618 1603 659 qui
1620 627 1699 649 eum

248 670 377 702 idcirco
391 669 630 711 παρθενοπῖπαν,
645 668 786 709 ἄναλκιν,
807 669 980 708 waimari?
1002 669 1203 708 appellant:
1227 669 1307 711 quia
1328 670 1565 701 alienissimum
1583 670 1625 701 ab
1639 671 1700 701 he-

249 723 348 755 roicis
370 732 410 754 ac
434 722 628 754 Homericis
652 721 864 762 temporibus
886 720 1104 761 moribusque
1129 726 1215 762 erat,
1238 721 1380 753 delicias
1395 722 1430 753 in
1445 730 1560 753 amore
1574 721 1702 763 facere,

251 779 311 807 aut
324 775 579 816 exquisitim-em
595 774 740 815 aliquem
758 771 920 805 affectum
936 772 1128 813 concipere.

293 827 362 861 Qui
379 832 459 868 post
473 827 663 858 Homerum
684 836 738 858 res
751 826 916 866 Trojanas
932 830 1123 857 tractarunt
1137 825 1271 865 Poeta,
1286 826 1383 867 lyrici
1400 827 1553 867 inprimis
1575 837 1616 858 ac
1631 831 1700 858 tra-

250 879 331 921 gici,
345 880 399 911 vel
420 879 528 910 minus
551 879 604 910 vel
628 879 735 918 magia
761 882 975 910 recesserunt
996 878 1040 909 ab
1058 878 1221 910 Historiae
1243 878 1328 918 Εὐας
1354 888 1431 910 nam
1455 888 1516 919 pro
1531 888 1592 910 sno
1608 880 1700 920 qnis-

251 942 317 974 qne
333 932 474 964 consilio
492 930 696 971 ingenioque
710 930 928 961 characteres
944 930 1147 962 Homericos
1163 936 1200 962 st
1215 940 1314 962 omne
1331 931 1449 962 Iliadis
1464 938 1700 972 argumentum

250 990 429 1023 ornarunt,
452 983 640 1022 variarunt,
665 981 894 1014 inflexerunt:
918 986 955 1013 et
975 983 1009 1012 iu
1029 991 1278 1024 quamcumque
1299 983 1442 1014 formam
1457 982 1701 1015 diffluxerunt:

251 1037 342 1079 quod
364 1037 426 1074 illi,
441 1036 498 1077 qui
517 1034 733 1075 Heynianum
748 1033 943 1074 Virgilium,
965 1038 1003 1064 ut
1025 1043 1088 1073 par
1110 1038 1176 1070 est,
1196 1035 1352 1074 edidicit,
1371 1044 1415 1066 ex
1431 1036 1585 1067 Excursu
1608 1044 1633 1067 1.
1658 1036 1704 1067 ad

253 1090 330 1121 AEu.
356 1098 397 1120 u.
422 1087 631 1119 notissimum
660 1095 733 1118 esse
761 1085 876 1117 debet.
933 1085 1060 1127 Itaque
1085 1086 1128 1117 ab
1159 1086 1292 1118 illorum
1323 1087 1508 1119 Poetarum
1535 1088 1706 1120 nonnullis

252 1142 359 1172 multo
379 1140 504 1181 majore
532 1140 635 1171 etiam
664 1139 793 1170 virtute
820 1139 1001 1179 insignitus
1026 1138 1130 1170 fuisse
1155 1139 1254 1171 Paris
1276 1139 1433 1179 videtur3
1462 1139 1554 1182 quod
1579 1141 1633 1172 vel
1659 1149 1705 1172 ex

254 1194 358 1225 Ovid.
375 1194 461 1225 Her.
475 1202 552 1224 xvx.
567 1196 655 1224 extr.
671 1192 755 1223 item
771 1201 815 1224 ex
831 1191 975 1233 Hygini,
997 1191 1073 1234 (qui
1088 1201 1130 1223 ex
1146 1193 1319 1224 veteribus
1344 1193 1535 1234 Tragoediis
1559 1193 1706 1234 plurima

253 1245 459 1288 decerpsit,)
485 1246 618 1277 Fabula
634 1253 709 1276 xci.
725 1249 762 1276 et
775 1253 957 1276 ccnxxux.
980 1245 1121 1286 colligas
1135 1255 1144 1277 ε
1165 1245 1222 1276 alii
1239 1254 1334 1285 vero,
1354 1250 1391 1276 et
1407 1246 1528 1286 tragici
1543 1250 1579 1277 et
1594 1245 1706 1287 lyrici,

251 1301 302 1332 ita
327 1301 402 1342 ejus
429 1300 664 1330 characterem
691 1296 925 1337 diffluxerunt,
951 1303 990 1329 nt
1016 1298 1230 1329 mollissimus
1259 1298 1432 1330 Asiaticus
1455 1299 1556 1331 homo
1583 1299 1706 1331 exiret.

253 1353 341 1384 Sunt
366 1363 408 1383 ex
434 1352 559 1383 talibus
575 1351 740 1391 exemplis
757 1351 899 1390 plurima
916 1350 1099 1382 Poetarum
1117 1351 1316 1382 Latinorum
1334 1352 1412 1383 loca
1431 1361 1596 1392 expressa
1618 1352 1705 1392 (vid.

254 1405 352 1445 Virg.
369 1403 444 1435 AEn.
459 1412 512 1434 tv.
528 1405 603 1434 215.
625 1411 692 1433 xn-
707 1401 790 1443 99.),
812 1407 848 1433 et
875 1402 965 1433 hand
993 1402 1095 1433 dubie
1119 1403 1283 1434 Nostrum
1303 1404 1405 1434 etiam
1422 1404 1582 1435 Carmen.
1627 1405 1705 1437 Quo

253 1457 431 1498 pertinent
453 1465 588 1497 quoque
613 1459 780 1496 perpetua
795 1455 830 1486 iu
846 1455 1027 1486 universos
1037 1455 1214 1495 Trojanos,
1228 1459 1266 1486 nt
1281 1450 1397 1486 molles
1412 1460 1449 1487 et
1464 1454 1704 1497 effoeminatos,

255 1509 411 1550 conjecta
427 1507 564 1548 probra,
587 1512 664 1539 orta
689 1517 764 1538 cnm
790 1516 834 1538 ex
850 1506 942 1538 fama
965 1507 1009 1538 dc
1034 1516 1152 1538 eorum
1174 1508 1362 1548 opulentia,
1379 1512 1450 1539 tum
1465 1518 1508 1539 ex
1531 1508 1704 1550 Phrygum

255 1571 330 1594 cum
347 1561 411 1593 illis
426 1560 688 1602 permutatione,
703 1559 761 1600 qui
778 1560 860 1590 luxu
873 1564 911 1590 et
925 1559 1067 1590 mollitie
1082 1558 1227 1591 infames
1240 1564 1353 1600 eraut,
1369 1559 1459 1601 qnod
1476 1560 1574 1601 primi
1589 1561 1623 1592 iu
1639 1561 1707 1592 Mi-

257 1624 341 1646 nore
355 1613 440 1646 Asia
455 1613 576 1654 opibus
591 1612 814 1644 excellerent.

300 1667 343 1698 In
358 1666 527 1698 Helenam
548 1666 655 1697 multo
678 1665 782 1696 etiam
807 1664 1006 1705 injustiores
1026 1664 1126 1695 hodie
1148 1670 1240 1696 sunt.
1281 1664 1495 1706 Impudicam
1517 1666 1579 1698 sibi
1602 1667 1706 1704 illam,

257 1721 436 1761 impuram,
453 1719 693 1760 abjectamque
708 1727 748 1749 ac
763 1722 956 1758 protervam
973 1716 1118 1758 fingunt,
1142 1727 1218 1758 quae
1234 1717 1346 1749 animo
1361 1717 1428 1748 levi
1443 1727 1484 1751 ac
1499 1718 1534 1749 iu
1549 1719 1705 1751 maritum

259 1772 390 1814 perfido
404 1772 520 1804 statim
543 1771 701 1813 ultroque
722 1774 842 1802 secuta
855 1769 901 1801 sit
916 1769 1079 1801 Paridem
1095 1769 1336 1801 abducturum.
1378 1769 1488 1801 Plane
1502 1769 1568 1801 hoe
1584 1779 1710 1812 repug-

258 1830 318 1857 nat
332 1825 383 1857 illi
398 1825 470 1866 ejus
485 1824 690 1862 characteri,
705 1832 805 1865 quen:
819 1829 863 1854 ex
879 1821 1027 1863 antiquis
1042 1821 1268 1862 scriptoribus
1279 1821 1378 1853 nobis
1391 1820 1522 1863 fingere
1535 1822 1708 1855 debemus.

259 1878 315 1910 Ibi
330 1878 419 1910 enim
430 1887 504 1909 eam
515 1877 731 1918 agnoscimus
745 1875 1006 1917 pulcherrimam
1019 1884 1084 1906 nou
1101 1875 1220 1910 solum,
1230 1874 1290 1906 sed
1302 1879 1338 1906 et
1345 1874 1537 1914 honestam,
1545 1884 1709 1907 verecun-

259 1931 350 1970 dam,
371 1940 410 1961 ac
431 1930 555 1961 nobilis
571 1930 671 1961 animi
686 1929 872 1968 foeminam,
886 1938 963 1970 quae
978 1929 1173 1960 Menelaum
1188 1927 1386 1959 constanter
1399 1931 1543 1968 amaret,
1558 1937 1634 1969 quae
1650 1929 1711 1960 dia

261 1984 432 2014 reluctata
446 1982 588 2012 cederet
608 1980 748 2012 tandem
763 1980 905 2012 formosi
921 1980 1106 2021 blandique
1131 1979 1268 2011 Paridis
1288 1979 1470 2016 illecebris.
1486 1980 1658 2022 invitoque
1674 1985 1712 2012 et

261 2033 407 2066 attonito
423 2033 546 2074 potius,
570 2042 668 2073 quam
683 2033 765 2063 laeto
781 2032 904 2068 animo,
919 2031 964 2062 ab
980 2041 1021 2062 eo
1037 2031 1278 2064 abduceretur.
1323 2030 1380 2064 ef.
1395 2031 1499 2064 Ovid.
1513 2032 1601 2064 Her.
1618 2041 1711 2064 xvxi.

262 2087 355 2120 Hinc
372 2086 526 2127 plurimae
543 2086 610 2116 inae
626 2086 799 2125 lacrymae,
817 2084 896 2114 hinc
916 2083 975 2114 illa
991 2083 1206 2123 poenitentia,
1221 2083 1278 2114 ille
1296 2083 1418 2123 pudor,
1433 2084 1517 2115 illud
1531 2085 1710 2125 insupera-

261 2141 332 2173 bile
348 2138 470 2180 prioris
485 2138 548 2169 viri
565 2137 781 2173 desiderium,
796 2136 886 2177 quod
902 2136 936 2167 in
951 2135 1085 2167 Helena
1101 2135 1286 2166 Homerica
1300 2140 1336 2166 et
1350 2135 1538 2175 Euripidea
1552 2137 1711 2168 observa-

265 2198 340 2225 tur:
359 2191 428 2223 vid.
443 2190 585 2222 Homer.
602 2189 646 2221 11.
661 2193 694 2221 r.
710 2192 784 2221 140.
799 2192 874 2220 1⁷2.
889 2192 926 2219 et
940 2188 1063 2219 nobilis
1078 2188 1172 2219 locus
1187 2187 1256 2219 vid.
1273 2190 1348 2219 ³99.
1365 2196 1442 2229 sqq.
1458 2188 1540 2218 item
1556 2188 1711 2229 Euripidi

263 2243 389 2277 Troad.
401 2246 478 2276 919.
494 2253 565 2285 sqq·
601 2242 700 2274 Idem
714 2241 895 2283 Euripides
911 2241 1055 2272 Heleuae
1070 2240 1298 2272 innocentiam
1310 2239 1453 2276 Fabula,
1466 2249 1542 2281 quae
1558 2240 1634 2280 ejus
1649 2249 1710 2272 no-

265 2306 344 2328 men
359 2295 514 2337 praefert,
536 2295 779 2334 declaraturus,
802 2297 875 2325 toto
897 2292 1032 2334 quidem
1048 2292 1133 2323 coelo
1148 2292 1190 2323 ab
1207 2292 1390 2323 Homerica
1405 2292 1597 2323 narratione
1612 2291 1711 2323 aber-

267 2353 333 2390 rat,
353 2348 414 2380 sed
439 2354 553 2379 tamen
576 2356 644 2378 non
669 2346 837 2387 potuisset
861 2345 910 2377 sic
936 2353 1008 2375 cam
1032 2343 1238 2384 describere,
1260 2344 1323 2375 nisi
1347 2343 1562 2374 verecundiae
1577 2344 1712 2375 nomine

266 2407 349 2433 nota
374 2399 507 2432 fuisset.
553 2399 675 2440 Neque
699 2399 757 2430 alii
783 2397 903 2430 Poetae
931 2398 1034 2429 talem
1062 2397 1138 2439 ejus
1164 2396 1449 2437 vituperationem
1472 2395 1612 2436 habent,
1631 2397 1712 2437 nisi,

267 2454 357 2496 qnod
383 2462 519 2485 causam
544 2450 684 2483 fatalem
709 2450 814 2483 fuisse
833 2450 952 2482 dicunt
965 2458 1093 2481 eversae
1108 2447 1232 2489 Trojae.
1275 2448 1317 2479 In
1333 2448 1407 2488 ipso
1422 2453 1538 2479 nostro
1554 2448 1713 2480 Carmine

269 2507 351 2538 nihil
367 2515 443 2537 cum
459 2504 590 2537 invidia
605 2508 664 2536 ant
679 2507 853 2536 contemtu
869 2503 1030 2535 adversus
1045 2502 1137 2534 illam
1152 2500 1281 2533 dictum
1297 2500 1462 2542 reperias.
1499 2500 1667 2541 Denique,
1683 2500 1712 2531 si

275 2559 354 2600 qnid
378 2560 411 2589 in
436 2568 472 2590 se
495 2557 632 2589 admisit
655 2556 741 2597 vitii,
766 2555 848 2588 illud
868 2564 966 2587 omne
991 2554 1034 2586 ad
1049 2553 1248 2586 muliebrem
1269 2552 1540 2585 imbecillitatem
1562 2550 1713 2584 referen-

271 2611 349 2642 dum
372 2612 450 2642 erit.
