1916 3190
309 272 394 315 116
791 286 833 324 Q.
866 285 1077 316 HoRA'rn
1110 287 1286 319 nmo-01

479 379 614 421 Tibia
634 381 772 422 sumis
791 380 1026 431 celebrare,
1048 381 1146 424 Clio
1162 384 1182 423 'l

480 445 629 497 Quem
652 447 827 488 Deum?
859 446 989 502 cujus
1009 449 1172 490 recinet
1185 449 1346 503 jocosa

819 513 1001 555 Nomen
1014 514 1178 569 imago,

292 618 405 660 fistula
415 618 432 652 ί)
454 621 586 661 Eccujus
600 623 706 653 laudes
719 623 873 654 resonabit
887 623 1060 654 similitudo
1075 623 1207 662 ludicra,
1228 634 1282 657 seu
1296 625 1330 656 in
1345 624 1470 664 regione
1480 623 1650 664 umbrifera
1663 623 1756 656 Heli-

900 717 1140 730 ‘emeno‘

302 779 450 820 Hymnus
469 781 508 811 de
529 780 688 813 Laudibus
711 782 851 813 Deorum
873 785 964 822 atque
989 782 1185 820 Hominum
1208 783 1283 814 alii:
1308 784 1359 815 De
1385 783 1544 815 Laudibus
1564 783 1702 823 plurium
1722 786 1754 814 et

301 822 440 861 Augusti
463 823 621 860 maxime;
657 825 815 855 Torrent.
838 824 890 855 De
911 824 1050 863 Augusti
1076 825 1296 856 laudibus.-—2
1321 824 1415 856 Leid.
1441 825 1559 857 Graev.
1575 825 1753 866 antiquiss.

300 864 423 896 Bland.
439 874 492 903 ap.
511 865 616 904 Cruq.
635 866 750 906 plures
766 866 935 901 Lambini,
950 866 1096 898 Mentel.
1107 867 1221 898 Pulm.
1236 870 1269 899 4.
1284 868 1406 907 Regin.
1422 877 1483 908 pro
1502 877 1531 898 v.
1548 867 1569 898 Ι.
1582 876 1658 898 cum
1673 867 1752 898 edd.

302 905 419 938 Lamb.
449 906 554 947 Cruq.
582 908 745 939 Torrent.
771 908 892 940 Heius.
921 908 1038 948 Steph.
1068 908 1154 939 Fab.
1182 909 1309 941 Daeer.
1344 918 1445 940 amnes
1456 919 1470 946 ‚·
1509 918 1626 940 omnes
1655 908 1754 940 Harl.

299 947 429 984 Acron,
445 949 574 988 Porph.
590 949 701 981 Pulm.
718 953 748 981 1.
764 952 797 981 2.
813 953 846 981 3.
867 959 985 981 ornnes
998 951 1155 982 Tou-rent.
1181 951 1317 992 plurimi
1340 951 1458 982 Bentl.
1470 951 1606 992 quidam
1631 951 1752 982 Lemb.

302 990 404 1021 Desa.
433 991 540 1022 Brod.
565 992 704 1023 Venett.
730 994 826 1023 1477.
850 994 945 1023 1478.
969 995 1065 1023 1479.
1086 993 1178 1024 Flor.
1196 996 1292 1024 1482.
1314 992 1458 1025 Ascens.
1480 993 1622 1024 Locher.
1649 993 1752 1026 Febr.

298 1030 412 1063 Bentl.
428 1032 532 1064 Baxt.
549 1032 635 1064 Cun.
651 1034 734 1065 San.
758 1033 899 1073 Bipont.
915 1034 1062 1065 Wetzel.
1077 1031 1214 1065 Wakef.
1226 1039 1262 1066 et
1283 1034 1389 1066 Kidd.
1404 1034 1576 1066 samia—8
1602 1034 1701 1067 Harl.
1717 1038 1752 1068 4.

296 1074 412 1105 retinet
423 1084 437 1111 ‚·
471 1075 583 1105 Pulm.
604 1077 634 1107 1.
648 1078 680 1107 2.
705 1075 840 1117 quidam
856 1075 1019 1106 'ron-rent.
1035 1074 1108 1107 Alt.
1127 1079 1156 1108 1.
1175 1076 1267 1117 Lips.
1283 1076 1366 1115 duo,
1389 1076 1488 1108 Gott.
1502 1076 1643 1108 Veneti.
1655 1077 1749 1108 149⁰.

298 1118 395 1147 1492.
421 1118 562 1148 Ascens.
579 1122 615 1148 et
630 1117 733 1150 Baxt.
747 1118 860 1148 recinit
873 1127 885 1154 ‚·
908 1117 1000 1158 Lips.
1016 1120 1045 1149 l.
1062 1127 1082 1148 a
1098 1127 1143 1150 m.
1159 1127 1212 1160 pr.
1228 1117 1362 1150 Fabric.
1378 1119 1511 1150 Erasm.
1525 1118 1668 1150 Vaseos.
1683 1118 1751 1150 Be·

295 1157 375 1189 ned.
390 1163 426 1189 et
443 1159 566 1190 Philol.
582 1159 703 1191 recinat
712 1170 724 1197 ;
757 1160 902 1200 Cuning.
915 1160 1006 1200 conj.
1021 1162 1141 1191 resonet
1151 1170 1163 1197 ,·
1196 1160 1257 1192 sed
1272 1162 1390 1192 recinet
1404 1159 1530 1192 babent
1547 1160 1624 1192 Urs.
1645 1161 1749 1192 Toru.

297 1200 415 1232 Lamb.
431 1202 541 1232 Pulm.
557 1204 588 1232 2.
602 1205 635 1234 4.
662 1211 746 1233 unus
768 1202 926 1234 Torreat.
952 1202 1130 1243 antiquiss.
1151 1203 1275 1235 Bland.
1302 1203 1408 1245 Cruq.
1432 1203 1580 1236 Mentel.
1604 1203 1749 1236 Loclier.

949 1297 1091 1331 NOTAE

337 1371 488 1402 Metrum
505 1371 595 1402 idem
610 1371 699 1413 qnod
715 1381 819 1413 supra
835 1371 967 1404 oden.

337 1425 354 1453 l
381 1422 480 1458 Quem
501 1420 625 1462 Virum]
648 1421 759 1453 Plena
781 1425 836 1452 est
858 1422 942 1453 artis
958 1425 994 1454 et

292 1470 537 1512 elegantiarum
553 1471 626 1502 baec
641 1470 739 1503 Ode:
755 1471 839 1502 artis
854 1470 992 1513 quidem

292 1530 333 1552 eo
360 1521 434 1561 plus
463 1520 578 1560 habet,
605 1530 671 1562 quo
695 1525 843 1561 apparet
868 1520 990 1552 miuus.

291 1569 489 1611 Elegantius
513 1575 639 1607 autem,
662 1571 809 1612 lepores,
825 1580 864 1602 ac
890 1579 990 1602 vene-

289 1628 345 1651 res
368 1618 500 1652 affatim
522 1620 744 1660 agglomerat.
787 1619 920 1660 Figuris
939 1620 989 1651 lu-

290 1675 359 1711 cet,
375 1670 543 1702 varietate
562 1670 791 1711 distinguitur,
806 1679 917 1701 rerum
937 1674 989 1701 at-

289 1730 355 1762 que
373 1720 552 1753 verborum
569 1721 671 1762 copis
681 1725 718 1752 et
734 1719 988 1761 pulchritudine

289 1770 386 1802 dives
416 1777 490 1802 est:
535 1770 620 1802 mira
648 1769 786 1811 insuper
814 1769 988 1802 suavitate

287 1819 459 1852 conditur.
504 1820 622 1860 Fingit
640 1819 802 1851 Horatius
824 1824 929 1850 oestro
949 1829 986 1851 se

287 1875 486 1910 correptum
523 1870 671 1910 poetico,
700 1869 840 1909 dignum
873 1869 987 1900 ardori

287 1917 367 1949 huic
396 1918 509 1949 divino
549 1924 785 1958 argumentum
817 1928 985 1960 quaerere.

289 1966 381 1997 Hinc
412 1966 557 2006 Augusti
584 1976 687 2006 grave
722 1967 810 1998 texit
839 1968 985 2007 elogium

285 2025 329 2047 ex
346 2015 550 2056 conglobata
565 2016 671 2046 veluti
693 2015 875 2047 artificiosa
894 2023 984 2047 com-

285 2066 475 2106 paratione.
534 2065 736 2105 Quanquam
774 2064 863 2095 enirn
894 2064 983 2105 Diis,

284 2114 462 2150 Semideis,
490 2124 530 2146 ac
564 2114 645 2145 viris
682 2113 871 2145 illustribus
907 2123 983 2145 suas

285 2164 402 2207 laudes
415 2173 482 2196 non
498 2168 614 2204 negat,
629 2163 791 2195 collineat
810 2167 921 2195 tamen
941 2173 984 2195 ac

285 2214 408 2246 recidit
423 2223 464 2246 eo
481 2213 632 2252 tandem,
648 2216 686 2244 ut
698 2211 888 2253 Augustum
901 2222 981 2254 qua-

283 2263 313 2296 si
327 2264 448 2297 Jovem
466 2264 611 2295 alterum
624 2263 822 2295 constituat.
865 2262 983 2295 Simile

285 2313 489 2345 adulationis
510 2322 614 2352 genus
637 2312 670 2344 in
693 2311 837 2353 eundem
853 2311 984 2352 Augus-

285 2367 356 2395 tum
378 2363 481 2395 habet
506 2362 667 2403 Virgilius
689 2362 850 2403 Georgic.
873 2362 980 2402 initio,

285 2418 321 2445 et
344 2413 380 2445 in
404 2412 472 2444 fine
501 2412 580 2444 libri
603 2413 713 2454 primi.
767 2413 848 2444 Huc
875 2413 979 2444 etiam

283 2461 370 2494 facit
385 2462 475 2504 quod
492 2471 535 2492 ex
547 2462 661 2494 Dione
676 2459 736 2494 lib.
749 2470 797 2493 m.
813 2458 978 2500 afferunt3

282 2512 440 2543 nimirum
469 2516 547 2552 post
579 2510 755 2543 Actiacam
789 2509 978 2549 victoriam,

283 2561 459 2592 decretum
474 2571 493 2592 a
503 2561 632 2592 Senatu
647 2559 763 2600 fuisse,
773 2560 858 2592 utin
874 2560 978 2600 Hym-

283 2611 335 2641 nis
350 2611 543 2642 solennibus
568 2611 713 2652 Augusti
735 2610 862 2642 mentio
878 2608 978 2642 fieret

282 2659 476 2699 honorifica,
501 2660 644 2701 perinde
674 2670 713 2693 ac
741 2659 891 2691 Deorum
916 2658 976 2690 im-

282 2709 484 2740 mortalium.
529 2710 591 2740 Est
619 2710 724 2750 igitur
747 2709 902 2751 Hymnus
923 2709 978 2741 hic

282 2758 326 2790 de
343 2768 469 2800 genere
482 2770 610 2800 eorum,
623 2761 680 2802 qui
696 2760 814 2793 diebus
825 2759 921 2792 festis
936 2769 976 2791 ac

284 2808 443 2850 profestis
460 2810 535 2841 cani
554 2810 709 2842 solebant
735 2811 824 2842 inter
845 2810 975 2852 epulas,

1048 1373 1090 1404 ad
1108 1372 1225 1405 tibiam
1242 1374 1407 1413 lyramve,
1424 1377 1514 1405 teste
1531 1371 1676 1404 Horatio
1692 1381 1744 1404 tv.

1047 1421 1125 1453 Ode
1141 1425 1193 1454 15.
1217 1422 1305 1453 Vide
1320 1422 1367 1453 ibi
1385 1423 1466 1454 Not.

1091 1472 1190 1508 Quem
1212 1472 1325 1512 virum,
1348 1474 1405 1503 aut
1427 1470 1531 1511 heroa,
1552 1469 1623 1513 qu]
1655 1471 1744 1504 Con-

1046 1525 1100 1553 tra
1115 1521 1284 1553 Pindarus
1300 1522 1440 1563 Olymp.
1462 1521 1532 1554 Od.
1550 1529 1591 1553 ιι.
1606 1521 1616 1539 ‘
1633 1522 1743 1555 Quem

1044 1572 1173 1612 Deum,
1182 1581 1281 1613 quem
1293 1571 1409 1611 heroa,
1420 1580 1518 1613 quem
1531 1571 1638 1602 virum
1652 1571 1742 1603 cele-

1045 1620 1178 1661 brabo‚'
1196 1627 1274 1664 uter
1296 1622 1438 1653 melior?
1465 1621 1576 1653 lector
1597 1621 1743 1662 erudite,

1038 1669 1170 1710 judica.
1206 1670 1293 1702 Mihi
1308 1669 1444 1711 quidem
1460 1669 1572 1711 potior
1584 1670 1742 1702 videatur

1043 1719 1200 1759 gradatio
1214 1719 1350 1751 Horatii
1365 1719 1408 1751 ab
1418 1719 1553 1750 bomine
1567 1718 1611 1750 ad
1620 1719 1741 1752 heroas

1043 1779 1083 1801 ac
1098 1770 1207 1810 Deos,
1217 1779 1318 1811 quam
1334 1769 1517 1801 descensus
1530 1769 1587 1800 ille
1600 1769 1741 1802 Pindari

1041 1820 1084 1852 ab
1099 1819 1344 1865 immortalibus
1359 1819 1404 1851 ad
1417 1820 1592 1851 mortales.

1083 1870 1183 1912 Lyra,
1208 1871 1258 1902 vel
1278 1870 1344 1901 acri
1368 1868 1477 1910 Tibia]
1506 1868 1630 1910 Lyram
1660 1877 1739 1901 cum

1041 1920 1126 1951 tibia
1147 1921 1291 1961 jungere
1319 1918 1480 1951 amabant
1506 1921 1653 1957 veteres,
1681 1918 1739 1949 iun

1039 1968 1185 2000 dulciori
1208 1978 1324 2000 sonum
1346 1968 1447 2008 hujus
1463 1967 1627 1999 acriorem
1648 1966 1738 1998 bene

1039 2021 1266 2058 temperante.
1299 2017 1368 2048 Alii
1384 2017 1434 2048 sic
1445 2017 1640 2058 explicant:
1656 2016 1739 2048 ear-

1038 2065 1129 2096 mine
1144 2066 1280 2104 Lyrico‚
1296 2066 1391 2096 suavi
1407 2071 1444 2097 et
1458 2066 1646 2106 moderato,
1660 2066 1735 2098 Diis

1038 2123 1078 2145 ac
1088 2114 1247 2146 heroibus
1257 2113 1420 2145 cauendis
1430 2114 1554 2145 idoneo
1562 2125 1573 2146 ι
1590 2115 1644 2145 vel
1656 2115 1738 2156 Epi.

1036 2173 1077 2195 co
1089 2164 1248 2204 graviori,
1256 2163 1527 2205 sublimiorique‚
1543 2163 1674 2195 bellicis
1685 2166 1735 2196 vi-

1037 2222 1149 2244 rorum
1159 2213 1320 2245 nobilium
1329 2211 1535 2259 facinoribus
1543 2211 1732 2245 referendis

1036 2263 1303 2295 accommodato.
1339 2262 1428 2294 Vide
1443 2262 1555 2304 Epist.
1574 2261 1618 2295 ad
1635 2259 1734 2296 Piso·

1034 2321 1093 2343 nes
1109 2322 1159 2343 vs.
1175 2314 1228 2344 73.
1242 2317 1278 2344 et
1293 2312 1347 2345 83.

1077 2365 1097 2394 2
1123 2363 1209 2403 Clio]
1232 2362 1332 2394 Hanc
1356 2372 1375 2394 e
1399 2361 1509 2394 Musis
1532 2367 1615 2403 apte
1635 2362 1731 2395 invo-

1034 2418 1102 2452 cat,
1134 2413 1260 2454 quippe
1289 2423 1365 2454 quae
1394 2412 1512 2454 praesit
1543 2412 1730 2446 laudationi

1033 2462 1180 2493 virorum
1202 2463 1405 2501 illustrium;
1436 2454 1556 2503 quibus
1578 2467 1615 2494 et
1639 2463 1730 2495 cele-

1031 2510 1193 2542 britatem
1210 2512 1355 2542 nominis
1375 2516 1411 2542 et
1435 2511 1726 2544 immortalitatem

1030 2559 1187 2592 conferre
1200 2560 1324 2592 dicitur
1336 2570 1345 2591 ι
1359 2558 1464 2596 κλείω,
1473 2561 1574 2598 buado,
1582 2560 1728 2592 celebrem

1029 2612 1142 2642 reddo.-
1167 2609 1261 2643 κλέος
1283 2615 1319 2642 et
1343 2612 1458 2650 κλεΐος,
1469 2610 1576 2651 sumu,
1591 2610 1726 2642 nominis

1027 2662 1179 2702 splendor.
1201 2661 1322 2703 virgil.
1341 2661 1384 2692 de
1401 2662 1510 2693 Musis
1527 2660 1725 2702 [Ausonius²

1029 2711 1141 2752 Edyll.
1167 2710 1246 2751 xx.]
1265 2722 1274 2742 ε
1315 2712 1325 2729 ‘
1343 2711 1417 2743 Clio
1452 2716 1550 2751 gesta
1583 2719 1722 2751 canens,

1031 2760 1213 2793 transactis
1229 2765 1383 2801 tempora
1398 2760 1533 2792 reddit!

1069 2812 1089 2841 3
1114 2810 1213 2850 Cujus
1226 2810 1343 2841 recinet
1348 2809 1455 2848 jocosa
1470 2809 1586 2842 Nomen
1600 2807 1719 2849 imago]

1880 2005 1916 2355 ἱ
