1916 3190
256 232 344 275 324

745 247 790 282 Q.
822 242 1033 273 HoRA'ru
1066 241 1239 273 FLAcct

492 341 756 395 Fractisque
776 339 901 381 rauci
918 337 1132 380 fluctibus
1150 335 1305 378 Adriae
1323 350 1335 388 ς

549 408 728 451 Frustra
747 420 827 461 per
847 406 1098 448 Autumnus
1118 411 1348 446 nocentem

1661 407 1718 448 15

601 475 877 529 Corporibus
898 479 1146 515 metuemus
1165 471 1406 514 Austrum:

487 540 719 584 Visendus
740 546 833 584 ater
850 543 1027 584 flumine
1046 539 1253 594 languido
1590 573 1607 581 ,

487 609 688 664 Cocytos
707 622 870 660 errans,
888 613 931 651 et
952 607 1102 650 Danai
1122 620 1263 662 genus

260 739 425 771 Adriatici
438 738 617 777 frementis.

662 739 823 771 Incassum
845 738 1019 770 cavebimus
1040 738 1162 769 Notum
1179 736 1358 778 corporibus
1382 737 1512 769 noxium
1535 735 1720 769 Autumnun

259 785 456 824 tempestate.
479 783 650 815 adeundus
659 782 751 823 niger
760 782 896 823 Cocytus
904 782 987 813 lenta
992 781 1101 823 fluens
1110 789 1203 822 aqua,
1216 780 1380 821 Danaique
1390 781 1490 822 stirps
1499 781 1719 814 conscelerata,

863 864 1002 878 “Nl'‘
1006 864 1103 877 ,θ’θ’

261 939 333 961 mus
354 930 442 971 conj.
463 930 566 962 etiam
593 931 735 963 Gruter.
759 930 860 962 Misc.
888 929 983 970 Lips.
1006 936 1064 960 111.
1081 930 1156 960 501.
1159 931 1246 960 —16
1262 927 1371 961 ‘Post
1394 928 1549 961 Austrum
1573 938 1642 961 non
1669 933 1723 961 est

263 978 443 1012 punctum,
470 973 531 1004 sed
554 974 652 1004 colon
680 973 896 1013 ponendum3
920 981 1012 1009 nam,
1038 980 1115 1010 quae
1146 975 1349 1012 sequuntur,
1374 971 1540 1012 apodosin
1568 970 1726 1005 faciunt!

259 1015 350 1046 dani.
353 1018 438 1046 —17
468 1015 624 1047 Visendus
647 1019 751 1046 autem
777 1012 973 1046 Helmstad.
975 1015 1061 1044 —18
1086 1013 1222 1053 Cocytus
1245 1013 1344 1045 Harl.
1360 1016 1393 1044 1.
1409 1016 1441 1045 2.
1455 1015 1537 1046 ³.4.
1551 1017 1583 1045 5.
1597 1016 1630 1046 6.
1653 1014 1724 1055 alii,

261 1062 297 1087 et
313 1057 392 1088 edd.
412 1062 496 1088 vett.
521 1067 597 1088 cum
622 1055 758 1089 Wakef.
803 1057 935 1097 Cocytos
962 1054 1109 1089 Mentel.
1136 1055 1205 1086 duo
1219 1055 1444 1094 Bersmanni,
1468 1055 1582 1095 Lipss.
1598 1058 1629 1088 1.
1643 1058 1676 1088 2.
1690 1059 1723 1088 8-

261 1098 362 1131 Dess.
382 1103 413 1131 l.
436 1099 587 1132 Bentleii
603 1099 701 1131 Leid.
725 1098 859 1131 Zulich.
884 1097 1008 1139 Regin.
1026 1097 1188 1129 Petrens.
1205 1097 1361 1138 Magdal
1378 1097 1457 1131 Gal.
1472 1102 1509 1130 et
1524 1097 1624 1130 Bodl.
1638 1098 1723 1131 item

915 1171 1060 1206 No'rAE

303 1250 345 1279 14
370 1247 500 1280 Fractis
518 1249 690 1290 fluctibus]
726 1249 854 1290 Virgil.
886 1248 962 1280 AEu.

259 1305 287 1328 ι.
301 1300 374 1329 165.
397 1299 408 1316 ‘
422 1298 530 1330 omnis
547 1298 591 1330 ab
608 1299 678 1330 alto
694 1299 892 1340 Frangitur,
913 1298 964 1328 in-

258 1356 326 1388 que
356 1348 449 1379 sinus
473 1348 601 1380 scindit
624 1358 700 1381 sese
726 1349 817 1380 unda
841 1348 962 1379 reduc-

259 1396 337 1427 tos!

258 1443 261 1460 ³
296 1446 417 1488 Rauci]
426 1446 644 1479 Hori-endum
656 1447 847 1484 frementis,
859 1456 965 1489 quan-

259 1496 304 1528 do
327 1501 499 1529 tumentes
514 1497 639 1530 fluctus
662 1499 705 1531 ad
722 1499 880 1540 scopulos
901 1498 966 1530 illi-

260 1546 400 1588 duntur,
413 1549 545 1590 ingenti
562 1550 675 1582 sonitu
687 1555 724 1582 et
739 1549 890 1591 fragore.

302 1596 431 1638 Δεινίας]
452 1598 565 1640 Supra
580 1599 649 1631 od.
667 1608 720 1631 xx.
735 1602 768 1631 2.

305 1651 345 1679 1⁵
370 1649 437 1680 Per
452 1649 628 1682 Autumnus
642 1653 801 1681 nocentem
819 1649 966 1689 Corpori-

260 1699 318 1730 bus
330 1698 501 1740 Austrum]
533 1699 711 1732 Autumno
728 1699 864 1741 quidem
877 1708 966 1730 mor·

259 1749 293 1781 bi
318 1759 454 1790 semper
468 1750 656 1782 acutissimi
675 1755 712 1783 et
734 1750 907 1790 exitiales,
922 1759 966 1781 ex

259 1799 468 1840 Hippocrat.
483 1799 615 1841 Aphor.
630 1809 688 1832 111.
699 1803 731 1833 9.
757 1800 848 1832 Hinc
860 1800 882 1833 J
886 1809 966 1832 uve-

260 1850 329 1881 nal·
345 1850 479 1882 Sat.1v.
491 1851 567 1883 56.‘
580 1849 776 1883 letiferum'
793 1851 964 1892 appellat:

260 1907 297 1931 et
324 1901 397 1932 Sat.
419 1910 455 1932 x.
479 1904 556 1933 221.
578 1902 695 1935 ‘Quot
718 1901 904 1933 Themison
920 1911 966 1932 ae·

261 1959 340 1990 gros
377 1949 551 1982 Autumno
581 1951 751 1983 occiderit
788 1951 879 1982 uno-⁹
924 1950 966 1982 In

261 2009 366 2031 causa
381 2005 461 2031 suut
476 2000 692 2041 inaequalitas
715 2001 840 2032 caloris
855 2005 891 2032 et
906 2000 967 2032 fri-

261 2049 353 2089 goris
368 2048 489 2080 eodem
503 2050 629 2090 saeptus
650 2050 706 2081 die
725 2050 966 2090 ingruentium.

264 2098 400 2131 Deinde
417 2098 530 2130 a²stati
544 2099 734 2139 successio;
757 2100 791 2130 in
810 2109 876 2140 qua
892 2099 967 2131 bili-

262 2148 313 2180 osi
342 2149 500 2180 humores
529 2149 739 2180 accumulati
760 2149 839 2180 dein
865 2149 968 2181 facile

262 2202 560 2239 computrescunt.
604 2197 704 2229 Adde
731 2198 818 2229 cutis
844 2199 969 2230 consti-

263 2250 439 2290 pationem
463 2258 483 2280 a
510 2246 651 2289 frigore,
675 2257 736 2288 per
760 2257 861 2289 quam
885 2248 967 2279 tetri

264 2300 391 2331 halitus
420 2299 616 2330 retinentur
641 2298 748 2338 intus,
769 2303 811 2330 et
834 2297 967 2329 morbos

263 2353 398 2382 creant.
428 2348 587 2390 Denique
600 2347 787 2387 debilitatae
798 2357 860 2389 per
869 2352 967 2379 aesta-

265 2404 337 2431 tem
358 2399 447 2431 vires
464 2398 631 2439 corporis,
654 2396 895 2439 fructuumque
910 2407 967 2430 co-

265 2449 326 2491 pia
355 2448 534 2481 noxiorum
568 2447 745 2479 humorum
786 2447 968 2479 colluviem

269 2500 426 2541 gignens,
458 2498 673 2531 Autumnum
711 2507 790 2528 vere
828 2496 968 2539 θηριώδη,

260 2551 417 2590 sev-inum,
429 2549 473 2581 ab
485 2549 702 2590 Hippocrate
717 2548 785 2579 dici
803 2546 970 2581 fecerunt.

268 2601 399 2632 Oausas
421 2599 571 2631 afferunt
586 2600 669 2630 istas
682 2598 832 2639 quinque
846 2598 970 2630 Galen.

269 2650 407 2691 aliique,
432 2658 497 2681 nec
520 2658 587 2680 non
613 2647 790 2680 Plutarch.
815 2648 970 2689 Sympos.

269 2708 357 2731 vm.
371 2709 447 2740 cap.
463 2699 525 2731 ult.

315 2751 357 2781 16
373 2748 544 2790 Austrum]
561 2748 674 2790 Hujus
689 2752 811 2780 natura
823 2757 899 2781 cum
915 2757 971 2781 ca-

1017 1246 1089 1279 lida
1105 1247 1151 1279 sit
1163 1253 1201 1280 et
1212 1248 1365 1292 humida,
1378 1249 1470 1283 valet
1482 1250 1524 1283 ad
1539 1259 1724 1292 procrean-

1018 1297 1078 1329 das
1104 1299 1340 1340 aegritudines,
1367 1300 1638 1343 replendumque
1664 1310 1722 1332 ca-

1018 1352 1093 1389 put,
1108 1348 1255 1390 indeque
1271 1350 1312 1381 ad
1326 1350 1544 1390 gravedinem
1558 1350 1723 1382 inducen-

1017 1397 1110 1436 dam,
1127 1408 1245 1429 sensus
1270 1404 1411 1446 torpore
1433 1399 1647 1439 inficiendos,
1673 1400 1723 1431 vi·

1018 1456 1141 1488 resque
1169 1448 1404 1480 dissolvendas
1431 1453 1469 1480 et
1494 1448 1721 1481 enervandas.

1019 1495 1230 1537 Hippocrat.
1260 1497 1393 1538 Aphor.
1422 1507 1479 1530 ιιι.
1504 1502 1535 1530 5.
1566 1498 1577 1515 ‘
1593 1497 1723 1530 Auster

1018 1546 1172 1578 auditum
1186 1547 1344 1588 hebetat,
1364 1548 1546 1589 caliginem
1561 1546 1722 1590 offundit,

963 1601 968 1606 ”
1019 1601 1123 1637 caput
1141 1601 1276 1639 gravat,
1292 1597 1408 1639 pigros
1424 1602 1472 1630 et.
1476 1597 1656 1639 languidos
1673 1597 1722 1629 fa·

1019 1647 1091 1678 cit.’

1062 1699 1102 1728 17
1131 1695 1285 1729 Visendus
1307 1700 1378 1729 ater
1394 1697 1531 1739 flumine
1557 1698 1722 1740 languido]

1018 1747 1061 1779 Id
1093 1751 1163 1779 est:
1199 1747 1295 1779 adire
1330 1749 1469 1780 tandem
1506 1747 1551 1780 ad
1587 1748 1724 1782 Inferna

1022 1798 1212 1839 oportebit,
1243 1798 1382 1840 illicque
1409 1799 1520 1831 visere
1543 1799 1725 1842 Cocytum.

1020 1850 1087 1880 ὅτε.
1132 1848 1222 1879 Vide
1239 1857 1264 1879 ι.
1282 1847 1351 1880 Od.
1367 1851 1423 1881 28.

1065 1898 1210 1930 flumine
1224 1899 1390 1940 languido]
1413 1899 1535 1941 virgil.
1558 1903 1641 1932 ante
1663 1899 1726 1937 cit,

1020 1949 1030 1966 ⁴
1046 1948 1198 1980 tardam'
1215 1949 1348 1991 Stygen
1363 1954 1475 1982 vocat.

1062 2001 1106 2030 18
1135 1999 1284 2041 Cocytos]
1306 1999 1360 2031 Ex
1388 2009 1431 2031 ea
1455 1999 1634 2032 derivatur
1661 2009 1721 2032 no-

1022 2057 1099 2078 men
1125 2057 1144 2078 a
1163 2047 1281 2089 κωκύω,
1302 2049 1466 2081 lamentor.
1507 2049 1667 2082 Macrob.
1689 2050 1726 2082 in

1021 2096 1138 2128 Somn.
1158 2097 1253 2137 Scip.
1272 2107 1299 2129 1.
1323 2102 1376 2130 10.
1420 2099 1593 2141 Quicquid
1618 2100 1726 2132 homi-

1023 2155 1083 2177 nes
1096 2147 1130 2177 in
1143 2146 1272 2178 luctum
1288 2147 1524 2189 lacrymasque
1537 2149 1728 2189 compellit,

1019 2195 1029 2212 ‘
1047 2195 1240 2237 Cocytum:
1267 2196 1356 2237 quod
1381 2196 1416 2227 in
1436 2197 1574 2237 gurgite
1598 2197 1725 2238 mergit

1022 2244 1187 2287 odiorum,
1202 2249 1211 2262 ‘
1223 2245 1366 2286 Stygem
1376 2245 1385 2259 ’
1402 2245 1622 2286 interpretati
1634 2250 1724 2284 sunt.

1021 2294 1142 2335 inquit.
1201 2296 1258 2327 Sic
1288 2301 1326 2328 et
1355 2296 1444 2336 ipsas
1479 2305 1613 2338 poenas,
1640 2306 1724 2340 quas

1022 2344 1113 2384 apud
1141 2343 1274 2376 Inferos
1297 2349 1497 2377 memorant.
1541 2346 1724 2378 vulturem

1014 2392 1116 2434 jecur
1130 2394 1320 2426 immortale
1338 2394 1541 2427 tundentem
1556 2395 1725 2438 intellige,

1023 2447 1195 2475 tormenta
1210 2444 1432 2476 conscientiae
1455 2443 1629 2477 indefessa
1650 2455 1725 2478 sce·

1022 2495 1102 2527 ieris
1129 2495 1268 2528 admissi
1292 2496 1526 2528 admonitione
1550 2496 1726 2539 tantautis,

1022 2548 1088 2579 ὅτε.
1132 2547 1222 2579 Vide
1238 2552 1355 2579 cetera
1370 2546 1510 2579 ibidem.

1066 2599 1107 2629 18
1140 2596 1251 2629 Danai
1283 2607 1383 2638 genus
1408 2595 1549 2640 Infante]
1583 2597 1726 2632 Danan-

1024 2646 1124 2688 Argis
1147 2647 1300 2689 regnavit
1315 2657 1369 2679 an.
1385 2647 1437 2678 M.
1452 2649 1551 2681 8716.
1595 2647 1726 2682 Euaeb.

1023 2697 1151 2729 Chron.
1210 2697 1324 2739 Hujus
1359 2695 1438 2730 fitiae
1480 2697 1725 2740 qninquaginta

1023 2757 1115 2790 nuos,
1135 2758 1203 2781 una
1218 2751 1377 2791 excepta,
1398 2746 1488 2780 viros
1505 2745 1724 2790 jugulavere,
