1916 3190
293 263 379 306 114
769 278 812 315 Q.
852 277 1062 307 nouA'rn
1096 277 1271 308 rnAocr
1301 283 1309 291 ·>

409 368 524 419 Quae
543 381 659 411 nunc
678 370 894 424 oppositis
915 370 1114 412 debilitat
1131 370 1380 423 pumicibus
1398 383 1518 411 mare
1592 405 1597 411 .
1627 367 1630 369 ’
1715 383 1744 411 o

408 435 696 489 Tyrrhenum.
757 437 934 490 Sapias,
954 438 1060 478 vina
1078 437 1239 490 liques,
1259 441 1304 478 et
1323 438 1471 491 spatio
1491 437 1613 478 brevi

295 556 349 587 det
363 556 453 598 hanc,
475 568 541 599 quoe
556 560 644 590 modo
660 560 828 590 Etruscum
849 560 979 599 pelagus
991 558 1123 599 frangit
1143 558 1268 598 objectis
1282 559 1421 600 rupibus.
1457 558 1587 599 Supiem
1600 557 1655 597 sis,
1671 555 1745 587 vina

903 641 1020 653 oooooo

1023 641 1140 653 oooooo

294 702 605 743 interrogandi.—-5
632 704 696 741 Qui
710 714 801 745 nunc,
827 708 866 735 ut
889 704 931 735 ad
956 705 1079 738 Jovem
1096 704 1277 745 pertineat,
1305 705 1425 737 Bland.
1442 708 1598 746 quatuor,
1621 705 1744 745 impro-

295 744 400 777 bante
412 746 569 779 Jani.—6
592 746 662 778 Pro
680 747 794 788 Sapias
810 747 915 779 With.
944 747 1034 787 conj.
1053 746 1202 787 Incipias.
1247 747 1344 779 Harl,
1361 751 1391 779 5.
1417 749 1491 779 vina
1506 748 1662 779 bibes—7
1686 747 1744 777 Sa-

952 830 1092 863 NOTAE

294 886 359 939 pro
382 898 456 927 toto
476 905 585 927 anno:
619 895 799 939 posteriori
825 905 907 930 vero,
933 905 995 936 pro

1050 894 1180 926 dulcius
1212 893 1402 927 reddebant
1429 893 1554 933 vinnm,
1581 893 1746 935 potuique

295 949 503 985 tempestate
525 945 691 986 hyemali:
720 945 992 986 quandoquidem
1043 945 1243 985 jucundius.
1269 944 1359 976 Hinc
1373 943 1747 985 vocatnr'rheophrast,

295 994 376 1026 satis
394 999 504 1034 patet,
519 995 599 1035 quid
617 995 700 1026 velit
717 995 895 1026 Horatius-

337 1047 356 1074 5
383 1045 462 1079 Quae
481 1053 562 1075 nunc
580 1045 741 1085 oppositis,
754 1045 823 1084 asa]
844 1043 992 1084 synecd.

294 1093 328 1124 id
358 1097 425 1132 est,
455 1103 521 1134 qua
544 1092 670 1125 fluctus
695 1094 862 1135 Tyrrheni
889 1093 992 1125 maris

294 1143 430 1183 hyeme,
446 1148 484 1174 ut
498 1142 549 1182 fit,
566 1144 727 1184 procellis
743 1143 865 1184 agitati
881 1143 922 1173 ad
938 1153 997 1182 ru-⁴

294 1201 357 1233 pes
385 1192 580 1231 alliduntur,
603 1193 818 1231 debilitantur,
833 1192 993 1233 frangun-

295 1246 364 1273 tur.
402 1241 550 1274 Quidam
566 1242 682 1281 legunt
701 1242 775 1281 Qui,
790 1246 826 1273 et
840 1240 998 1273 referunt

295 1290 339 1323 ad
355 1300 486 1331 vocem,
499 1291 639 1332 Jupiter,
683 1292 750 1323 Sed
772 1292 912 1332 vulgata
926 1291 995 1322 lec-

294 1340 344 1372 tio
360 1340 575 1381 praeferenda
591 1340 727 1372 videtur
742 1340 956 1372 doctissimis.

338 1389 536 1430 Pumicibus]
559 1390 692 1421 Pumex
715 1390 803 1429 lapis
825 1394 879 1421 est
895 1399 995 1431 spon-

296 1439 542 1482 giosus,asper,
549 1438 711 1471 foramine
724 1439 906 1480 multiplici
920 1449 994 1479 per-

294 1495 403 1527 tusus,
432 1498 550 1528 cavus,
575 1498 796 1523 cavernosus:
833 1489 922 1520 unde
952 1489 995 1520 ab

297 1537 402 1570 Ovid.
418 1538 429 1556 ‘
445 1538 671 1578 multicavus:
687 1549 706 1570 a
729 1538 847 1578 Virgil.
862 1538 994 1571 AEneid.

296 1596 333 1619 v.
345 1590 420 1619 214.
434 1592 471 1619 et
486 1596 553 1620 xu.
569 1591 643 1620 58⁷.
657 1589 667 1606 ‘
683 1588 872 1620 latebrosus
883 1588 891 1599 '
913 1588 996 1623 dici-

295 1639 364 1668 tur.
402 1637 455 1668 De
485 1638 552 1669 isto
578 1638 729 1679 lapidum
753 1647 878 1678 genere
904 1639 994 1670 Plin.

295 1694 424 1718 xxxvr.
439 1689 493 1719 21.

338 1737 433 1768 Mare
462 1738 671 1779 Tyrrhenum]
693 1737 876 1776 Thuscum,
901 1735 994 1768 Infe-

295 1796 382 1826 rum,
396 1787 484 1828 quod
503 1798 581 1828 pars
597 1794 651 1820 est
666 1788 768 1820 maris
789 1787 994 1819 Mediterra-

296 1837 351 1867 nei
367 1848 374 1868 :
394 1837 427 1868 id
444 1847 523 1869 vero
539 1837 682 1869 nominis
697 1838 729 1871 ei
742 1837 838 1870 dedit
854 1837 998 1878 Tyrrhe·

296 1895 358 1916 nus
389 1885 493 1926 Atyos
520 1888 639 1927 Lydiae
662 1888 764 1926 Regis
787 1887 890 1927 tilius,
906 1891 997 1927 post-

298 1942 397 1973 quam
421 1934 463 1964 ad
488 1935 616 1965 vicinas
643 1941 751 1966 terras
772 1945 847 1966 cum
865 1936 999 1967 colonia

299 1982 501 2021 appulisset,
536 1982 690 2012 Tusciam
721 1992 855 2022 nempe,
883 1984 997 2025 ibique

297 2030 414 2063 sedem
430 2030 572 2063 fixisset.

341 2083 362 2110 6
385 2079 511 2119 Sapins]
545 2079 728 2119 Explicant
754 2079 925 2111 nonnulii:
962 2079 997 2110 Si

298 2128 422 2169 sapias,
446 2128 577 2159 scilicet
601 2133 698 2160 utere
725 2129 807 2166 vita,
828 2128 926 2168 genio
946 2128 996 2159 in-

300 2178 416 2219 dulge,
447 2178 524 2209 vina
555 2177 632 2209 bibe
662 2187 761 2218 quam
788 2177 929 2217 optima.
958 2177 996 2208 li-

301 2234 419 2271 quata,
434 2230 499 2261 &c.
522 2227 689 2259 Priscian.
707 2236 817 2258 xvnr.
834 2230 866 2258 3.

347 2279 428 2310 Vina
454 2276 566 2318 liques]
593 2277 659 2311 Vel
681 2276 894 2317 simpliciter,
921 2276 998 2308 vina

301 2328 412 2367 bibas,
423 2337 462 2359 ac
479 2321 584 2359 veluti
602 2336 663 2367 per
678 2331 796 2366 guttur
809 2326 911 2357 coles.
936 2326 999 2356 Vel

300 2378 427 2422 potius,
442 2376 624 2407 hilaritatis
638 2384 739 2407 causa
753 2381 869 2414 satage
885 2379 922 2406 ut
940 2385 999 2415 pa-

302 2438 358 2460 res
375 2427 437 2459 tibi
467 2426 544 2457 vina
567 2435 666 2457 sacco
689 2426 874 2467 percolata,
894 2425 1000 2457 defae·

303 2483 394 2518 cata,
416 2476 528 2508 dulcia
551 2476 599 2507 sic
623 2474 758 2514 effecta,
774 2474 926 2516 adeoque
942 2484 1000 2506 na-

303 2532 391 2560 turae
408 2531 442 2558 et
458 2527 572 2567 palato
588 2525 743 2558 muliebri
766 2526 1001 2564 accommoda-

304 2577 403 2608 tiora.
423 2576 568 2606 Veteres
585 2583 708 2614 nempe
722 2579 884 2613 mustum,
895 2574 1001 2614 prius-

304 2635 403 2667 quam
433 2624 632 2664 ferbuisset,
653 2634 714 2664 per
740 2634 875 2656 saccum
899 2624 1003 2666 toties

304 2675 474 2714 celabant,
492 2681 529 2706 ut
553 2675 801 2709 defaecaretiira
825 2679 928 2717 atque
951 2675 1000 2706 sic

306 2725 453 2764 ademta,
470 2735 544 2764 qua²
562 2725 628 2755 vini
653 2725 716 2755 vim
741 2725 802 2756 alit
818 2729 1006 2765 augetque,

304 2773 405 2814 faece,
421 2774 592 2815 liquidius,
605 2773 817 2815 imbecillius,
833 2778 869 2806 at
879 2774 1002 2814 lenius,

1050 1003 1103 1026 vr.
1118 997 1171 1026 24.
1190 993 1306 1034 ἠθικὸν,
1319 998 1503 1033 castratum,
1517 994 1606 1036 quod
1622 1003 1747 1034 nempe

1047 1044 1194 1082 sparteis
1205 1048 1259 1074 est
1269 1043 1374 1074 saccis
1383 1044 1543 1074 colatum.
1560 1043 1646 1075 Coel.
1655 1043 1748 1075 Rbo-

1048 1091 1116 1132 dig.
1132 1101 1270 1126 xxvnr.
1282 1095 1336 1126 26.
1361 1096 1370 1112 ⁸
1388 1093 1587 1126 Eunuchum
1601 1097 1638 1124 et
1654 1091 1749 1124 effit-

1048 1141 1238 1181 minatum‚’
1251 1151 1292 1172 ex
1305 1142 1493 1174 Plutarcho
1507 1152 1586 1174 mox
1595 1142 1747 1181 citando,

1049 1191 1156 1231 ‘unia
1179 1191 1367 1233 percolatio
1389 1192 1446 1223 illa
1468 1192 1536 1223 vini
1553 1201 1674 1229 nervos
1690 1201 1748 1223 ex*

1049 1240 1145 1279 cidit,
1175 1251 1215 1272 ac
1238 1242 1417 1281 genuinum
1447 1242 1629 1282 restinguit
1658 1242 1749 1275 calo-

1050 1300 1120 1325 rem
1135 1302 1143 1322 :
1179 1292 1311 1323 mollius
1337 1296 1448 1323 autem
1475 1291 1558 1324 facit
1586 1292 1630 1327 ad
1660 1292 1749 1331 guin

1050 1341 1304 1373 curiositatem:
1328 1342 1394 1373 hoo
1415 1342 1519 1374 veluti
1537 1341 1749 1382 sophismate

1049 1390 1190 1421 invento
1221 1395 1256 1422 et
1274 1391 1484 1430 excogitato,
1509 1395 1547 1422 ut
1571 1391 1750 1431 perdenda

1051 1438 1124 1471 nati
1148 1439 1226 1470 vino
1250 1440 1428 1479 plurimum
1448 1440 1588 1472 valeant
1600 1439 1749 1480 ingurgi-

1049 1487 1147 1520 tare.’
1181 1488 1273 1520 Plin.
1291 1497 1368 1519 xxv.
1382 1491 1436 1520 22.
1455 1493 1464 1507 ‘
1481 1489 1531 1521 Ut
1547 1489 1622 1529 plus
1637 1489 1750 1531 capia-

1050 1547 1123 1570 mus
1147 1538 1228 1578 vini,
1251 1547 1352 1570 sacco
1375 1537 1562 1579 frangimus
1578 1539 1689 1571 vires:
1713 1543 1752 1578 et

1049 1588 1114 1621 alia
1142 1587 1357 1619 irritamenta
1382 1587 1643 1626 excogitantur-,⁹
1669 1597 1749 1620 xlx.

1049 1639 1081 1670 4.
1097 1641 1106 1655 ·
1118 1636 1312 1671 Ferendum
1325 1646 1406 1671 sane
1419 1636 1544 1668 fuerit.
1557 1659 1565 1668 .
1576 1658 1586 1668 .
1599 1658 1607 1669 .
1619 1636 1751 1670 invete-

1049 1686 1118 1720 rari
1132 1686 1223 1725 vina,
1240 1686 1415 1728 saccisque
1429 1686 1570 1720 castrari
1581 1686 1602 1722 ς’
1617 1687 1662 1718 al.
1685 1696 1753 1722 cas-A

1049 1736 1161 1776 tigeri.
1185 1739 1337 1768 :nun-l.
1364 1736 1613 1771 ‘Utilissimum
1637 1736 1751 1769 vinum

1049 1786 1205 1820 omnibus
1222 1795 1325 1817 sacco
1341 1786 1467 1817 viribus
1486 1784 1633 1819 fractis!
1669 1786 1752 1817 Plu-

1052 1836 1162 1868 tarch.
1176 1835 1332 1877 Sympos.
1343 1835 1415 1866 sive
1428 1834 1604 1891 Cogvival.
1617 1835 1749 1870 Qumt.

1052 1894 1105 1921 vr,
1120 1887 1152 1916 7.
1173 1885 1242 1915 ait:
1265 1885 1275 1902 ‘
1294 1884 1500 1917 Exolescer'e
1520 1885 1647 1927 viuum,
1672 1879 1751 1923 cim

1051 1938 1118 1967 tam
1146 1933 1267 1966 crebro
1293 1932 1508 1973 diffunditur,
1537 1943 1678 1975 esseque
1705 1934 1751 1966 ad

1053 1983 1275 2014 bibacitatem
1316 1988 1545 2017 commentum
1581 1983 1751 2025 ejusmodi

1052 2032 1338 2070 percolationem:
1363 2033 1496 2064 detrahi
1511 2034 1590 2067 vino
1609 2034 1750 2067 firmitae

1052 2083 1123 2110 tem
1146 2080 1266 2110 relicto
1290 2080 1533 2122 blandimento,
1549 2083 1581 2113 vi
1598 2084 1655 2115 illa
1674 2093 1751 2124 quae

1051 2133 1199 2159 mentem
1217 2129 1367 2160 solicitat
1384 2135 1420 2161 et
1435 2130 1576 2162 infestat
1591 2133 1701 2172 ejecta
1715 2137 1751 2164 et

1052 2178 1210 2216 exclusa;
1229 2178 1337 2218 ipsum
1352 2189 1432 2210 vero
1442 2180 1628 2220 jucundius
1641 2179 1750 2216 effici:

1051 2237 1163 2267 neque
1179 2228 1267 2259 sicut
1277 2238 1297 2259 a
1308 2227 1401 2261 ferro
1412 2230 1566 2261 acumine
1581 2230 1727 2263 decusso
1738 2242 1748 2270 ;

1052 2277 1112 2308 sed
1129 2277 1242 2316 potius
1259 2278 1353 2309 velut
1370 2278 1525 2318 rubigine
1545 2285 1581 2311 et
1595 2280 1750 2313 sordibus

1053 2327 1210 2358 detersis.
1254 2327 1392 2368 Quippe
1411 2327 1593 2360 defaecatio
1608 2329 1666 2360 illa
1681 2330 1750 2361 vini

1056 2376 1135 2417 vim,
1150 2386 1226 2417 quae
1247 2382 1352 2417 caput
1375 2381 1500 2416 tentat,
1526 2378 1748 2417 detrahitu-

1053 2435 1118 2467 que
1133 2426 1176 2458 ad
1192 2431 1318 2458 statum
1334 2427 1461 2467 redigit
1475 2427 1592 2460 mitem
1611 2434 1647 2460 et
1662 2429 1749 2472 salu-

1054 2476 1172 2507 brem!

1095 2525 1205 2565 Sputio
1231 2525 1314 2557 brevi
1344 2526 1437 2566 Spem
1468 2526 1593 2565 longam
1618 2527 1750 2568 reseces]

1054 2575 1191 2609 Quanto
1207 2575 1340 2606 brevius
1362 2580 1416 2606 est
1434 2575 1512 2606 vitae
1528 2579 1656 2607 uostrae
1672 2585 1748 2617 spa-

1053 2625 1151 2664 tium,
1176 2628 1271 2656 tanto
1295 2624 1488 2656 resecandae
1511 2633 1590 2665 spes
1611 2624 1749 2666 longae:

1053 2674 1160 2705 minus
1176 2673 1438 2715 expectandum,
1453 2673 1560 2704 minus
1577 2664 1748 2709 mentium

1053 2722 1170 2756 futuro
1183 2734 1192 2763 ς
1209 2733 1319 2765 neque
1334 2723 1420 2755 adeo
1435 2722 1659 2758 differendum
1673 2732 1750 2756 car-2

1055 2781 1136 2815 pere
1166 2778 1351 2816 praesentes
1376 2773 1516 2807 iaetaudi
1542 2772 1749 2814 occasiones.
