<?xml version="1.0" encoding="UTF-8"?>
<!DOCTYPE html PUBLIC "-//W3C//DTD XHTML 1.0 Transitional//EN"
    "http://www.w3.org/TR/xhtml1/DTD/xhtml1-transitional.dtd">
<html xmlns="http://www.w3.org/1999/xhtml" xml:lang="en" lang="en">
 <head>
  <title>
</title>
<meta http-equiv="Content-Type" content="text/html;charset=utf-8" />
  <meta name='ocr-system' content='tesseract 3.04.00' />
  <meta name='ocr-capabilities' content='ocr_page ocr_carea ocr_par ocr_line ocrx_word'/>
</head>
<body>
  <div class='ocr_page' id='page_1' title='image "./operazeune01horauoft_0176.png"; bbox 0 0 1916 3190; ppageno 0'>
   <div class='ocr_carea' id='block_1_1' title="bbox 278 182 1248 245">
    <p class='ocr_par' dir='ltr' id='par_1_1' title="bbox 278 182 1248 245">
     <span class='ocr_line' id='line_1_1' title="bbox 278 182 1248 245; baseline 0.001 -15"><span class='ocrx_word' id='word_1_1' title='bbox 278 182 360 245; x_wconf 77' lang='grc'><strong>168</strong></span> <span class='ocrx_word' id='word_1_2' title='bbox 752 201 795 239; x_wconf 88' lang='lat' dir='ltr'>Q.</span> <span class='ocrx_word' id='word_1_3' title='bbox 830 201 1038 233; x_wconf 64' lang='lat' dir='ltr'>noum-ii</span> <span class='ocrx_word' id='word_1_4' title='bbox 1075 201 1248 231; x_wconf 55' lang='lat' dir='ltr'>nacor</span> 
     </span>
    </p>
   </div>
   <div class='ocr_carea' id='block_1_2' title="bbox 447 295 1252 546">
    <p class='ocr_par' dir='ltr' id='par_1_2' title="bbox 447 295 1252 416">
     <span class='ocr_line' id='line_1_2' title="bbox 447 295 1252 350; baseline 0.001 -14"><span class='ocrx_word' id='word_1_5' title='bbox 447 295 699 338; x_wconf 85' lang='lat' dir='ltr'>Terminum</span> <span class='ocrx_word' id='word_1_6' title='bbox 722 298 838 338; x_wconf 86' lang='lat' dir='ltr'>curis</span> <span class='ocrx_word' id='word_1_7' title='bbox 858 309 994 349; x_wconf 82' lang='lat' dir='ltr'>vagor</span> <span class='ocrx_word' id='word_1_8' title='bbox 1013 296 1252 350; x_wconf 76' lang='lat' dir='ltr'>expeditis,</span> 
     </span>
     <span class='ocr_line' id='line_1_3' title="bbox 793 363 1168 416; baseline -0.003 -12"><span class='ocrx_word' id='word_1_9' title='bbox 793 363 928 416; x_wconf 87' lang='lat' dir='ltr'><strong>Fugit</strong></span> <span class='ocrx_word' id='word_1_10' title='bbox 948 363 1168 404; x_wconf 80' lang='lat' dir='ltr'><strong>inermem.</strong></span> 
     </span>
    </p>

    <p class='ocr_par' dir='ltr' id='par_1_3' title="bbox 450 429 1251 484">
     <span class='ocr_line' id='line_1_4' title="bbox 450 429 1251 484; baseline -0.002 -12"><span class='ocrx_word' id='word_1_11' title='bbox 450 430 594 482; x_wconf 82' lang='lat' dir='ltr'>Quale</span> <span class='ocrx_word' id='word_1_12' title='bbox 615 434 862 484; x_wconf 82' lang='lat' dir='ltr'>portentum</span> <span class='ocrx_word' id='word_1_13' title='bbox 883 442 1021 484; x_wconf 83' lang='lat' dir='ltr'>neque</span> <span class='ocrx_word' id='word_1_14' title='bbox 1043 429 1251 471; x_wconf 77' lang='lat' dir='ltr'>militaris</span> 
     </span>
    </p>

    <p class='ocr_par' dir='ltr' id='par_1_4' title="bbox 448 497 1139 546">
     <span class='ocr_line' id='line_1_5' title="bbox 448 497 1139 546; baseline -0.001 -8"><span class='ocrx_word' id='word_1_15' title='bbox 448 497 651 539; x_wconf 83' lang='lat' dir='ltr'>Daunias</span> <span class='ocrx_word' id='word_1_16' title='bbox 673 498 774 539; x_wconf 83' lang='lat' dir='ltr'>latis</span> <span class='ocrx_word' id='word_1_17' title='bbox 796 497 874 539; x_wconf 84' lang='lat' dir='ltr'>alit</span> <span class='ocrx_word' id='word_1_18' title='bbox 895 497 1139 546; x_wconf 75' lang='lat' dir='ltr'>aesculetis,</span> 
     </span>
    </p>
   </div>
   <div class='ocr_carea' id='block_1_3' title="bbox 275 613 1734 699">
    <p class='ocr_par' dir='ltr' id='par_1_5' title="bbox 275 613 1734 699">
     <span class='ocr_line' id='line_1_6' title="bbox 275 613 1734 657; baseline -0.001 -10"><span class='ocrx_word' id='word_1_19' title='bbox 275 625 373 647; x_wconf 86' lang='lat' dir='ltr'>meam</span> <span class='ocrx_word' id='word_1_20' title='bbox 394 616 537 656; x_wconf 78' lang='lat' dir='ltr'>amicam,</span> <span class='ocrx_word' id='word_1_21' title='bbox 555 619 648 656; x_wconf 79' lang='lat' dir='ltr'>atque</span> <span class='ocrx_word' id='word_1_22' title='bbox 665 620 782 657; x_wconf 78' lang='lat' dir='ltr'>proeter</span> <span class='ocrx_word' id='word_1_23' title='bbox 806 616 923 647; x_wconf 77' lang='lat' dir='ltr'>limites</span> <span class='ocrx_word' id='word_1_24' title='bbox 945 625 1123 647; x_wconf 82' lang='lat' dir='ltr'>exerrarem</span> <span class='ocrx_word' id='word_1_25' title='bbox 1144 615 1224 647; x_wconf 81' lang='lat' dir='ltr'>liber</span> <span class='ocrx_word' id='word_1_26' title='bbox 1239 615 1279 647; x_wconf 82' lang='lat' dir='ltr'>ab</span> <span class='ocrx_word' id='word_1_27' title='bbox 1301 616 1386 647; x_wconf 83' lang='lat' dir='ltr'>omni</span> <span class='ocrx_word' id='word_1_28' title='bbox 1408 614 1618 652; x_wconf 71' lang='lat' dir='ltr'>solicitudine,</span> <span class='ocrx_word' id='word_1_29' title='bbox 1636 613 1734 645; x_wconf 62' lang='lat' dir='ltr'>arm</span> 
     </span>
     <span class='ocr_line' id='line_1_7' title="bbox 275 655 1731 699; baseline -0.002 -10"><span class='ocrx_word' id='word_1_30' title='bbox 275 659 348 690; x_wconf 75' lang='lat' dir='ltr'>licet</span> <span class='ocrx_word' id='word_1_31' title='bbox 370 658 556 690; x_wconf 76' lang='lat' dir='ltr'>destitutum</span> <span class='ocrx_word' id='word_1_32' title='bbox 579 659 690 690; x_wconf 78' lang='lat' dir='ltr'>vitavit</span> <span class='ocrx_word' id='word_1_33' title='bbox 708 670 755 690; x_wconf 86' lang='lat' dir='ltr'>me</span> <span class='ocrx_word' id='word_1_34' title='bbox 769 659 878 699; x_wconf 80' lang='lat' dir='ltr'>lupus:</span> <span class='ocrx_word' id='word_1_35' title='bbox 901 660 989 698; x_wconf 80' lang='lat' dir='ltr'>quale</span> <span class='ocrx_word' id='word_1_36' title='bbox 1005 662 1176 689; x_wconf 75' lang='lat' dir='ltr'>monstrum</span> <span class='ocrx_word' id='word_1_37' title='bbox 1191 658 1274 690; x_wconf 83' lang='lat' dir='ltr'>haud</span> <span class='ocrx_word' id='word_1_38' title='bbox 1286 658 1390 689; x_wconf 77' lang='lat' dir='ltr'>nutrit</span> <span class='ocrx_word' id='word_1_39' title='bbox 1404 657 1526 699; x_wconf 75' lang='lat' dir='ltr'>Apulia</span> <span class='ocrx_word' id='word_1_40' title='bbox 1540 657 1683 688; x_wconf 80' lang='lat' dir='ltr'>bellicosa</span> <span class='ocrx_word' id='word_1_41' title='bbox 1697 655 1731 686; x_wconf 81' lang='lat' dir='ltr'>in</span> 
     </span>
    </p>
   </div>
   <div class='ocr_carea' id='block_1_4' title="bbox 901 742 1126 755">
    <p class='ocr_par' dir='ltr' id='par_1_6' title="bbox 901 742 1126 755">
     <span class='ocr_line' id='line_1_8' title="bbox 901 742 1126 755; baseline -0.009 0"><span class='ocrx_word' id='word_1_42' title='bbox 901 743 943 755; x_wconf 57' lang='lat' dir='ltr'><em>N</em></span> <span class='ocrx_word' id='word_1_43' title='bbox 947 742 1083 755; x_wconf 55' lang='grc' dir='ltr'>θθθθ</span> <span class='ocrx_word' id='word_1_44' title='bbox 1087 742 1126 754; x_wconf 62' lang='lat' dir='ltr'>‘O</span> 
     </span>
    </p>
   </div>
   <div class='ocr_carea' id='block_1_5' title="bbox 271 795 1736 1432">
    <p class='ocr_par' dir='ltr' id='par_1_7' title="bbox 271 795 1736 1432">
     <span class='ocr_line' id='line_1_9' title="bbox 275 795 1731 839; baseline 0 -14"><span class='ocrx_word' id='word_1_45' title='bbox 275 797 391 826; x_wconf 79' lang='grc'><strong>2.-11</strong></span> <span class='ocrx_word' id='word_1_46' title='bbox 419 796 600 828; x_wconf 82' lang='lat' dir='ltr'>Terminum</span> <span class='ocrx_word' id='word_1_47' title='bbox 613 807 641 829; x_wconf 85' lang='lat' dir='ltr'>c.</span> <span class='ocrx_word' id='word_1_48' title='bbox 656 808 686 829; x_wconf 86' lang='lat' dir='ltr'>v.</span> <span class='ocrx_word' id='word_1_49' title='bbox 701 799 864 839; x_wconf 74' lang='lat' dir='ltr'>expeditus</span> <span class='ocrx_word' id='word_1_50' title='bbox 886 798 999 829; x_wconf 88' lang='lat' dir='ltr'>Pulm.</span> <span class='ocrx_word' id='word_1_51' title='bbox 1018 801 1047 829; x_wconf 93' lang='grc'>1.</span> <span class='ocrx_word' id='word_1_52' title='bbox 1064 801 1142 829; x_wconf 54' lang='grc'><strong>2.&gt;4.</strong></span> <span class='ocrx_word' id='word_1_53' title='bbox 1166 797 1359 828; x_wconf 72' lang='lat' dir='ltr'>Comme-nt.</span> <span class='ocrx_word' id='word_1_54' title='bbox 1383 796 1490 837; x_wconf 86' lang='lat' dir='ltr'>Crnq.</span> <span class='ocrx_word' id='word_1_55' title='bbox 1514 795 1586 827; x_wconf 87' lang='lat' dir='ltr'>Alt.</span> <span class='ocrx_word' id='word_1_56' title='bbox 1611 798 1642 826; x_wconf 90' lang='grc'>1.</span> <span class='ocrx_word' id='word_1_57' title='bbox 1670 795 1731 826; x_wconf 81' lang='lat' dir='ltr'>Fa.</span> 
     </span>
     <span class='ocr_line' id='line_1_10' title="bbox 277 838 1731 880; baseline -0.001 -12"><span class='ocrx_word' id='word_1_58' title='bbox 277 838 430 869; x_wconf 86' lang='lat' dir='ltr'>Lambin.</span> <span class='ocrx_word' id='word_1_59' title='bbox 446 845 482 869; x_wconf 81' lang='lat' dir='ltr'>et</span> <span class='ocrx_word' id='word_1_60' title='bbox 498 839 635 880; x_wconf 86' lang='lat' dir='ltr'>quidam</span> <span class='ocrx_word' id='word_1_61' title='bbox 653 841 727 871; x_wconf 86' lang='lat' dir='ltr'>alii:</span> <span class='ocrx_word' id='word_1_62' title='bbox 753 841 834 872; x_wconf 84' lang='lat' dir='ltr'>item</span> <span class='ocrx_word' id='word_1_63' title='bbox 851 842 942 872; x_wconf 87' lang='lat' dir='ltr'>Flor.</span> <span class='ocrx_word' id='word_1_64' title='bbox 962 840 1058 872; x_wconf 83' lang='lat' dir='ltr'><strong>Harl.</strong></span> <span class='ocrx_word' id='word_1_65' title='bbox 1073 843 1104 871; x_wconf 82' lang='lat'>3.</span> <span class='ocrx_word' id='word_1_66' title='bbox 1121 843 1152 871; x_wconf 86' lang='lat'>6.</span> <span class='ocrx_word' id='word_1_67' title='bbox 1168 840 1248 870; x_wconf 79' lang='lat' dir='ltr'>Vet.</span> <span class='ocrx_word' id='word_1_68' title='bbox 1267 839 1387 870; x_wconf 87' lang='lat' dir='ltr'>Comb.</span> <span class='ocrx_word' id='word_1_69' title='bbox 1401 839 1526 870; x_wconf 84' lang='lat' dir='ltr'>Venet.</span> <span class='ocrx_word' id='word_1_70' title='bbox 1544 840 1639 869; x_wconf 80' lang='lat'><strong>1590.</strong></span> <span class='ocrx_word' id='word_1_71' title='bbox 1663 843 1731 868; x_wconf 87' lang='lat' dir='ltr'>cet.</span> 
     </span>
     <span class='ocr_line' id='line_1_11' title="bbox 276 879 1731 923; baseline -0.001 -12"><span class='ocrx_word' id='word_1_72' title='bbox 276 885 312 911; x_wconf 83' lang='lat' dir='ltr'>et</span> <span class='ocrx_word' id='word_1_73' title='bbox 330 879 522 920; x_wconf 85' lang='lat' dir='ltr'>praeferunt</span> <span class='ocrx_word' id='word_1_74' title='bbox 539 882 639 913; x_wconf 83' lang='lat' dir='ltr'>Brut.</span> <span class='ocrx_word' id='word_1_75' title='bbox 656 883 796 914; x_wconf 78' lang='lat' dir='ltr'>Mai-cil.</span> <span class='ocrx_word' id='word_1_76' title='bbox 814 883 914 914; x_wconf 78' lang='lat' dir='ltr'>Fabr.</span> <span class='ocrx_word' id='word_1_77' title='bbox 931 883 1014 914; x_wconf 80' lang='lat' dir='ltr'>Fal).</span> <span class='ocrx_word' id='word_1_78' title='bbox 1038 883 1158 923; x_wconf 82' lang='lat' dir='ltr'>Stepli.</span> <span class='ocrx_word' id='word_1_79' title='bbox 1182 882 1304 915; x_wconf 86' lang='lat' dir='ltr'>Heins.</span> <span class='ocrx_word' id='word_1_80' title='bbox 1328 881 1446 912; x_wconf 80' lang='lat' dir='ltr'>Bentl.</span> <span class='ocrx_word' id='word_1_81' title='bbox 1471 881 1596 912; x_wconf 81' lang='lat' dir='ltr'>Dacer.</span> <span class='ocrx_word' id='word_1_82' title='bbox 1616 879 1731 911; x_wconf 87' lang='lat' dir='ltr'>Bond.</span> 
     </span>
     <span class='ocr_line' id='line_1_12' title="bbox 273 922 1733 965; baseline 0.001 -12"><span class='ocrx_word' id='word_1_83' title='bbox 273 922 447 955; x_wconf 84' lang='lat' dir='ltr'>Schrevel.</span> <span class='ocrx_word' id='word_1_84' title='bbox 470 924 616 955; x_wconf 84' lang='lat' dir='ltr'>wetzel.</span> <span class='ocrx_word' id='word_1_85' title='bbox 643 924 775 957; x_wconf 80' lang='lat' dir='ltr'>Wakef.</span> <span class='ocrx_word' id='word_1_86' title='bbox 799 930 835 956; x_wconf 86' lang='lat' dir='ltr'>et</span> <span class='ocrx_word' id='word_1_87' title='bbox 858 924 964 956; x_wconf 85' lang='lat' dir='ltr'>Kidd.</span> <span class='ocrx_word' id='word_1_88' title='bbox 1007 925 1075 956; x_wconf 89' lang='lat' dir='ltr'>Sed</span> <span class='ocrx_word' id='word_1_89' title='bbox 1100 925 1254 965; x_wconf 74' lang='lat' dir='ltr'>expeditis</span> <span class='ocrx_word' id='word_1_90' title='bbox 1280 924 1452 964; x_wconf 85' lang='lat' dir='ltr'>Porphyr.</span> <span class='ocrx_word' id='word_1_91' title='bbox 1480 932 1598 954; x_wconf 78' lang='lat' dir='ltr'>omnes</span> <span class='ocrx_word' id='word_1_92' title='bbox 1625 922 1733 954; x_wconf 87' lang='lat' dir='ltr'>ceteri</span> 
     </span>
     <span class='ocr_line' id='line_1_13' title="bbox 276 964 1734 1009; baseline 0 -13"><span class='ocrx_word' id='word_1_93' title='bbox 276 964 398 997; x_wconf 85' lang='lat' dir='ltr'>Lamb.</span> <span class='ocrx_word' id='word_1_94' title='bbox 415 970 563 1006; x_wconf 82' lang='lat' dir='ltr'>quatuor</span> <span class='ocrx_word' id='word_1_95' title='bbox 577 967 734 997; x_wconf 76' lang='lat' dir='ltr'>‘ron-ent.</span> <span class='ocrx_word' id='word_1_96' title='bbox 750 970 781 998; x_wconf 85' lang='grc'>4.</span> <span class='ocrx_word' id='word_1_97' title='bbox 796 967 921 998; x_wconf 91' lang='lat' dir='ltr'>Bland.</span> <span class='ocrx_word' id='word_1_98' title='bbox 933 968 1039 1008; x_wconf 89' lang='lat' dir='ltr'>Cruq.</span> <span class='ocrx_word' id='word_1_99' title='bbox 1051 967 1118 998; x_wconf 89' lang='lat' dir='ltr'>duo</span> <span class='ocrx_word' id='word_1_100' title='bbox 1135 967 1239 997; x_wconf 85' lang='lat' dir='ltr'>Fabr.</span> <span class='ocrx_word' id='word_1_101' title='bbox 1256 967 1366 997; x_wconf 88' lang='lat' dir='ltr'>Pulm.</span> <span class='ocrx_word' id='word_1_102' title='bbox 1380 968 1414 997; x_wconf 78' lang='grc'>8.</span> <span class='ocrx_word' id='word_1_103' title='bbox 1429 965 1576 1009; x_wconf 78' lang='lat' dir='ltr'>Mentel.</span> <span class='ocrx_word' id='word_1_104' title='bbox 1590 965 1685 1004; x_wconf 79' lang='lat' dir='ltr'>Lips.</span> <span class='ocrx_word' id='word_1_105' title='bbox 1702 966 1734 996; x_wconf 91' lang='lat'>1.</span> 
     </span>
     <span class='ocr_line' id='line_1_14' title="bbox 274 1006 1733 1048; baseline 0 -10"><span class='ocrx_word' id='word_1_106' title='bbox 274 1008 406 1039; x_wconf 82' lang='lat' dir='ltr'>Muret.</span> <span class='ocrx_word' id='word_1_107' title='bbox 420 1009 546 1039; x_wconf 85' lang='lat' dir='ltr'>Venet.</span> <span class='ocrx_word' id='word_1_108' title='bbox 562 1010 657 1039; x_wconf 81' lang='lat'><strong>1492.</strong></span> <span class='ocrx_word' id='word_1_109' title='bbox 669 1008 750 1039; x_wconf 80' lang='lat' dir='ltr'>Asc.</span> <span class='ocrx_word' id='word_1_110' title='bbox 767 1010 905 1040; x_wconf 75' lang='lat' dir='ltr'>Loclier.</span> <span class='ocrx_word' id='word_1_111' title='bbox 919 1009 1038 1040; x_wconf 78' lang='lat' dir='ltr'>Heins-</span> <span class='ocrx_word' id='word_1_112' title='bbox 1048 1009 1168 1048; x_wconf 85' lang='lat' dir='ltr'>Steph.</span> <span class='ocrx_word' id='word_1_113' title='bbox 1182 1009 1288 1046; x_wconf 80' lang='lat' dir='ltr'>Rutg.</span> <span class='ocrx_word' id='word_1_114' title='bbox 1302 1008 1325 1041; x_wconf 86' lang='lat' dir='ltr'>J</span> <span class='ocrx_word' id='word_1_115' title='bbox 1329 1018 1420 1039; x_wconf 76' lang='lat' dir='ltr'>ones.</span> <span class='ocrx_word' id='word_1_116' title='bbox 1431 1008 1518 1039; x_wconf 88' lang='lat' dir='ltr'>Cun.</span> <span class='ocrx_word' id='word_1_117' title='bbox 1531 1007 1611 1039; x_wconf 77' lang='lat' dir='ltr'>San.</span> <span class='ocrx_word' id='word_1_118' title='bbox 1626 1006 1733 1046; x_wconf 71' lang='lat' dir='ltr'>Baxt.</span> 
     </span>
     <span class='ocr_line' id='line_1_15' title="bbox 273 1047 1733 1091; baseline -0.001 -9"><span class='ocrx_word' id='word_1_119' title='bbox 273 1050 367 1088; x_wconf 84' lang='lat' dir='ltr'>Jani‚</span> <span class='ocrx_word' id='word_1_120' title='bbox 384 1050 525 1082; x_wconf 88' lang='lat' dir='ltr'>Mitsch.</span> <span class='ocrx_word' id='word_1_121' title='bbox 542 1050 684 1090; x_wconf 80' lang='lat' dir='ltr'>Bipont.</span> <span class='ocrx_word' id='word_1_122' title='bbox 706 1055 743 1081; x_wconf 88' lang='lat' dir='ltr'>et</span> <span class='ocrx_word' id='word_1_123' title='bbox 757 1050 878 1082; x_wconf 91' lang='lat' dir='ltr'>Comb.</span> <span class='ocrx_word' id='word_1_124' title='bbox 922 1053 931 1068; x_wconf 82' lang='lat'>⁴</span> <span class='ocrx_word' id='word_1_125' title='bbox 947 1051 992 1082; x_wconf 90' lang='lat' dir='ltr'>Et</span> <span class='ocrx_word' id='word_1_126' title='bbox 1010 1051 1084 1082; x_wconf 80' lang='lat' dir='ltr'>liaec</span> <span class='ocrx_word' id='word_1_127' title='bbox 1100 1049 1202 1081; x_wconf 87' lang='lat' dir='ltr'>lectio</span> <span class='ocrx_word' id='word_1_128' title='bbox 1219 1048 1442 1091; x_wconf 82' lang='lat' dir='ltr'>exquisitior-¹</span> <span class='ocrx_word' id='word_1_129' title='bbox 1467 1049 1645 1080; x_wconf 55' lang='lat' dir='ltr'>sant—12</span> <span class='ocrx_word' id='word_1_130' title='bbox 1671 1047 1733 1080; x_wconf 74' lang='lat' dir='ltr'>Fu-</span> 
     </span>
     <span class='ocr_line' id='line_1_16' title="bbox 271 1090 1734 1134; baseline 0 -12"><span class='ocrx_word' id='word_1_131' title='bbox 271 1093 324 1131; x_wconf 80' lang='lat' dir='ltr'>git</span> <span class='ocrx_word' id='word_1_132' title='bbox 339 1093 491 1123; x_wconf 78' lang='lat' dir='ltr'>inermum</span> <span class='ocrx_word' id='word_1_133' title='bbox 508 1092 654 1133; x_wconf 81' lang='lat' dir='ltr'>Cuuing.</span> <span class='ocrx_word' id='word_1_134' title='bbox 679 1097 716 1123; x_wconf 87' lang='lat' dir='ltr'>et</span> <span class='ocrx_word' id='word_1_135' title='bbox 740 1103 810 1123; x_wconf 85' lang='lat' dir='ltr'>var.</span> <span class='ocrx_word' id='word_1_136' title='bbox 826 1093 909 1124; x_wconf 91' lang='lat' dir='ltr'>lect.</span> <span class='ocrx_word' id='word_1_137' title='bbox 926 1102 980 1134; x_wconf 86' lang='lat' dir='ltr'>ap.</span> <span class='ocrx_word' id='word_1_138' title='bbox 1006 1094 1214 1126; x_wconf 70' lang='lat' dir='ltr'>Jones.—14</span> <span class='ocrx_word' id='word_1_139' title='bbox 1239 1093 1368 1124; x_wconf 82' lang='lat' dir='ltr'>Daunia</span> <span class='ocrx_word' id='word_1_140' title='bbox 1391 1091 1490 1123; x_wconf 86' lang='lat' dir='ltr'>Harl.</span> <span class='ocrx_word' id='word_1_141' title='bbox 1505 1094 1581 1123; x_wconf 82' lang='lat'><strong>2.5.</strong></span> <span class='ocrx_word' id='word_1_142' title='bbox 1606 1090 1734 1127; x_wconf 86' lang='lat' dir='ltr'>Acron,</span> 
     </span>
     <span class='ocr_line' id='line_1_17' title="bbox 275 1135 1734 1175; baseline 0.001 -11"><span class='ocrx_word' id='word_1_143' title='bbox 275 1135 465 1166; x_wconf 87' lang='lat' dir='ltr'>Comment.</span> <span class='ocrx_word' id='word_1_144' title='bbox 494 1135 601 1175; x_wconf 82' lang='lat' dir='ltr'>Cruq.</span> <span class='ocrx_word' id='word_1_145' title='bbox 630 1135 728 1166; x_wconf 87' lang='lat' dir='ltr'>Fran.</span> <span class='ocrx_word' id='word_1_146' title='bbox 759 1137 857 1167; x_wconf 80' lang='lat' dir='ltr'>Dess.</span> <span class='ocrx_word' id='word_1_147' title='bbox 881 1138 913 1166; x_wconf 84' lang='lat'>2.</span> <span class='ocrx_word' id='word_1_148' title='bbox 950 1145 1010 1166; x_wconf 87' lang='lat' dir='ltr'>sex</span> <span class='ocrx_word' id='word_1_149' title='bbox 1048 1136 1206 1167; x_wconf 86' lang='lat' dir='ltr'>Torrent.</span> <span class='ocrx_word' id='word_1_150' title='bbox 1231 1136 1372 1166; x_wconf 85' lang='lat' dir='ltr'>Venett.</span> <span class='ocrx_word' id='word_1_151' title='bbox 1398 1137 1492 1166; x_wconf 84' lang='grc'><strong>1478.</strong></span> <span class='ocrx_word' id='word_1_152' title='bbox 1518 1136 1614 1165; x_wconf 83' lang='grc'><strong>1479.</strong></span> <span class='ocrx_word' id='word_1_153' title='bbox 1640 1136 1734 1165; x_wconf 80' lang='grc'><strong>1490.</strong></span> 
     </span>
     <span class='ocr_line' id='line_1_18' title="bbox 274 1175 1734 1210; baseline -0.001 -3"><span class='ocrx_word' id='word_1_154' title='bbox 274 1175 419 1208; x_wconf 85' lang='lat' dir='ltr'>Ascens.</span> <span class='ocrx_word' id='word_1_155' title='bbox 464 1177 595 1208; x_wconf 75' lang='lat' dir='ltr'>Daunia</span> <span class='ocrx_word' id='word_1_156' title='bbox 621 1178 655 1208; x_wconf 80' lang='lat' dir='ltr'>in</span> <span class='ocrx_word' id='word_1_157' title='bbox 684 1178 796 1209; x_wconf 85' lang='lat' dir='ltr'>Pulm.</span> <span class='ocrx_word' id='word_1_158' title='bbox 822 1181 855 1209; x_wconf 83' lang='grc'>4.</span> <span class='ocrx_word' id='word_1_159' title='bbox 888 1178 1032 1210; x_wconf 90' lang='lat' dir='ltr'>Mentel.</span> <span class='ocrx_word' id='word_1_160' title='bbox 1056 1178 1210 1210; x_wconf 80' lang='lat' dir='ltr'>Mancia.</span> <span class='ocrx_word' id='word_1_161' title='bbox 1235 1177 1360 1208; x_wconf 84' lang='lat' dir='ltr'>venet.</span> <span class='ocrx_word' id='word_1_162' title='bbox 1384 1179 1481 1208; x_wconf 82' lang='grc'><strong>1590.</strong></span> <span class='ocrx_word' id='word_1_163' title='bbox 1510 1177 1592 1208; x_wconf 85' lang='lat' dir='ltr'>Vet.</span> <span class='ocrx_word' id='word_1_164' title='bbox 1613 1175 1734 1207; x_wconf 85' lang='lat' dir='ltr'>Comb.</span> 
     </span>
     <span class='ocr_line' id='line_1_19' title="bbox 275 1218 1733 1262; baseline -0.001 -13"><span class='ocrx_word' id='word_1_165' title='bbox 275 1219 384 1250; x_wconf 79' lang='lat' dir='ltr'>Basil.</span> <span class='ocrx_word' id='word_1_166' title='bbox 401 1222 497 1251; x_wconf 75' lang='lat'><strong>1531.</strong></span> <span class='ocrx_word' id='word_1_167' title='bbox 522 1219 643 1251; x_wconf 84' lang='lat' dir='ltr'>Lamb.</span> <span class='ocrx_word' id='word_1_168' title='bbox 667 1220 772 1261; x_wconf 90' lang='lat' dir='ltr'>Cruq.</span> <span class='ocrx_word' id='word_1_169' title='bbox 790 1220 874 1252; x_wconf 83' lang='lat' dir='ltr'>Fab.</span> <span class='ocrx_word' id='word_1_170' title='bbox 896 1222 1060 1262; x_wconf 82' lang='lat' dir='ltr'>Rntgers.</span> <span class='ocrx_word' id='word_1_171' title='bbox 1076 1221 1122 1252; x_wconf 89' lang='lat' dir='ltr'>H.</span> <span class='ocrx_word' id='word_1_172' title='bbox 1140 1220 1258 1261; x_wconf 86' lang='lat' dir='ltr'>Steph.</span> <span class='ocrx_word' id='word_1_173' title='bbox 1275 1219 1318 1251; x_wconf 90' lang='lat' dir='ltr'>R.</span> <span class='ocrx_word' id='word_1_174' title='bbox 1333 1220 1456 1260; x_wconf 79' lang='lat' dir='ltr'>Stepli.</span> <span class='ocrx_word' id='word_1_175' title='bbox 1469 1219 1609 1251; x_wconf 80' lang='lat' dir='ltr'>Talbot.</span> <span class='ocrx_word' id='word_1_176' title='bbox 1633 1218 1733 1257; x_wconf 82' lang='lat' dir='ltr'>Fine,</span> 
     </span>
     <span class='ocr_line' id='line_1_20' title="bbox 275 1261 1736 1304; baseline 0.001 -13"><span class='ocrx_word' id='word_1_177' title='bbox 275 1261 394 1292; x_wconf 88' lang='lat' dir='ltr'>Bentl.</span> <span class='ocrx_word' id='word_1_178' title='bbox 409 1263 532 1295; x_wconf 80' lang='lat' dir='ltr'>Dacer.</span> <span class='ocrx_word' id='word_1_179' title='bbox 548 1262 666 1295; x_wconf 88' lang='lat' dir='ltr'>Jones.</span> <span class='ocrx_word' id='word_1_180' title='bbox 683 1263 857 1294; x_wconf 81' lang='lat' dir='ltr'>Sclirevel.</span> <span class='ocrx_word' id='word_1_181' title='bbox 875 1263 997 1304; x_wconf 86' lang='lat' dir='ltr'>Delph.</span> <span class='ocrx_word' id='word_1_182' title='bbox 1012 1263 1160 1295; x_wconf 84' lang='lat' dir='ltr'>Wetzel.</span> <span class='ocrx_word' id='word_1_183' title='bbox 1175 1268 1212 1294; x_wconf 76' lang='lat' dir='ltr'>et</span> <span class='ocrx_word' id='word_1_184' title='bbox 1227 1261 1335 1294; x_wconf 86' lang='lat' dir='ltr'>Kidd.</span> <span class='ocrx_word' id='word_1_185' title='bbox 1349 1263 1359 1278; x_wconf 90' lang='lat'>‘</span> <span class='ocrx_word' id='word_1_186' title='bbox 1372 1262 1460 1293; x_wconf 80' lang='lat' dir='ltr'>sane</span> <span class='ocrx_word' id='word_1_187' title='bbox 1475 1261 1533 1293; x_wconf 83' lang='lat' dir='ltr'>vix</span> <span class='ocrx_word' id='word_1_188' title='bbox 1548 1270 1628 1293; x_wconf 84' lang='lat' dir='ltr'>usus</span> <span class='ocrx_word' id='word_1_189' title='bbox 1642 1266 1736 1292; x_wconf 82' lang='lat' dir='ltr'>esset</span> 
     </span>
     <span class='ocr_line' id='line_1_21' title="bbox 275 1303 1733 1346; baseline -0.001 -11"><span class='ocrx_word' id='word_1_190' title='bbox 275 1303 441 1336; x_wconf 76' lang='lat' dir='ltr'>Horatius</span> <span class='ocrx_word' id='word_1_191' title='bbox 464 1305 725 1346; x_wconf 85' lang='lat' dir='ltr'>praepositione,</span> <span class='ocrx_word' id='word_1_192' title='bbox 741 1306 768 1335; x_wconf 84' lang='lat' dir='ltr'>si</span> <span class='ocrx_word' id='word_1_193' title='bbox 794 1305 874 1346; x_wconf 87' lang='lat' dir='ltr'>quid</span> <span class='ocrx_word' id='word_1_194' title='bbox 890 1306 1025 1338; x_wconf 81' lang='lat' dir='ltr'>sentio.’</span> <span class='ocrx_word' id='word_1_195' title='bbox 1045 1307 1137 1337; x_wconf 84' lang='lat' dir='ltr'>Jani.</span> <span class='ocrx_word' id='word_1_196' title='bbox 1182 1305 1329 1337; x_wconf 75' lang='lat' dir='ltr'>Daunias</span> <span class='ocrx_word' id='word_1_197' title='bbox 1351 1305 1483 1345; x_wconf 86' lang='lat' dir='ltr'>Porph.</span> <span class='ocrx_word' id='word_1_198' title='bbox 1507 1304 1621 1337; x_wconf 80' lang='lat' dir='ltr'>Putm.</span> <span class='ocrx_word' id='word_1_199' title='bbox 1647 1305 1678 1335; x_wconf 85' lang='lat' dir='ltr'>l.</span> <span class='ocrx_word' id='word_1_200' title='bbox 1700 1305 1733 1334; x_wconf 83' lang='lat'>2.</span> 
     </span>
     <span class='ocr_line' id='line_1_22' title="bbox 273 1345 1733 1389; baseline 0 -13"><span class='ocrx_word' id='word_1_201' title='bbox 273 1348 305 1376; x_wconf 76' lang='grc'>4.</span> <span class='ocrx_word' id='word_1_202' title='bbox 321 1356 406 1377; x_wconf 84' lang='lat' dir='ltr'>unus</span> <span class='ocrx_word' id='word_1_203' title='bbox 423 1347 557 1379; x_wconf 73' lang='lat' dir='ltr'>Fabi-ic.</span> <span class='ocrx_word' id='word_1_204' title='bbox 572 1350 605 1379; x_wconf 84' lang='grc'>4.</span> <span class='ocrx_word' id='word_1_205' title='bbox 623 1347 745 1379; x_wconf 84' lang='lat' dir='ltr'>Bland.</span> <span class='ocrx_word' id='word_1_206' title='bbox 767 1348 870 1389; x_wconf 85' lang='lat' dir='ltr'>Cruq.</span> <span class='ocrx_word' id='word_1_207' title='bbox 888 1349 975 1381; x_wconf 85' lang='lat' dir='ltr'><strong>Exc.</strong></span> <span class='ocrx_word' id='word_1_208' title='bbox 996 1349 1074 1380; x_wconf 84' lang='lat' dir='ltr'>Sax.</span> <span class='ocrx_word' id='word_1_209' title='bbox 1090 1349 1188 1380; x_wconf 84' lang='lat' dir='ltr'>Gott.</span> <span class='ocrx_word' id='word_1_210' title='bbox 1207 1347 1297 1378; x_wconf 82' lang='lat' dir='ltr'>Flor.</span> <span class='ocrx_word' id='word_1_211' title='bbox 1309 1347 1408 1379; x_wconf 85' lang='lat' dir='ltr'>Harl.</span> <span class='ocrx_word' id='word_1_212' title='bbox 1434 1350 1465 1379; x_wconf 90' lang='lat'>1.</span> <span class='ocrx_word' id='word_1_213' title='bbox 1478 1349 1509 1378; x_wconf 78' lang='grc'>3.</span> <span class='ocrx_word' id='word_1_214' title='bbox 1524 1349 1556 1379; x_wconf 80' lang='grc'>4.</span> <span class='ocrx_word' id='word_1_215' title='bbox 1573 1349 1606 1378; x_wconf 82' lang='grc'>6.</span> <span class='ocrx_word' id='word_1_216' title='bbox 1635 1345 1733 1377; x_wconf 84' lang='lat' dir='ltr'>Leid.</span> 
     </span>
     <span class='ocr_line' id='line_1_23' title="bbox 275 1386 1732 1432; baseline 0 -14"><span class='ocrx_word' id='word_1_217' title='bbox 275 1388 406 1421; x_wconf 82' lang='lat' dir='ltr'>Zulicli.</span> <span class='ocrx_word' id='word_1_218' title='bbox 424 1390 541 1421; x_wconf 81' lang='lat' dir='ltr'>Graev.</span> <span class='ocrx_word' id='word_1_219' title='bbox 557 1394 593 1422; x_wconf 90' lang='lat' dir='ltr'>et</span> <span class='ocrx_word' id='word_1_220' title='bbox 610 1390 732 1432; x_wconf 82' lang='lat' dir='ltr'><strong>Regin.</strong></span> <span class='ocrx_word' id='word_1_221' title='bbox 750 1399 769 1421; x_wconf 79' lang='lat' dir='ltr'>a</span> <span class='ocrx_word' id='word_1_222' title='bbox 786 1400 829 1422; x_wconf 91' lang='lat' dir='ltr'>m.</span> <span class='ocrx_word' id='word_1_223' title='bbox 845 1400 897 1432; x_wconf 87' lang='lat' dir='ltr'>pr.</span> <span class='ocrx_word' id='word_1_224' title='bbox 923 1390 1032 1432; x_wconf 88' lang='lat' dir='ltr'>(qnod</span> <span class='ocrx_word' id='word_1_225' title='bbox 1049 1395 1086 1422; x_wconf 93' lang='lat' dir='ltr'>et</span> <span class='ocrx_word' id='word_1_226' title='bbox 1101 1391 1135 1422; x_wconf 91' lang='lat' dir='ltr'>in</span> <span class='ocrx_word' id='word_1_227' title='bbox 1159 1390 1272 1422; x_wconf 87' lang='lat' dir='ltr'>multis</span> <span class='ocrx_word' id='word_1_228' title='bbox 1285 1390 1376 1421; x_wconf 65' lang='lat' dir='ltr'>‘aliis</span> <span class='ocrx_word' id='word_1_229' title='bbox 1400 1390 1451 1422; x_wconf 84' lang='lat' dir='ltr'>sie</span> <span class='ocrx_word' id='word_1_230' title='bbox 1473 1394 1541 1428; x_wconf 72' lang='lat' dir='ltr'>est,</span> <span class='ocrx_word' id='word_1_231' title='bbox 1562 1397 1660 1421; x_wconf 68' lang='lat' dir='ltr'>eraso</span> <span class='ocrx_word' id='word_1_232' title='bbox 1675 1386 1732 1428; x_wconf 74' lang='lat'>⁸3)</span> 
     </span>
    </p>
   </div>
   <div class='ocr_carea' id='block_1_6' title="bbox 933 1476 1078 1508">
    <p class='ocr_par' dir='ltr' id='par_1_8' title="bbox 933 1476 1078 1508">
     <span class='ocr_line' id='line_1_24' title="bbox 933 1476 1078 1508; baseline 0 0"><span class='ocrx_word' id='word_1_233' title='bbox 933 1476 1078 1508; x_wconf 82' lang='lat' dir='ltr'>NOTAE</span> 
     </span>
    </p>
   </div>
   <div class='ocr_carea' id='block_1_7' title="bbox 271 1537 980 2785">
    <p class='ocr_par' dir='ltr' id='par_1_9' title="bbox 275 1537 977 1630">
     <span class='ocr_line' id='line_1_25' title="bbox 319 1537 977 1580; baseline 0.003 -12"><span class='ocrx_word' id='word_1_234' title='bbox 319 1539 357 1569; x_wconf 90' lang='lat' dir='ltr'>ll</span> <span class='ocrx_word' id='word_1_235' title='bbox 385 1537 478 1568; x_wconf 74' lang='lat' dir='ltr'>Curis</span> <span class='ocrx_word' id='word_1_236' title='bbox 495 1538 652 1579; x_wconf 78' lang='lat' dir='ltr'>expeditis</span> <span class='ocrx_word' id='word_1_237' title='bbox 675 1538 870 1580; x_wconf 64' lang='lat' dir='ltr'>[expeditne]</span> <span class='ocrx_word' id='word_1_238' title='bbox 894 1539 977 1573; x_wconf 84' lang='lat' dir='ltr'>Qui·</span> 
     </span>
     <span class='ocr_line' id='line_1_26' title="bbox 275 1587 940 1630; baseline 0.002 -11"><span class='ocrx_word' id='word_1_239' title='bbox 275 1587 352 1619; x_wconf 83' lang='lat' dir='ltr'>darn</span> <span class='ocrx_word' id='word_1_240' title='bbox 369 1589 503 1627; x_wconf 76' lang='lat' dir='ltr'>legunt,</span> <span class='ocrx_word' id='word_1_241' title='bbox 517 1589 693 1629; x_wconf 78' lang='lat' dir='ltr'>expeditis.-</span> <span class='ocrx_word' id='word_1_242' title='bbox 717 1589 860 1630; x_wconf 87' lang='lat' dir='ltr'>perinde</span> <span class='ocrx_word' id='word_1_243' title='bbox 878 1593 940 1621; x_wconf 77' lang='lat' dir='ltr'>est.</span> 
     </span>
    </p>

    <p class='ocr_par' dir='ltr' id='par_1_10' title="bbox 271 1639 980 2785">
     <span class='ocr_line' id='line_1_27' title="bbox 319 1639 979 1680; baseline 0 -10"><span class='ocrx_word' id='word_1_244' title='bbox 319 1641 359 1670; x_wconf 83' lang='lat'>12</span> <span class='ocrx_word' id='word_1_245' title='bbox 382 1639 654 1680; x_wconf 77' lang='lat' dir='ltr'>Fugitinermem]</span> <span class='ocrx_word' id='word_1_246' title='bbox 678 1641 792 1672; x_wconf 83' lang='lat' dir='ltr'>Meam</span> <span class='ocrx_word' id='word_1_247' title='bbox 809 1639 979 1671; x_wconf 78' lang='lat' dir='ltr'>reveritus</span> 
     </span>
     <span class='ocr_line' id='line_1_28' title="bbox 274 1689 978 1729; baseline 0.001 -10"><span class='ocrx_word' id='word_1_248' title='bbox 274 1689 518 1729; x_wconf 80' lang='lat' dir='ltr'>innocentiam,</span> <span class='ocrx_word' id='word_1_249' title='bbox 537 1699 603 1721; x_wconf 90' lang='lat' dir='ltr'>non</span> <span class='ocrx_word' id='word_1_250' title='bbox 630 1691 731 1722; x_wconf 80' lang='lat' dir='ltr'>armis</span> <span class='ocrx_word' id='word_1_251' title='bbox 748 1691 902 1728; x_wconf 86' lang='lat' dir='ltr'>territus,</span> <span class='ocrx_word' id='word_1_252' title='bbox 920 1690 978 1721; x_wconf 87' lang='lat' dir='ltr'>ille</span> 
     </span>
     <span class='ocr_line' id='line_1_29' title="bbox 272 1739 978 1782; baseline 0.003 -12"><span class='ocrx_word' id='word_1_253' title='bbox 272 1740 373 1780; x_wconf 87' lang='lat' dir='ltr'>lupus</span> <span class='ocrx_word' id='word_1_254' title='bbox 397 1741 504 1772; x_wconf 80' lang='lat' dir='ltr'>cessit</span> <span class='ocrx_word' id='word_1_255' title='bbox 531 1739 702 1782; x_wconf 79' lang='lat' dir='ltr'>fugitque,</span> <span class='ocrx_word' id='word_1_256' title='bbox 726 1741 835 1782; x_wconf 87' lang='lat' dir='ltr'>inquit</span> <span class='ocrx_word' id='word_1_257' title='bbox 856 1740 978 1772; x_wconf 55' lang='lat' dir='ltr'>Poeta.</span> 
     </span>
     <span class='ocr_line' id='line_1_30' title="bbox 274 1789 977 1830; baseline 0.003 -10"><span class='ocrx_word' id='word_1_258' title='bbox 274 1790 311 1820; x_wconf 90' lang='lat' dir='ltr'>S.</span> <span class='ocrx_word' id='word_1_259' title='bbox 337 1789 478 1830; x_wconf 78' lang='lat' dir='ltr'>August.</span> <span class='ocrx_word' id='word_1_260' title='bbox 505 1790 564 1822; x_wconf 81' lang='lat' dir='ltr'>lib.</span> <span class='ocrx_word' id='word_1_261' title='bbox 591 1799 615 1823; x_wconf 92' lang='lat'>1.</span> <span class='ocrx_word' id='word_1_262' title='bbox 638 1795 759 1823; x_wconf 82' lang='lat' dir='ltr'>contra</span> <span class='ocrx_word' id='word_1_263' title='bbox 778 1791 977 1824; x_wconf 73' lang='lat' dir='ltr'>sulianum:</span> 
     </span>
     <span class='ocr_line' id='line_1_31' title="bbox 271 1839 980 1883; baseline 0.004 -13"><span class='ocrx_word' id='word_1_264' title='bbox 271 1840 281 1856; x_wconf 87' lang='lat'>‘</span> <span class='ocrx_word' id='word_1_265' title='bbox 299 1839 429 1871; x_wconf 80' lang='lat' dir='ltr'>Omnes</span> <span class='ocrx_word' id='word_1_266' title='bbox 453 1839 595 1880; x_wconf 82' lang='lat' dir='ltr'>bestiae,’</span> <span class='ocrx_word' id='word_1_267' title='bbox 621 1842 743 1883; x_wconf 87' lang='lat' dir='ltr'>inquit,</span> <span class='ocrx_word' id='word_1_268' title='bbox 767 1842 778 1859; x_wconf 93' lang='lat'>‘</span> <span class='ocrx_word' id='word_1_269' title='bbox 795 1846 875 1873; x_wconf 82' lang='lat' dir='ltr'>ante</span> <span class='ocrx_word' id='word_1_270' title='bbox 899 1851 980 1882; x_wconf 89' lang='lat' dir='ltr'>pec·</span> 
     </span>
     <span class='ocr_line' id='line_1_32' title="bbox 274 1890 978 1933; baseline 0.007 -14"><span class='ocrx_word' id='word_1_271' title='bbox 274 1895 388 1920; x_wconf 79' lang='lat' dir='ltr'>catum</span> <span class='ocrx_word' id='word_1_272' title='bbox 405 1890 531 1921; x_wconf 87' lang='lat' dir='ltr'>homini</span> <span class='ocrx_word' id='word_1_273' title='bbox 547 1896 647 1923; x_wconf 81' lang='lat' dir='ltr'>erant</span> <span class='ocrx_word' id='word_1_274' title='bbox 662 1892 841 1933; x_wconf 66' lang='lat' dir='ltr'>subjectae.</span> <span class='ocrx_word' id='word_1_275' title='bbox 877 1892 978 1925; x_wconf 83' lang='lat' dir='ltr'>Quod</span> 
     </span>
     <span class='ocr_line' id='line_1_33' title="bbox 273 1943 979 1984; baseline 0.01 -16"><span class='ocrx_word' id='word_1_276' title='bbox 273 1943 387 1969; x_wconf 85' lang='lat' dir='ltr'>autem</span> <span class='ocrx_word' id='word_1_277' title='bbox 406 1949 495 1971; x_wconf 90' lang='lat' dir='ltr'>nunc</span> <span class='ocrx_word' id='word_1_278' title='bbox 509 1948 649 1981; x_wconf 85' lang='lat' dir='ltr'>nocent,</span> <span class='ocrx_word' id='word_1_279' title='bbox 677 1953 776 1982; x_wconf 81' lang='lat' dir='ltr'>poena</span> <span class='ocrx_word' id='word_1_280' title='bbox 801 1943 902 1984; x_wconf 88' lang='lat' dir='ltr'>primi</span> <span class='ocrx_word' id='word_1_281' title='bbox 924 1948 979 1975; x_wconf 89' lang='lat' dir='ltr'>est</span> 
     </span>
     <span class='ocr_line' id='line_1_34' title="bbox 275 1988 978 2032; baseline 0.009 -15"><span class='ocrx_word' id='word_1_282' title='bbox 275 1988 422 2029; x_wconf 78' lang='lat' dir='ltr'>peceati.</span> <span class='ocrx_word' id='word_1_283' title='bbox 468 1988 500 2019; x_wconf 90' lang='lat' dir='ltr'><strong>A</strong></span> <span class='ocrx_word' id='word_1_284' title='bbox 537 1990 735 2030; x_wconf 76' lang='lat' dir='ltr'>principatu</span> <span class='ocrx_word' id='word_1_285' title='bbox 775 1992 978 2032; x_wconf 86' lang='lat' dir='ltr'>decidimus,</span> 
     </span>
     <span class='ocr_line' id='line_1_35' title="bbox 274 2038 977 2083; baseline 0.007 -15"><span class='ocrx_word' id='word_1_286' title='bbox 274 2048 294 2069; x_wconf 81' lang='lat' dir='ltr'>a</span> <span class='ocrx_word' id='word_1_287' title='bbox 323 2038 447 2069; x_wconf 79' lang='lat' dir='ltr'>fiducia</span> <span class='ocrx_word' id='word_1_288' title='bbox 471 2044 508 2070; x_wconf 88' lang='lat' dir='ltr'>et</span> <span class='ocrx_word' id='word_1_289' title='bbox 538 2040 692 2072; x_wconf 85' lang='lat' dir='ltr'>honore.&#39;</span> <span class='ocrx_word' id='word_1_290' title='bbox 751 2041 816 2072; x_wconf 88' lang='lat' dir='ltr'>Ille</span> <span class='ocrx_word' id='word_1_291' title='bbox 840 2043 977 2083; x_wconf 82' lang='lat' dir='ltr'>quidem</span> 
     </span>
     <span class='ocr_line' id='line_1_36' title="bbox 274 2089 977 2131; baseline 0.006 -12"><span class='ocrx_word' id='word_1_292' title='bbox 274 2089 489 2130; x_wconf 74' lang='lat' dir='ltr'>principatus</span> <span class='ocrx_word' id='word_1_293' title='bbox 506 2093 690 2131; x_wconf 85' lang='lat' dir='ltr'>utcumque</span> <span class='ocrx_word' id='word_1_294' title='bbox 713 2096 767 2121; x_wconf 87' lang='lat' dir='ltr'>est</span> <span class='ocrx_word' id='word_1_295' title='bbox 784 2092 977 2131; x_wconf 84' lang='lat' dir='ltr'>restitutus,</span> 
     </span>
     <span class='ocr_line' id='line_1_37' title="bbox 273 2139 976 2181; baseline 0.003 -11"><span class='ocrx_word' id='word_1_296' title='bbox 273 2144 354 2181; x_wconf 86' lang='lat' dir='ltr'>post</span> <span class='ocrx_word' id='word_1_297' title='bbox 372 2139 535 2171; x_wconf 86' lang='lat' dir='ltr'>dilnvium</span> <span class='ocrx_word' id='word_1_298' title='bbox 560 2141 637 2171; x_wconf 91' lang='lat' dir='ltr'>Deo</span> <span class='ocrx_word' id='word_1_299' title='bbox 660 2141 709 2171; x_wconf 82' lang='lat' dir='ltr'>sic</span> <span class='ocrx_word' id='word_1_300' title='bbox 735 2139 811 2172; x_wconf 74' lang='lat' dir='ltr'>Noe&#39;</span> <span class='ocrx_word' id='word_1_301' title='bbox 835 2146 870 2172; x_wconf 84' lang='lat' dir='ltr'>et</span> <span class='ocrx_word' id='word_1_302' title='bbox 896 2141 976 2172; x_wconf 82' lang='lat' dir='ltr'>filiis</span> 
     </span>
     <span class='ocr_line' id='line_1_38' title="bbox 274 2189 977 2232; baseline 0.004 -12"><span class='ocrx_word' id='word_1_303' title='bbox 274 2190 348 2230; x_wconf 85' lang='lat' dir='ltr'>ejus</span> <span class='ocrx_word' id='word_1_304' title='bbox 370 2189 543 2230; x_wconf 81' lang='lat' dir='ltr'>loquente,</span> <span class='ocrx_word' id='word_1_305' title='bbox 568 2189 694 2221; x_wconf 67' lang='lat' dir='ltr'>Genea.</span> <span class='ocrx_word' id='word_1_306' title='bbox 719 2200 795 2232; x_wconf 87' lang='lat' dir='ltr'>cap.</span> <span class='ocrx_word' id='word_1_307' title='bbox 818 2199 871 2222; x_wconf 81' lang='lat' dir='ltr'>lx.</span> <span class='ocrx_word' id='word_1_308' title='bbox 896 2192 906 2208; x_wconf 87' lang='lat'>‘</span> <span class='ocrx_word' id='word_1_309' title='bbox 925 2192 977 2223; x_wconf 91' lang='lat' dir='ltr'>Sit</span> 
     </span>
     <span class='ocr_line' id='line_1_39' title="bbox 275 2232 978 2281; baseline 0.001 -10"><span class='ocrx_word' id='word_1_310' title='bbox 275 2232 388 2271; x_wconf 72' lang='lat' dir='ltr'>terror</span> <span class='ocrx_word' id='word_1_311' title='bbox 405 2245 520 2271; x_wconf 83' lang='lat' dir='ltr'>vester</span> <span class='ocrx_word' id='word_1_312' title='bbox 536 2250 575 2271; x_wconf 87' lang='lat' dir='ltr'>ac</span> <span class='ocrx_word' id='word_1_313' title='bbox 586 2245 717 2272; x_wconf 87' lang='lat' dir='ltr'>tremor</span> <span class='ocrx_word' id='word_1_314' title='bbox 732 2250 837 2281; x_wconf 81' lang='lat' dir='ltr'>super</span> <span class='ocrx_word' id='word_1_315' title='bbox 851 2246 978 2273; x_wconf 86' lang='lat' dir='ltr'>cuncta</span> 
     </span>
     <span class='ocr_line' id='line_1_40' title="bbox 274 2284 976 2329; baseline 0.001 -8"><span class='ocrx_word' id='word_1_316' title='bbox 274 2289 432 2321; x_wconf 76' lang='lat' dir='ltr'>animalia</span> <span class='ocrx_word' id='word_1_317' title='bbox 458 2289 598 2329; x_wconf 83' lang='lat' dir='ltr'>terrae3&#39;</span> <span class='ocrx_word' id='word_1_318' title='bbox 634 2290 724 2321; x_wconf 91' lang='lat' dir='ltr'>unde</span> <span class='ocrx_word' id='word_1_319' title='bbox 747 2284 789 2321; x_wconf 74' lang='grc'><strong>’8.</strong></span> <span class='ocrx_word' id='word_1_320' title='bbox 818 2290 976 2322; x_wconf 87' lang='lat' dir='ltr'>Ambros.</span> 
     </span>
     <span class='ocr_line' id='line_1_41' title="bbox 275 2341 977 2382; baseline 0 -10"><span class='ocrx_word' id='word_1_321' title='bbox 275 2341 386 2382; x_wconf 83' lang='lat' dir='ltr'>Epist.</span> <span class='ocrx_word' id='word_1_322' title='bbox 406 2348 570 2372; x_wconf 81' lang='lat' dir='ltr'>xxxviii.</span> <span class='ocrx_word' id='word_1_323' title='bbox 596 2345 612 2377; x_wconf 64' lang='lat'>,⁸</span> <span class='ocrx_word' id='word_1_324' title='bbox 627 2341 722 2372; x_wconf 81' lang='lat' dir='ltr'>Ferae</span> <span class='ocrx_word' id='word_1_325' title='bbox 749 2351 824 2372; x_wconf 82' lang='lat' dir='ltr'>suos</span> <span class='ocrx_word' id='word_1_326' title='bbox 847 2351 977 2373; x_wconf 76' lang='lat' dir='ltr'>morsus</span> 
     </span>
     <span class='ocr_line' id='line_1_42' title="bbox 273 2390 976 2432; baseline 0.001 -10"><span class='ocrx_word' id='word_1_327' title='bbox 273 2401 368 2432; x_wconf 82' lang='lat' dir='ltr'>saepe</span> <span class='ocrx_word' id='word_1_328' title='bbox 397 2390 649 2431; x_wconf 83' lang='lat' dir='ltr'>suspenderunt</span> <span class='ocrx_word' id='word_1_329' title='bbox 681 2395 864 2423; x_wconf 79' lang='lat' dir='ltr'>revocante</span> <span class='ocrx_word' id='word_1_330' title='bbox 893 2400 976 2423; x_wconf 82' lang='lat' dir='ltr'>sono</span> 
     </span>
     <span class='ocr_line' id='line_1_43' title="bbox 275 2440 977 2481; baseline 0 -9"><span class='ocrx_word' id='word_1_331' title='bbox 275 2442 367 2473; x_wconf 85' lang='lat' dir='ltr'>vocis</span> <span class='ocrx_word' id='word_1_332' title='bbox 394 2440 561 2472; x_wconf 80' lang='lat' dir='ltr'>humanae.</span> <span class='ocrx_word' id='word_1_333' title='bbox 614 2441 746 2472; x_wconf 79' lang='lat' dir='ltr'>Leones</span> <span class='ocrx_word' id='word_1_334' title='bbox 765 2440 856 2481; x_wconf 82' lang='lat' dir='ltr'>ipsos</span> <span class='ocrx_word' id='word_1_335' title='bbox 885 2441 977 2472; x_wconf 77' lang='lat' dir='ltr'>vide·</span> 
     </span>
     <span class='ocr_line' id='line_1_44' title="bbox 274 2489 976 2532; baseline 0 -10"><span class='ocrx_word' id='word_1_336' title='bbox 274 2501 361 2530; x_wconf 83' lang='lat' dir='ltr'>mus,</span> <span class='ocrx_word' id='word_1_337' title='bbox 378 2490 405 2522; x_wconf 88' lang='lat' dir='ltr'>si</span> <span class='ocrx_word' id='word_1_338' title='bbox 424 2499 490 2521; x_wconf 90' lang='lat' dir='ltr'>vox</span> <span class='ocrx_word' id='word_1_339' title='bbox 511 2489 656 2521; x_wconf 85' lang='lat' dir='ltr'>hominis</span> <span class='ocrx_word' id='word_1_340' title='bbox 679 2491 867 2532; x_wconf 82' lang='lat' dir='ltr'>resultarit,</span> <span class='ocrx_word' id='word_1_341' title='bbox 889 2501 976 2532; x_wconf 80' lang='lat' dir='ltr'>prae·</span> 
     </span>
     <span class='ocr_line' id='line_1_45' title="bbox 275 2541 978 2582; baseline 0.001 -10"><span class='ocrx_word' id='word_1_342' title='bbox 275 2542 352 2572; x_wconf 84' lang='lat' dir='ltr'>dam</span> <span class='ocrx_word' id='word_1_343' title='bbox 368 2541 544 2572; x_wconf 79' lang='lat' dir='ltr'>dimittere</span> <span class='ocrx_word' id='word_1_344' title='bbox 558 2551 566 2572; x_wconf 78' lang='lat' dir='ltr'>z</span> <span class='ocrx_word' id='word_1_345' title='bbox 594 2541 719 2582; x_wconf 84' lang='lat' dir='ltr'>pardos</span> <span class='ocrx_word' id='word_1_346' title='bbox 734 2545 770 2574; x_wconf 85' lang='lat' dir='ltr'>et</span> <span class='ocrx_word' id='word_1_347' title='bbox 781 2550 878 2574; x_wconf 85' lang='lat' dir='ltr'>ursos</span> <span class='ocrx_word' id='word_1_348' title='bbox 894 2541 978 2574; x_wconf 84' lang='lat' dir='ltr'>inei·</span> 
     </span>
     <span class='ocr_line' id='line_1_46' title="bbox 276 2591 975 2624; baseline 0.001 -1"><span class='ocrx_word' id='word_1_349' title='bbox 276 2593 339 2623; x_wconf 83' lang='lat' dir='ltr'>tari</span> <span class='ocrx_word' id='word_1_350' title='bbox 371 2602 411 2623; x_wconf 85' lang='lat' dir='ltr'>ae</span> <span class='ocrx_word' id='word_1_351' title='bbox 442 2592 595 2623; x_wconf 85' lang='lat' dir='ltr'>revocari</span> <span class='ocrx_word' id='word_1_352' title='bbox 628 2591 788 2623; x_wconf 73' lang='lat' dir='ltr'>vocibus:</span> <span class='ocrx_word' id='word_1_353' title='bbox 825 2593 872 2624; x_wconf 86' lang='lat' dir='ltr'>At</span> <span class='ocrx_word' id='word_1_354' title='bbox 898 2602 975 2624; x_wconf 83' lang='lat' dir='ltr'>cum</span> 
     </span>
     <span class='ocr_line' id='line_1_47' title="bbox 274 2642 976 2684; baseline 0.003 -11"><span class='ocrx_word' id='word_1_355' title='bbox 274 2642 461 2673; x_wconf 72' lang='lat' dir='ltr'>sanctitate</span> <span class='ocrx_word' id='word_1_356' title='bbox 488 2651 618 2673; x_wconf 87' lang='lat' dir='ltr'>morum</span> <span class='ocrx_word' id='word_1_357' title='bbox 653 2652 692 2674; x_wconf 86' lang='lat' dir='ltr'>ac</span> <span class='ocrx_word' id='word_1_358' title='bbox 723 2642 804 2675; x_wconf 82' lang='lat' dir='ltr'>vitae</span> <span class='ocrx_word' id='word_1_359' title='bbox 835 2643 976 2684; x_wconf 84' lang='lat' dir='ltr'>integri·</span> 
     </span>
     <span class='ocr_line' id='line_1_48' title="bbox 275 2692 977 2736; baseline 0.001 -12"><span class='ocrx_word' id='word_1_360' title='bbox 275 2697 348 2724; x_wconf 76' lang='lat' dir='ltr'>tate</span> <span class='ocrx_word' id='word_1_361' title='bbox 373 2692 416 2723; x_wconf 85' lang='lat' dir='ltr'>ad</span> <span class='ocrx_word' id='word_1_362' title='bbox 444 2692 591 2732; x_wconf 82' lang='lat' dir='ltr'>priorem</span> <span class='ocrx_word' id='word_1_363' title='bbox 620 2693 848 2725; x_wconf 85' lang='lat' dir='ltr'>innocentiam</span> <span class='ocrx_word' id='word_1_364' title='bbox 873 2700 977 2736; x_wconf 80' lang='lat' dir='ltr'>atque</span> 
     </span>
     <span class='ocr_line' id='line_1_49' title="bbox 273 2743 976 2785; baseline 0.001 -9"><span class='ocrx_word' id='word_1_365' title='bbox 273 2743 316 2776; x_wconf 83' lang='lat' dir='ltr'>ad</span> <span class='ocrx_word' id='word_1_366' title='bbox 332 2743 466 2785; x_wconf 84' lang='lat' dir='ltr'>plenam</span> <span class='ocrx_word' id='word_1_367' title='bbox 484 2743 575 2783; x_wconf 79' lang='lat' dir='ltr'>apud</span> <span class='ocrx_word' id='word_1_368' title='bbox 594 2743 703 2775; x_wconf 88' lang='lat' dir='ltr'>Deum</span> <span class='ocrx_word' id='word_1_369' title='bbox 720 2744 864 2785; x_wconf 83' lang='lat' dir='ltr'>gratiam</span> <span class='ocrx_word' id='word_1_370' title='bbox 877 2745 976 2777; x_wconf 81' lang='lat' dir='ltr'>homo</span> 
     </span>
    </p>
   </div>
   <div class='ocr_carea' id='block_1_8' title="bbox 1029 1536 1736 2786">
    <p class='ocr_par' dir='ltr' id='par_1_11' title="bbox 1031 1536 1736 1983">
     <span class='ocr_line' id='line_1_50' title="bbox 1031 1536 1734 1579; baseline 0 -9"><span class='ocrx_word' id='word_1_371' title='bbox 1031 1539 1147 1579; x_wconf 85' lang='lat' dir='ltr'>rediit,</span> <span class='ocrx_word' id='word_1_372' title='bbox 1164 1543 1234 1571; x_wconf 86' lang='lat' dir='ltr'>tum</span> <span class='ocrx_word' id='word_1_373' title='bbox 1260 1543 1358 1571; x_wconf 87' lang='lat' dir='ltr'>certe</span> <span class='ocrx_word' id='word_1_374' title='bbox 1385 1538 1517 1579; x_wconf 83' lang='lat' dir='ltr'>bestiis,</span> <span class='ocrx_word' id='word_1_375' title='bbox 1540 1537 1627 1571; x_wconf 87' lang='lat' dir='ltr'>utin</span> <span class='ocrx_word' id='word_1_376' title='bbox 1641 1536 1734 1571; x_wconf 82' lang='lat' dir='ltr'>felici</span> 
     </span>
     <span class='ocr_line' id='line_1_51' title="bbox 1031 1586 1732 1632; baseline 0 -11"><span class='ocrx_word' id='word_1_377' title='bbox 1031 1590 1202 1632; x_wconf 85' lang='lat' dir='ltr'>quondam</span> <span class='ocrx_word' id='word_1_378' title='bbox 1217 1590 1276 1621; x_wconf 85' lang='lat' dir='ltr'>illo</span> <span class='ocrx_word' id='word_1_379' title='bbox 1290 1595 1396 1628; x_wconf 78' lang='lat' dir='ltr'>statu,</span> <span class='ocrx_word' id='word_1_380' title='bbox 1417 1586 1615 1621; x_wconf 68' lang='lat' dir='ltr'>dominatur</span> <span class='ocrx_word' id='word_1_381' title='bbox 1629 1589 1732 1630; x_wconf 77' lang='lat' dir='ltr'>plane</span> 
     </span>
     <span class='ocr_line' id='line_1_52' title="bbox 1031 1638 1733 1672; baseline -0.001 -1"><span class='ocrx_word' id='word_1_382' title='bbox 1031 1646 1066 1672; x_wconf 88' lang='lat' dir='ltr'>et</span> <span class='ocrx_word' id='word_1_383' title='bbox 1083 1640 1124 1671; x_wconf 88' lang='lat' dir='ltr'>ad</span> <span class='ocrx_word' id='word_1_384' title='bbox 1143 1640 1332 1672; x_wconf 85' lang='lat' dir='ltr'>arbitrium.</span> <span class='ocrx_word' id='word_1_385' title='bbox 1369 1640 1552 1671; x_wconf 82' lang='lat' dir='ltr'>Sicleones</span> <span class='ocrx_word' id='word_1_386' title='bbox 1567 1638 1600 1670; x_wconf 87' lang='lat' dir='ltr'>in</span> <span class='ocrx_word' id='word_1_387' title='bbox 1615 1648 1733 1671; x_wconf 84' lang='lat' dir='ltr'>eremo</span> 
     </span>
     <span class='ocr_line' id='line_1_53' title="bbox 1031 1689 1732 1731; baseline -0.001 -10"><span class='ocrx_word' id='word_1_388' title='bbox 1031 1690 1166 1731; x_wconf 81' lang='lat' dir='ltr'>dejecta</span> <span class='ocrx_word' id='word_1_389' title='bbox 1179 1690 1315 1722; x_wconf 84' lang='lat' dir='ltr'>cervice</span> <span class='ocrx_word' id='word_1_390' title='bbox 1330 1690 1373 1722; x_wconf 74' lang='lat' dir='ltr'>ad</span> <span class='ocrx_word' id='word_1_391' title='bbox 1388 1690 1423 1722; x_wconf 85' lang='lat' dir='ltr'>S.</span> <span class='ocrx_word' id='word_1_392' title='bbox 1433 1689 1620 1722; x_wconf 81' lang='lat' dir='ltr'>Antonium</span> <span class='ocrx_word' id='word_1_393' title='bbox 1632 1698 1732 1721; x_wconf 82' lang='lat' dir='ltr'>aece-</span> 
     </span>
     <span class='ocr_line' id='line_1_54' title="bbox 1032 1738 1735 1782; baseline -0.003 -11"><span class='ocrx_word' id='word_1_394' title='bbox 1032 1739 1154 1772; x_wconf 80' lang='lat' dir='ltr'>dentes</span> <span class='ocrx_word' id='word_1_395' title='bbox 1179 1740 1256 1781; x_wconf 84' lang='lat' dir='ltr'>ejus</span> <span class='ocrx_word' id='word_1_396' title='bbox 1280 1749 1398 1772; x_wconf 76' lang='lat' dir='ltr'>manus</span> <span class='ocrx_word' id='word_1_397' title='bbox 1427 1750 1468 1772; x_wconf 74' lang='lat' dir='ltr'>ac</span> <span class='ocrx_word' id='word_1_398' title='bbox 1493 1739 1601 1782; x_wconf 75' lang='lat' dir='ltr'>pede·</span> <span class='ocrx_word' id='word_1_399' title='bbox 1629 1738 1735 1780; x_wconf 73' lang='lat' dir='ltr'>linge-</span> 
     </span>
     <span class='ocr_line' id='line_1_55' title="bbox 1031 1789 1736 1831; baseline -0.003 -9"><span class='ocrx_word' id='word_1_400' title='bbox 1031 1791 1135 1823; x_wconf 87' lang='lat' dir='ltr'>bant:</span> <span class='ocrx_word' id='word_1_401' title='bbox 1161 1799 1302 1831; x_wconf 81' lang='lat' dir='ltr'>serpens</span> <span class='ocrx_word' id='word_1_402' title='bbox 1322 1789 1491 1822; x_wconf 73' lang='lat' dir='ltr'>miniani</span> <span class='ocrx_word' id='word_1_403' title='bbox 1513 1798 1641 1821; x_wconf 87' lang='lat' dir='ltr'>morem</span> <span class='ocrx_word' id='word_1_404' title='bbox 1660 1798 1736 1830; x_wconf 71' lang='lat' dir='ltr'>ges·</span> 
     </span>
     <span class='ocr_line' id='line_1_56' title="bbox 1031 1838 1735 1880; baseline -0.001 -9"><span class='ocrx_word' id='word_1_405' title='bbox 1031 1841 1088 1880; x_wconf 67' lang='lat' dir='ltr'>sit,</span> <span class='ocrx_word' id='word_1_406' title='bbox 1110 1840 1178 1872; x_wconf 89' lang='lat' dir='ltr'>dno</span> <span class='ocrx_word' id='word_1_407' title='bbox 1203 1840 1368 1872; x_wconf 73' lang='lat' dir='ltr'>dracones</span> <span class='ocrx_word' id='word_1_408' title='bbox 1388 1838 1561 1880; x_wconf 83' lang='lat' dir='ltr'>Ammoni,</span> <span class='ocrx_word' id='word_1_409' title='bbox 1579 1838 1735 1872; x_wconf 82' lang='lat' dir='ltr'>crocodi-</span> 
     </span>
     <span class='ocr_line' id='line_1_57' title="bbox 1032 1890 1733 1931; baseline 0 -9"><span class='ocrx_word' id='word_1_410' title='bbox 1032 1892 1084 1923; x_wconf 86' lang='lat' dir='ltr'>lus</span> <span class='ocrx_word' id='word_1_411' title='bbox 1114 1891 1260 1927; x_wconf 85' lang='lat' dir='ltr'>Heleno,</span> <span class='ocrx_word' id='word_1_412' title='bbox 1298 1891 1408 1922; x_wconf 76' lang='lat' dir='ltr'>leaenn</span> <span class='ocrx_word' id='word_1_413' title='bbox 1436 1891 1561 1924; x_wconf 71' lang='lat' dir='ltr'>Joanni</span> <span class='ocrx_word' id='word_1_414' title='bbox 1591 1890 1733 1931; x_wconf 73' lang='lat' dir='ltr'>Abbati,-</span> 
     </span>
     <span class='ocr_line' id='line_1_58' title="bbox 1032 1940 1668 1983; baseline 0 -10"><span class='ocrx_word' id='word_1_415' title='bbox 1032 1943 1155 1983; x_wconf 79' lang='lat' dir='ltr'>hyaena</span> <span class='ocrx_word' id='word_1_416' title='bbox 1169 1942 1323 1974; x_wconf 70' lang='lat' dir='ltr'>Macar-io</span> <span class='ocrx_word' id='word_1_417' title='bbox 1338 1940 1584 1982; x_wconf 72' lang='lat' dir='ltr'>Alexandrino,</span> <span class='ocrx_word' id='word_1_418' title='bbox 1602 1942 1668 1973; x_wconf 78' lang='lat' dir='ltr'>&amp;c-</span> 
     </span>
    </p>

    <p class='ocr_par' dir='ltr' id='par_1_12' title="bbox 1029 1992 1733 2180">
     <span class='ocr_line' id='line_1_59' title="bbox 1077 1992 1732 2033; baseline 0.003 -10"><span class='ocrx_word' id='word_1_419' title='bbox 1077 1995 1116 2023; x_wconf 76' lang='lat'>13</span> <span class='ocrx_word' id='word_1_420' title='bbox 1143 1993 1244 2028; x_wconf 80' lang='lat' dir='ltr'>Quale</span> <span class='ocrx_word' id='word_1_421' title='bbox 1265 1996 1454 2033; x_wconf 69' lang='lat' dir='ltr'>portentum.</span> <span class='ocrx_word' id='word_1_422' title='bbox 1473 1992 1544 2033; x_wconf 61' lang='lat' dir='ltr'>alra]</span> <span class='ocrx_word' id='word_1_423' title='bbox 1565 1993 1662 2025; x_wconf 76' lang='lat' dir='ltr'>Talis</span> <span class='ocrx_word' id='word_1_424' title='bbox 1692 2003 1732 2025; x_wconf 75' lang='lat' dir='ltr'>ne</span> 
     </span>
     <span class='ocr_line' id='line_1_60' title="bbox 1032 2040 1731 2083; baseline 0.004 -12"><span class='ocrx_word' id='word_1_425' title='bbox 1032 2046 1148 2072; x_wconf 82' lang='lat' dir='ltr'>tantus</span> <span class='ocrx_word' id='word_1_426' title='bbox 1165 2046 1240 2072; x_wconf 85' lang='lat' dir='ltr'>erat</span> <span class='ocrx_word' id='word_1_427' title='bbox 1255 2043 1355 2081; x_wconf 83' lang='lat' dir='ltr'>lupus</span> <span class='ocrx_word' id='word_1_428' title='bbox 1371 2042 1450 2082; x_wconf 85' lang='lat' dir='ltr'>iste,</span> <span class='ocrx_word' id='word_1_429' title='bbox 1469 2046 1507 2073; x_wconf 83' lang='lat' dir='ltr'>nt</span> <span class='ocrx_word' id='word_1_430' title='bbox 1523 2043 1628 2083; x_wconf 81' lang='lat' dir='ltr'>major</span> <span class='ocrx_word' id='word_1_431' title='bbox 1642 2040 1731 2074; x_wconf 75' lang='lat' dir='ltr'>hnind</span> 
     </span>
     <span class='ocr_line' id='line_1_61' title="bbox 1031 2090 1733 2132; baseline 0.003 -12"><span class='ocrx_word' id='word_1_432' title='bbox 1031 2095 1192 2121; x_wconf 82' lang='lat' dir='ltr'>occurrat</span> <span class='ocrx_word' id='word_1_433' title='bbox 1203 2090 1317 2121; x_wconf 76' lang='lat' dir='ltr'>bellua</span> <span class='ocrx_word' id='word_1_434' title='bbox 1326 2090 1399 2121; x_wconf 73' lang='lat' dir='ltr'>sive</span> <span class='ocrx_word' id='word_1_435' title='bbox 1415 2091 1449 2121; x_wconf 90' lang='lat' dir='ltr'>in</span> <span class='ocrx_word' id='word_1_436' title='bbox 1465 2090 1602 2132; x_wconf 80' lang='lat' dir='ltr'>Apuliae</span> <span class='ocrx_word' id='word_1_437' title='bbox 1618 2091 1733 2132; x_wconf 81' lang='lat' dir='ltr'>sylvis,</span> 
     </span>
     <span class='ocr_line' id='line_1_62' title="bbox 1029 2138 1462 2180; baseline 0 -9"><span class='ocrx_word' id='word_1_438' title='bbox 1029 2140 1101 2171; x_wconf 84' lang='lat' dir='ltr'>sive</span> <span class='ocrx_word' id='word_1_439' title='bbox 1118 2139 1151 2170; x_wconf 90' lang='lat' dir='ltr'>in</span> <span class='ocrx_word' id='word_1_440' title='bbox 1169 2139 1287 2180; x_wconf 85' lang='lat' dir='ltr'>Libyae</span> <span class='ocrx_word' id='word_1_441' title='bbox 1303 2138 1462 2172; x_wconf 73' lang='lat' dir='ltr'>desertis.</span> 
     </span>
    </p>

    <p class='ocr_par' dir='ltr' id='par_1_13' title="bbox 1030 2188 1733 2581">
     <span class='ocr_line' id='line_1_63' title="bbox 1073 2188 1733 2232; baseline 0.005 -12"><span class='ocrx_word' id='word_1_442' title='bbox 1073 2189 1231 2220; x_wconf 73' lang='lat' dir='ltr'>Militaris</span> <span class='ocrx_word' id='word_1_443' title='bbox 1252 2189 1397 2230; x_wconf 79' lang='lat' dir='ltr'>Daunia]</span> <span class='ocrx_word' id='word_1_444' title='bbox 1421 2188 1453 2221; x_wconf 88' lang='lat' dir='ltr'>A</span> <span class='ocrx_word' id='word_1_445' title='bbox 1470 2190 1596 2222; x_wconf 80' lang='lat' dir='ltr'>Dauno</span> <span class='ocrx_word' id='word_1_446' title='bbox 1622 2190 1733 2232; x_wconf 80' lang='lat' dir='ltr'>Rege,</span> 
     </span>
     <span class='ocr_line' id='line_1_64' title="bbox 1030 2239 1733 2280; baseline 0.004 -11"><span class='ocrx_word' id='word_1_447' title='bbox 1030 2239 1219 2278; x_wconf 88' lang='lat' dir='ltr'>Diomedis,</span> <span class='ocrx_word' id='word_1_448' title='bbox 1245 2243 1285 2270; x_wconf 90' lang='lat' dir='ltr'>ut</span> <span class='ocrx_word' id='word_1_449' title='bbox 1305 2239 1414 2280; x_wconf 81' lang='lat' dir='ltr'>aiunt,</span> <span class='ocrx_word' id='word_1_450' title='bbox 1437 2249 1572 2280; x_wconf 82' lang='lat' dir='ltr'>socero,</span> <span class='ocrx_word' id='word_1_451' title='bbox 1598 2241 1733 2273; x_wconf 79' lang='lat' dir='ltr'>Daunia</span> 
     </span>
     <span class='ocr_line' id='line_1_65' title="bbox 1032 2289 1732 2333; baseline 0.004 -12"><span class='ocrx_word' id='word_1_452' title='bbox 1032 2289 1126 2321; x_wconf 85' lang='lat' dir='ltr'>dicta</span> <span class='ocrx_word' id='word_1_453' title='bbox 1151 2296 1205 2321; x_wconf 81' lang='lat' dir='ltr'>est</span> <span class='ocrx_word' id='word_1_454' title='bbox 1226 2290 1303 2322; x_wconf 90' lang='lat' dir='ltr'>olim</span> <span class='ocrx_word' id='word_1_455' title='bbox 1324 2290 1439 2322; x_wconf 78' lang='lat' dir='ltr'>Italiae</span> <span class='ocrx_word' id='word_1_456' title='bbox 1462 2291 1558 2332; x_wconf 86' lang='lat' dir='ltr'>regio</span> <span class='ocrx_word' id='word_1_457' title='bbox 1573 2291 1732 2333; x_wconf 78' lang='lat' dir='ltr'>qnaedarn</span> 
     </span>
     <span class='ocr_line' id='line_1_66' title="bbox 1032 2339 1733 2381; baseline 0.003 -9"><span class='ocrx_word' id='word_1_458' title='bbox 1032 2340 1067 2372; x_wconf 90' lang='lat' dir='ltr'>in</span> <span class='ocrx_word' id='word_1_459' title='bbox 1083 2340 1222 2381; x_wconf 84' lang='lat' dir='ltr'>Apulia,</span> <span class='ocrx_word' id='word_1_460' title='bbox 1239 2339 1340 2372; x_wconf 84' lang='lat' dir='ltr'>liodie</span> <span class='ocrx_word' id='word_1_461' title='bbox 1355 2341 1387 2371; x_wconf 86' lang='lat' dir='ltr'>la</span> <span class='ocrx_word' id='word_1_462' title='bbox 1403 2339 1594 2381; x_wconf 77' lang='lat' dir='ltr'>capitanata</span> <span class='ocrx_word' id='word_1_463' title='bbox 1603 2352 1617 2379; x_wconf 86' lang='lat'>‚·</span> <span class='ocrx_word' id='word_1_464' title='bbox 1638 2342 1733 2374; x_wconf 80' lang='lat' dir='ltr'>allui-</span> 
     </span>
     <span class='ocr_line' id='line_1_67' title="bbox 1032 2389 1733 2432; baseline 0.003 -11"><span class='ocrx_word' id='word_1_465' title='bbox 1032 2394 1088 2422; x_wconf 86' lang='lat' dir='ltr'>tur</span> <span class='ocrx_word' id='word_1_466' title='bbox 1114 2389 1413 2430; x_wconf 56' lang='lat' dir='ltr'>Adriatic-mmm,</span> <span class='ocrx_word' id='word_1_467' title='bbox 1443 2390 1538 2432; x_wconf 79' lang='lat' dir='ltr'>regni</span> <span class='ocrx_word' id='word_1_468' title='bbox 1569 2401 1648 2432; x_wconf 76' lang='lat' dir='ltr'>pars</span> <span class='ocrx_word' id='word_1_469' title='bbox 1677 2397 1733 2423; x_wconf 82' lang='lat' dir='ltr'>est</span> 
     </span>
     <span class='ocr_line' id='line_1_68' title="bbox 1032 2438 1731 2480; baseline 0.001 -8"><span class='ocrx_word' id='word_1_470' title='bbox 1032 2438 1264 2480; x_wconf 79' lang='lat' dir='ltr'>Neapolitani·</span> <span class='ocrx_word' id='word_1_471' title='bbox 1278 2439 1494 2480; x_wconf 80' lang='lat' dir='ltr'>synecdoch.</span> <span class='ocrx_word' id='word_1_472' title='bbox 1537 2440 1627 2473; x_wconf 83' lang='lat' dir='ltr'>Vide</span> <span class='ocrx_word' id='word_1_473' title='bbox 1638 2441 1731 2474; x_wconf 88' lang='lat' dir='ltr'>Plin.</span> 
     </span>
     <span class='ocr_line' id='line_1_69' title="bbox 1031 2489 1731 2535; baseline 0.003 -13"><span class='ocrx_word' id='word_1_474' title='bbox 1031 2498 1087 2522; x_wconf 83' lang='lat'>111.</span> <span class='ocrx_word' id='word_1_475' title='bbox 1121 2491 1173 2521; x_wconf 87' lang='lat'>11.</span> <span class='ocrx_word' id='word_1_476' title='bbox 1205 2495 1241 2521; x_wconf 86' lang='lat' dir='ltr'>et</span> <span class='ocrx_word' id='word_1_477' title='bbox 1269 2489 1364 2522; x_wconf 86' lang='lat' dir='ltr'>alibi.</span> <span class='ocrx_word' id='word_1_478' title='bbox 1385 2532 1388 2535; x_wconf 15' lang='grc' dir='ltr'><strong><em>Δ</em></strong></span> <span class='ocrx_word' id='word_1_479' title='bbox 1409 2489 1581 2531; x_wconf 59' lang='lat' dir='ltr'>Militat-12³]</span> <span class='ocrx_word' id='word_1_480' title='bbox 1617 2490 1731 2534; x_wconf 82' lang='lat' dir='ltr'>Aptos</span> 
     </span>
     <span class='ocr_line' id='line_1_70' title="bbox 1030 2539 1666 2581; baseline 0.005 -11"><span class='ocrx_word' id='word_1_481' title='bbox 1030 2540 1159 2571; x_wconf 72' lang='lat' dir='ltr'>liabens</span> <span class='ocrx_word' id='word_1_482' title='bbox 1175 2539 1306 2581; x_wconf 78' lang='lat' dir='ltr'>militiae</span> <span class='ocrx_word' id='word_1_483' title='bbox 1323 2539 1412 2571; x_wconf 85' lang='lat' dir='ltr'>viros</span> <span class='ocrx_word' id='word_1_484' title='bbox 1428 2540 1516 2571; x_wconf 81' lang='lat' dir='ltr'>bene</span> <span class='ocrx_word' id='word_1_485' title='bbox 1530 2541 1666 2574; x_wconf 81' lang='lat' dir='ltr'>multos.</span> 
     </span>
    </p>

    <p class='ocr_par' dir='ltr' id='par_1_14' title="bbox 1030 2589 1732 2786">
     <span class='ocr_line' id='line_1_71' title="bbox 1032 2589 1731 2632; baseline 0.001 -10"><span class='ocrx_word' id='word_1_486' title='bbox 1032 2610 1035 2611; x_wconf 31' lang='grc' dir='ltr'><em>ν</em></span> <span class='ocrx_word' id='word_1_487' title='bbox 1073 2593 1114 2622; x_wconf 80' lang='grc'><strong>14</strong></span> <span class='ocrx_word' id='word_1_488' title='bbox 1130 2590 1170 2622; x_wconf 81' lang='lat' dir='ltr'>In</span> <span class='ocrx_word' id='word_1_489' title='bbox 1185 2590 1261 2621; x_wconf 78' lang='lat' dir='ltr'>latis</span> <span class='ocrx_word' id='word_1_490' title='bbox 1274 2590 1442 2631; x_wconf 72' lang='lat' dir='ltr'>aescatetis]</span> <span class='ocrx_word' id='word_1_491' title='bbox 1467 2589 1509 2622; x_wconf 85' lang='lat' dir='ltr'>In</span> <span class='ocrx_word' id='word_1_492' title='bbox 1526 2590 1596 2623; x_wconf 76' lang='lat' dir='ltr'>late</span> <span class='ocrx_word' id='word_1_493' title='bbox 1612 2596 1731 2632; x_wconf 78' lang='lat' dir='ltr'>paten-</span> 
     </span>
     <span class='ocr_line' id='line_1_72' title="bbox 1030 2640 1732 2682; baseline 0.001 -9"><span class='ocrx_word' id='word_1_494' title='bbox 1030 2641 1121 2674; x_wconf 84' lang='lat' dir='ltr'>tibus</span> <span class='ocrx_word' id='word_1_495' title='bbox 1136 2641 1251 2682; x_wconf 68' lang='lat' dir='ltr'>sylvis,</span> <span class='ocrx_word' id='word_1_496' title='bbox 1262 2649 1337 2682; x_wconf 79' lang='lat' dir='ltr'>quae</span> <span class='ocrx_word' id='word_1_497' title='bbox 1352 2640 1493 2672; x_wconf 83' lang='lat' dir='ltr'>consitae</span> <span class='ocrx_word' id='word_1_498' title='bbox 1507 2646 1587 2673; x_wconf 86' lang='lat' dir='ltr'>sunt</span> <span class='ocrx_word' id='word_1_499' title='bbox 1597 2643 1732 2674; x_wconf 76' lang='lat' dir='ltr'>aescnlis</span> 
     </span>
     <span class='ocr_line' id='line_1_73' title="bbox 1031 2689 1730 2730; baseline 0.003 -7"><span class='ocrx_word' id='word_1_500' title='bbox 1031 2691 1208 2724; x_wconf 80' lang='lat' dir='ltr'>arboribus</span> <span class='ocrx_word' id='word_1_501' title='bbox 1225 2689 1441 2730; x_wconf 76' lang='lat' dir='ltr'>glandiferis:</span> <span class='ocrx_word' id='word_1_502' title='bbox 1467 2691 1558 2723; x_wconf 92' lang='lat' dir='ltr'>Plin.</span> <span class='ocrx_word' id='word_1_503' title='bbox 1575 2692 1633 2724; x_wconf 91' lang='lat' dir='ltr'>lib.</span> <span class='ocrx_word' id='word_1_504' title='bbox 1652 2701 1730 2725; x_wconf 76' lang='lat' dir='ltr'>xix.</span> 
     </span>
     <span class='ocr_line' id='line_1_74' title="bbox 1035 2740 1731 2786; baseline 0 -10"><span class='ocrx_word' id='word_1_505' title='bbox 1035 2747 1044 2762; x_wconf 76' lang='lat'>⁸</span> <span class='ocrx_word' id='word_1_506' title='bbox 1055 2742 1136 2777; x_wconf 85' lang='lat' dir='ltr'>Jovi</span> <span class='ocrx_word' id='word_1_507' title='bbox 1152 2740 1285 2774; x_wconf 66' lang='lat' dir='ltr'>sacris!</span> <span class='ocrx_word' id='word_1_508' title='bbox 1325 2750 1392 2774; x_wconf 71' lang='grc' dir='ltr'><strong>ιιι.</strong></span> <span class='ocrx_word' id='word_1_509' title='bbox 1406 2744 1438 2774; x_wconf 88' lang='lat'>1.</span> <span class='ocrx_word' id='word_1_510' title='bbox 1459 2743 1470 2760; x_wconf 75' lang='lat'><strong>⁴</strong></span> <span class='ocrx_word' id='word_1_511' title='bbox 1483 2741 1655 2775; x_wconf 77' lang='lat' dir='ltr'>Athorum</span> <span class='ocrx_word' id='word_1_512' title='bbox 1672 2753 1731 2786; x_wconf 78' lang='lat' dir='ltr'>ge-</span> 
     </span>
    </p>
   </div>
  </div>
 </body>
</html>
