1916 3190
738 254 781 292 Q.
815 252 1023 283 HORATn
1060 252 1231 284 FLAcm

486 346 542 397 O,
562 349 766 401 quamvis
785 361 926 402 neque
946 353 991 389 te
1011 361 1202 399 munera,
1223 361 1304 390 nec
1325 342 1494 402 preces,

486 413 585 455 Nec
608 415 769 455 tinctus
792 415 910 456 viola
929 414 1072 468 pallor
1091 417 1346 466 amantium,

488 480 586 521 Nec
607 481 671 522 vir
691 480 843 522 Pieria
862 481 1021 535 pellice
1043 483 1224 523 saucius

1653 484 1711 525 15

711 546 898 599 Curvat3
930 548 1210 602 supplicibus
1229 550 1316 590 tuis

485 614 670 664 Parcas,
691 627 770 656 nec
791 614 933 668 rigida
951 616 1124 657 mollior
1145 616 1326 666 aesculo,

488 681 587 723 Nec
608 681 778 724 Mauris
799 683 988 724 animum
1010 683 1157 724 mitior
1177 684 1411 736 anguibus.

256 795 328 828 licet
343 801 373 829 te
388 807 442 829 nec
455 799 536 829 dona
548 798 695 839 flectant,
714 808 769 830 nec
791 801 873 833 vota,
895 807 950 829 nec
964 798 1115 830 violaceus
1136 800 1237 839 pallor
1251 809 1353 831 amore
1368 799 1600 839 tabescentium,
1617 808 1712 839 neque

256 839 390 871 mar-itus
415 843 486 871 tuus
508 850 611 873 amore
629 841 749 881 pellicis
772 841 889 871 Pieria
914 841 1118 878 uulneratum
1141 842 1269 881 indulge
1286 841 1532 882 supplicantibus
1552 841 1623 880 tibi,
1644 851 1711 881 ‹1¹1ae

246 880 346 917 suisti
358 882 505 914 hactenus
518 885 598 915 dura
611 892 724 924 quercu
737 892 798 914 non
809 882 1002 924 flexibilior,
1015 892 1111 923 neque
1133 884 1323 915 mansuetior
1339 883 1533 924 serpentibus
1548 883 1710 916 Maurita-

867 974 1060 988 OON'M‘OO
1064 976 1103 988 ‘O

254 1043 339 1072 —13
365 1041 406 1081 O,
422 1050 597 1081 quanquam
612 1040 845 1082 Cuning.—l5
870 1041 999 1073 Omnes
1015 1041 1116 1074 codd.
1130 1041 1323 1081 Torrenffi,
1341 1041 1486 1073 Mentel.
1502 1040 1616 1081 Lipss.
1633 1042 1664 1071 1.
1680 1042 1712 1072 2.

256 1082 326 1122 alii,
350 1088 386 1114 et
409 1082 489 1115 edd.
512 1088 598 1114 vett.
621 1084 814 1123 pelice—16
839 1084 956 1115 Curvet
970 1083 1202 1115 Ascens.-17
1226 1085 1368 1116 Baxter.
1382 1084 1580 1115 ecculm—18
1600 1082 1714 1114 Multo

254 1125 371 1165 plures
386 1124 486 1156 codd.
500 1129 539 1156 ut
553 1125 650 1156 Harl.
665 1128 697 1157 2.
712 1128 744 1157 3.
757 1128 790 1157 4.
805 1129 836 1157 5.
849 1129 881 1157 6.
897 1135 1014 1158 omnes
1027 1127 1144 1158 Bentl.
1160 1131 1288 1166 praeter
1301 1136 1415 1165 unum,
1431 1131 1500 1157 tren
1516 1124 1711 1164 Pnimanffi,

255 1166 323 1198 duo
337 1167 553 1206 Bersmanni,
569 1166 658 1200 Altt.
672 1170 702 1199 1.
717 1171 749 1199 2.
761 1169 865 1200 Desa.
879 1171 911 1200 2.
927 1169 1022 1210 Lips.
1036 1170 1067 1200 1.
1078 1171 1111 1200 2.
1127 1171 1159 1200 3.
1175 1168 1340 1200 4.‘Brod.
1357 1167 1551 1200 Helmstad.
1567 1166 1714 1207 Franeq.

253 1209 397 1240 Venett.
423 1211 519 1241 1477.
548 1212 644 1242 1478.
671 1212 767 1243 1479.
793 1213 889 1243 1492.
911 1212 1056 1243 Locher.
1079 1211 1220 1243 Ascens-
1242 1211 1406 1243 Glarean.
1422 1210 1539 1242 Lamb.
1554 1209 1661 1250 Cruq.
1675 1213 1713 1240 et

253 1251 412 1283 Torrent.
428 1252 531 1284 animo
543 1262 556 1289 ,-
581 1252 699 1284 Graev.
723 1263 744 1284 a
766 1262 811 1284 m.
835 1262 888 1294 pr.
910 1253 1092 1286 Pulmanui
1111 1253 1290 1293 Gemblac.
1308 1256 1383 1286 1.2.
1401 1261 1486 1285 unus
1501 1250 1716 1290 Bersmanui,

254 1293 400 1325 Mentel.
431 1295 558 1335 Delpb.
586 1294 699 1326 Bond.
723 1294 899 1327 Schrevel.
927 1296 1043 1327 Bentl.
1070 1295 1215 1336 Cuning.
1239 1296 1327 1328 Sivr.
1352 1295 1472 1328 Jones.
1486 1295 1589 1326 Baxt.
1603 1293 1712 1326 Geeu.

255 1335 468 1376 zeumsaui,
481 1337 620 1378 Bipont.
637 1337 777 1370 Mitscb.
791 1338 934 1370 Wetzel.
953 1337 1092 1370 Wakef.
1109 1339 1229 1370 Comb.
1247 1345 1282 1371 et
1299 1337 1407 1370 Kidd.
1421 1336 1570 1370 animum.

910 1423 1052 1455 NOTAE

253 1484 348 1526 regio
363 1493 439 1515 cum
455 1484 592 1526 Tuscia.
638 1485 743 1517 Ovid.
766 1486 856 1517 Met.
880 1494 958 1517 xtv.

253 1536 330 1566 452.
351 1535 361 1552 ‘
379 1533 562 1565 Concurrit
577 1534 676 1566 Latio
689 1535 879 1575 Tyrrhenia
904 1540 955 1567 to-

254 1584 313 1616 ta!
368 1584 480 1615 Porro
509 1584 783 1625 Synecdochices
813 1585 861 1616 illi
893 1594 956 1625 pro

252 1634 351 1666 Italis
375 1633 542 1665 universis
573 1633 627 1664 vel
658 1633 818 1665 Romanis
844 1634 957 1675 accipi

253 1688 407 1725 possunt.

298 1736 338 1765 14
363 1733 492 1764 Tinctus
514 1732 597 1764 viola
620 1733 736 1775 pallor]
759 1733 863 1765 Color
882 1734 956 1765 vul-

252 1786 308 1814 tus
342 1783 408 1815 mei
437 1783 596 1824 pallidus,
635 1783 743 1815 instar
779 1784 957 1826 violarum,

252 1843 336 1874 quas
362 1833 466 1865 etiarn
492 1834 661 1874 pallentes
684 1831 958 1878 vocavic'Viu-gil.

253 1884 370 1924 Eclog.
383 1892 427 1915 11.
457 1883 546 1915 Sunt
560 1884 652 1915 enim
668 1884 743 1916 aliae
759 1895 959 1927 purpureae,

252 1934 328 1965 aliae
344 1935 463 1974 lutere,
478 1934 553 1965 aliae
574 1935 660 1966 albae
675 1945 685 1974 ;
710 1944 753 1966 ex
768 1935 861 1967 Plin.
875 1945 955 1968 xxi.

249 1986 283 2014 6.
307 1983 509 2024 Quanquam
522 1983 591 2015 duo
604 1988 733 2016 tantum
747 1994 875 2026 genera
887 1986 956 2018 vio-

251 2033 361 2063 larum
389 2033 545 2073 agnoscit
574 2034 764 2074 Nicander,
793 2035 956 2076 pallidum

254 2085 292 2112 et
307 2080 450 2120 luteum,
474 2081 565 2121 apud
582 2081 710 2115 Athen.
740 2092 802 2115 xv.
823 2087 855 2117 9.
878 2085 956 2116 Paz-

251 2130 300 2161 lor
331 2130 518 2161 amantium.
575 2131 678 2163 Ovid.
712 2132 791 2164 Art.
820 2132 899 2166 Am.
927 2143 954 2166 1.

252 2181 328 2211 729.
362 2178 527 2210 ‘Palleat
558 2180 666 2210 omnis
697 2189 835 2211 amans:
860 2183 956 2213 color

251 2233 306 2260 est
320 2228 373 2260 hic
388 2233 490 2269 aptus
516 2228 669 2260 amanti.'
717 2229 887 2261 Nimirum
902 2240 955 2261 re-

253 2282 415 2309 currente
437 2276 479 2308 ad
506 2286 566 2308 cor
589 2277 711 2309 amoris
725 2284 881 2310 centrum
898 2288 954 2310 ca-

251 2328 326 2359 lore
340 2327 501 2367 naturali,
515 2332 552 2359 et
566 2328 725 2369 quoniam
740 2328 904 2360 intensior
918 2329 953 2360 in

253 2377 446 2409 amantibus
468 2381 535 2416 est,
553 2377 692 2418 spiritus
707 2377 830 2409 vitales
845 2377 952 2418 magis

252 2428 455 2470 dissipante,
469 2428 503 2458 in
521 2427 616 2458 vultu
633 2427 743 2467 pallor
754 2426 911 2460 efficitur.

297 2481 336 2509 15
361 2478 431 2509 Nec
456 2477 509 2508 vir
536 2476 649 2508 Pieria
674 2476 785 2517 pellice
813 2477 952 2520 saucius]

253 2530 455 2571 Quanquam
471 2537 536 2560 nec
552 2526 682 2560 offensa
707 2529 768 2560 viri
790 2529 840 2560 tui
856 2530 954 2571 pelli-

252 2588 326 2610 cem
349 2579 502 2611 Pieriam
523 2578 745 2619 depereuntis
770 2579 894 2621 injuria
909 2578 954 2611 ad

252 2636 307 2658 me
332 2627 513 2659 amandum
538 2627 720 2659 inclinaris.
764 2628 843 2660 Hoc
857 2632 952 2661 certe

252 2682 304 2709 est
333 2678 583 2709 irritamentum
610 2677 724 2709 uxoria
754 2677 950 2718 maximnm,

250 2731 290 2759 ut
325 2727 508 2759 inducatur
543 2727 579 2758 in
616 2727 756 2759 alterius
790 2738 950 2761 amorem.

253 2778 307 2810 Ex
346 2777 522 2819 Euripide,
550 2777 708 2820 quaedam
744 2778 812 2811 alia
843 2778 952 2811 minus

1011 1491 1153 1527 gravate
1169 1485 1237 1517 fert
1255 1494 1362 1517 uxor:
1379 1490 1416 1516 at
1431 1485 1459 1515 si
1477 1494 1496 1515 a
1511 1482 1634 1514 marito
1649 1482 1710 1515 fal-

1009 1535 1279 1577 latur‚quicquid
1292 1535 1390 1567 estin
1404 1535 1475 1566 vita
1479 1532 1623 1575 jucundi
1635 1542 1712 1574 per-

1008 1586 1071 1617 dit.
1094 1586 1199 1617 Ovid.
1213 1585 1292 1618 Art.
1309 1584 1385 1616 Am.
1399 1594 1442 1616 ιι.
1458 1586 1533 1616 373.
1551 1583 1639 1616 ‘Sed
1653 1592 1711 1615 ne-

1007 1644 1073 1676 que
1089 1634 1202 1666 fulvus
1226 1643 1312 1675 aper
1337 1633 1451 1666 media
1465 1639 1534 1665 tarn
1552 1643 1661 1665 saevus
1677 1633 1711 1664 in

1006 1684 1057 1716 ira
1073 1688 1138 1716 est.
1151 1706 1159 1715 .
1171 1707 1180 1716 .
1195 1684 1285 1716 ,Nee
1310 1684 1367 1715 lea
1379 1704 1388 1714 .
1400 1706 1409 1716 .
1421 1683 1584 1715 .Foemina
1609 1692 1711 1725 quam

1007 1734 1090 1766 socii
1115 1734 1287 1775 deprensa
1312 1732 1437 1774 pellice
1464 1732 1548 1764 lecti
1575 1731 1713 1773 Arde&

1006 1786 1071 1816 &c.

1052 1834 1178 1876 Pieria]
1198 1835 1264 1867 Vel
1291 1843 1414 1866 nomen
1439 1831 1568 1864 factum
1598 1841 1619 1864 a
1641 1832 1714 1864 solo

1009 1885 1126 1925 natali,
1143 1884 1187 1917 ad
1204 1883 1396 1926 augendam
1418 1881 1593 1918 iuvidiam,
1615 1882 1714 1924 qnasi

1010 1934 1162 1974 diceret,
1176 1934 1370 1975 peregrina,
1384 1936 1419 1964 et
1435 1941 1478 1963 ex
1493 1940 1535 1963 ea
1550 1930 1714 1963 Macedo-

1010 1984 1076 2015 niae
1106 1984 1265 2026 regione:
1302 1983 1357 2014 vel
1386 1985 1485 2013 notat
1524 1980 1713 2021 fidicinam,

1010 2034 1200 2075 psaltriam,
1215 2032 1260 2065 ob
1275 2033 1413 2064 Pierum
1431 2036 1580 2063 montem
1601 2030 1712 2062 Musis

1010 2092 1159 2115 sacrumz
1176 2082 1366 2124 cujusmodi
1380 2081 1540 2113 mulieres
1555 2085 1592 2112 nt
1607 2081 1712 2122 pluri-

1009 2142 1099 2164 mum
1115 2132 1326 2164 exercebant
1339 2131 1568 2163 meretriciam
1589 2134 1712 2162 artem.

1053 2185 1094 2214 16
1116 2182 1313 2223 Supplicibus
1327 2182 1393 2214 tais
1409 2181 1544 2222 Parcas]
1565 2180 1712 2222 Indulge

1008 2232 1138 2272 aliquid
1165 2231 1375 2272 supplicanti
1406 2231 1511 2262 etiam
1541 2229 1632 2271 apud
1665 2235 1712 2260 te.

1008 2281 1094 2312 Quis
1115 2281 1205 2327 enim
1228 2281 1400 2321 supplices
1417 2290 1567 2321 unquam
1583 2279 1708 2311 acerbe

1006 2329 1147 2369 repulit,
1163 2330 1226 2359 nisi
1251 2330 1308 2370 qui
1328 2330 1573 2361 humanitatem
1590 2328 1710 2360 exuit?

1006 2378 1058 2410 Ex
1075 2378 1249 2409 sententia
1265 2383 1431 2418 veterum,
1451 2378 1509 2419 qui
1525 2378 1627 2408 talem
1644 2377 1702 2407 ho·

1006 2428 1131 2459 minem
1147 2427 1243 2459 velut
1260 2426 1489 2458 execrabilem
1506 2426 1709 2459 aversaban-

1007 2481 1084 2508 tur:
1108 2485 1184 2508 cum
1199 2481 1236 2508 et
1250 2480 1374 2508 natura
1395 2475 1606 2518 supplicibus
1630 2485 1708 2518 par-

1006 2536 1084 2558 cere
1100 2526 1236 2558 doceat.

1048 2576 1191 2616 AEsculo]
1205 2574 1318 2606 Arbor
1330 2578 1382 2605 est
1394 2571 1706 2615 glandifera‚'quam

1007 2636 1070 2668 pro
1095 2625 1222 2657 duritie
1246 2624 1343 2666 ponit
1367 2622 1544 2655 Horatius.
1588 2624 1645 2655 De
1666 2633 1708 2656 ea

1006 2677 1097 2710 Plin.
1112 2675 1171 2707 lib.
1181 2683 1264 2706 xvi.
1281 2678 1317 2705 et
1332 2682 1394 2704 nos
1405 2674 1476 2714 jam
1492 2681 1518 2704 1.
1536 2672 1605 2705 Od.
1619 2675 1675 2705 22.

1049 2728 1090 2758 18
1113 2723 1254 2764 Mauris]
1277 2722 1487 2755 Mauritania
1501 2721 1629 2754 Africae
1654 2731 1706 2754 re-

1006 2777 1060 2819 gio
1076 2775 1117 2807 ab
1134 2774 1225 2807 Ortu
1240 2774 1275 2807 in
1291 2773 1461 2806 Oceanum
1476 2777 1632 2814 extensa,
1647 2772 1705 2806 ubi
