1916 3190
642 258 913 290 mmmmm
945 257 1041 288 ma.
1071 257 1145 288 111.
1175 247 1217 288 4.
1571 246 1658 288 395

438 352 516 395 Me
534 353 757 396 sabulosae
775 353 961 396 Vulture
980 353 1027 394 in
1044 351 1212 406 Apulo,

435 420 638 463 Nutricis
654 426 780 464 extra
796 421 930 463 limen
949 419 1145 474 Apuliae,
1600 418 1657 460 10

202 544 261 577 per
273 538 412 579 quoeriei
424 543 590 581 penetrant
602 550 639 572 ac
652 539 752 573 venti.
774 539 832 571 Me
838 547 970 580 puer-un
983 537 1138 576 dese-mm
1150 537 1294 578 lude-ao,
1303 546 1464 578 ωηιιιοφιε
1478 545 1656 577 oppressum

803 634 1059 649 OOOOOOOO‘OOOO

206 697 264 729 ille
280 697 424 738 probat;
447 701 484 730 et
495 698 547 730 sie
556 697 695 740 Ssudby
709 699 744 730 in
757 699 813 732 ed.
826 699 936 732 Loud.
953 703 1114 733 lum—9
1135 701 1194 732 Me
1209 699 1358 732 sabulosa
1372 697 1464 738 conj.
1477 697 1523 730 N.
1537 696 1657 729 Heins.

207 749 264 780 sp.
280 739 395 772 Bentl.
416 745 527 772 metro
552 747 783 781 repugnante:
807 742 876 775 vid.
899 743 1016 775 Bentl.
1037 742 1085 775 cf.
1107 752 1133 775 1.
1158 742 1227 775 Od.
1249 745 1304 774 22.
1320 745 1354 774 7.
1386 740 1544 778 sabuloso,
1560 744 1598 771 ut
1613 741 1657 771 ad

204 782 385 814 vulturem
398 783 583 824 pertineat,
596 783 689 824 conj.
701 784 859 816 Torrent.
874 789 911 816 et
932 785 1035 817 docte
1058 784 1213 817 defendit
1232 783 1384 817 Schmid.
1397 783 1478 824 quia
1493 783 1549 814 vix
1562 787 1659 814 extet

205 834 316 864 mons,
330 826 373 856 de
389 835 456 867 quo
471 834 538 857 uon
553 825 719 858 miracula
739 833 943 867 narrentur3
966 832 1003 859 et
1023 827 1235 860 credendum
1251 828 1310 868 sit,
1335 825 1530 864 Horatium,
1554 825 1658 856 ambi-

205 867 345 908 guitatis
361 867 508 900 vitanda
524 868 649 909 gratia,
672 869 861 909 positurum
885 869 991 902 fnisse
1013 872 1023 889 ‘
1040 870 1186 903 fabulosi
1202 870 1211 883 '
1233 872 1262 902 si
1284 869 1326 901 ad
1344 867 1521 909 palumbes
1537 866 1658 898 referri

204 909 378 941 voluisset.
422 914 432 928 ⁸
448 910 524 942 Hoc
548 911 701 942 ultimum
728 921 792 953 ego
812 922 878 944 non
902 922 1054 954 urgeam.
1109 914 1214 946 Certe
1239 913 1328 945 bene
1355 911 1460 942 habet
1481 909 1659 947 sabulosa!

204 951 298 984 Juni.
340 952 449 984 littore
462 953 497 983 in
511 952 636 994 Appula
650 953 788 994 quidam
813 955 988 988 malebant
1004 956 1160 988 Lambini
1181 960 1297 987 aetate.
1342 953 1472 984 Omnes
1486 951 1561 984 fere
1577 951 1657 983 edd.

205 993 335 1035 duplici
358 994 563 1035 pp,Appu10,
588 996 633 1026 ob
659 1001 806 1028 metrum
831 997 1064 1030 seilicet-10
1088 997 1237 1029 Nutricis
1254 996 1335 1028 Aer.
1359 995 1533 1036 Porphyr.
1557 995 1659 1027 eom-

205 1041 313 1068 ment.
330 1036 488 1078 Cruquii,
509 1041 580 1068 tres
604 1038 723 1069 Lamb.
744 1039 928 1070 Pulmanni
955 1040 1073 1071 Hunn.
1090 1039 1270 1071 Gemblac.
1285 1042 1316 1071 1.
1329 1041 1362 1070 2.
1385 1043 1420 1069 et
1439 1038 1574 1070 Diesth.
1592 1037 1658 1069 dno

203 1077 354 1110 Blandd.
370 1083 408 1110 et
424 1079 529 1110 Mart.
542 1079 646 1121 Cruq.
661 1081 834 1112 Torrentii
850 1090 967 1112 omnes
982 1087 1112 1122 proeter
1126 1091 1243 1120 unum,
1260 1090 1343 1112 unus
1358 1081 1494 1112 Bersm.
1510 1080 1612 1112 Harl.
1625 1083 1659 1112 2.

206 1123 239 1153 ⁸.
252 1122 286 1151 4.
299 1123 332 1152 5.
345 1124 379 1152 6.
403 1121 500 1152 multi
526 1121 643 1154 Bentl.
667 1122 748 1154 Ssx.
771 1123 874 1155 Gott.
896 1124 1001 1155 Brod.
1025 1124 1117 1165 Lips.
1140 1127 1173 1156 1.
1193 1126 1271 1156 3.4.
1294 1123 1445 1155 Helmst.
1469 1122 1558 1155 Altt.
1577 1123 1657 1155 Zar.

206 1162 298 1195 Flor.
314 1165 410 1195 1482.
433 1164 576 1195 Venett.
592 1167 689 1196 1478.
704 1167 799 1196 1486.
817 1167 912 1197 1492.
937 1166 1083 1198 Locher.
1108 1165 1252 1198 Ascens.
1277 1165 1383 1197 Baxt.
1426 1165 1540 1206 Magis
1554 1166 1659 1197 etiam

206 1205 367 1246 probant,
380 1206 463 1237 licet
476 1215 543 1237 nou
559 1207 743 1247 ediderint,
755 1208 872 1239 Lamb.
887 1209 992 1249 Cruq.
1005 1209 1104 1240 Torr.
1145 1208 1215 1240 Sed
1227 1208 1362 1241 Aur-icis
1377 1208 1525 1239 Bentleii
1540 1207 1659 1239 Graev.

206 1247 306 1280 Leid-
321 1253 360 1280 et
374 1248 497 1289 Regin.
512 1248 610 1280 Harl.
630 1252 660 1281 1.
684 1255 721 1281 et
735 1250 834 1282 multi
851 1251 920 1290 alii,
936 1251 1114 1292 antiquiss.
1138 1251 1263 1282 Bland.
1279 1256 1316 1283 et
1330 1251 1477 1292 (praeter
1492 1249 1582 1290 tres)
1606 1259 1660 1281 re-

203 1289 287 1331 liqui
306 1299 423 1322 omnes
441 1291 595 1332 Cruquii,
616 1301 703 1323 unns
718 1292 907 1333 Turi-eutii,
921 1293 1078 1325 Lambini
1101 1303 1218 1325 omnes
1234 1298 1364 1334 praeter
1379 1299 1463 1331 tres,
1477 1291 1661 1324 Poimanui

204 1331 335 1364 Beller.
352 1342 469 1364 omnes
480 1333 616 1367 Fabric.
632 1334 778 1366 Mentel.
795 1335 942 1376 Fraueq.
961 1336 1054 1376 Lips.
1068 1339 1100 1367 2.
1125 1336 1231 1367 Dess.
1240 1338 1272 1367 2.
1289 1335 1434 1367 Mediol.
1447 1337 1543 1367 1477.
1558 1336 1659 1366 1486.

205 1375 303 1411 1502.
333 1374 477 1406 Venett.
502 1378 600 1407 1495.
627 1379 723 1408 1590.
750 1377 871 1409 Basili.
893 1378 1014 1410 Lamb.
1039 1379 1146 1419 Cruq.
1170 1378 1270 1409 Torr.
1296 1377 1416 1418 Steph-
1438 1376 1525 1408 Fab.
1552 1376 1660 1416 Rutg.

204 1414 309 1447 rubr.
326 1415 449 1448 Heins-
463 1418 590 1449 Dat-er·
605 1418 723 1450 Bentl.
740 1419 826 1450 Cuu.
840 1419 920 1450 San.
933 1419 1016 1452 Jon.
1031 1420 1122 1452 Sivr.
1135 1419 1231 1456 ani,
1245 1418 1388 1451 Mitseh.
1404 1419 1545 1460 Bipout.
1563 1419 1661 1450 Wet-

204 1458 270 1494 ,nel-
285 1457 422 1492 Wskef.
440 1465 476 1490 et
492 1459 600 1491 Kidd.
650 1460 767 1492 Bentl.
783 1460 874 1502 conj.
893 1462 1028 1493 Atti-icis
1050 1466 1140 1494 est-tm
1163 1462 1272 1494 limina
1293 1463 1419 1497 sedule,
1433 1461 1486 1492 vel
1501 1460 1661 1496 Διπιιιίως

202 1498 323 1532 Jones.
338 1500 381 1532 Δ.
393 1511 421 1533 e.
436 1501 546 1533 Εωιίπα
560 1501 688 1534 villule.
727 1504 738 1520 ⁸
753 1502 903 1536 Credere
920 1505 1028 1545 possis
1044 1503 1133 1536 forte
1148 1504 1296 1536 Poiz'tam
1312 1504 1507 1546 scripsisse,
1527 1503 1661 1535 Auricis

203 1551 234 1574 e.
248 1542 358 1575 flat-a
379 1544 518 1584 putrioe;
542 1552 580 1576 ut
603 1545 731 1577 ‘altrix
757 1545 894 1587 putria,'
917 1547 1008 1578 sicut
1032 1547 1130 1588 Virg.
1158 1547 1231 1579 AEn.
1247 1556 1302 1579 ur.
1317 1549 1394 1578 273.
1416 1547 1533 1577 ‘terra
1555 1546 1660 1577 altrix

205 1583 324 1624 mixi:
346 1585 391 1617 sit
405 1587 459 1617 vel
476 1586 614 1627 Apulia,
630 1587 699 1627 vel,
722 1587 812 1629 quod
829 1589 939 1629 magis
966 1589 1105 1630 placere
1134 1590 1253 1629 possit,
1279 1598 1360 1628 ager
1375 1588 1580 1626 Venusinus,
1601 1587 1660 1618 ubi

203 1632 303 1660 natus
319 1633 358 1660 et
372 1628 461 1660 ultus
476 1634 580 1669 esset,
596 1634 695 1662 extra
709 1630 805 1671 cujus
821 1630 939 1672 limen,
949 1631 982 1664 h.
994 1641 1025 1663 e.
1041 1631 1267 1671 territorium,
1276 1631 1377 1673 quale
1390 1630 1498 1662 cuivis
1514 1631 1660 1662 colonia

858 1726 890 1759 N
894 1727 998 1763 01·AE

202 1788 333 1833 §sciunt
347 1789 503 1829 inprimis
519 1789 626 1822 lucos.

246 1841 269 1870 9
292 1839 348 1871 Me
361 1839 527 1878 sabulosa,
549 1839 620 1880 ξω]
651 1839 739 1872 Haee
762 1841 904 1882 strophe

202 1897 359 1930 magnam
388 1888 631 1930 interpretibus
661 1899 798 1922 crucem
829 1890 904 1922 fixit

202 1939 382 1971 hactenus.
418 1937 557 1975 Ateuim
568 1949 635 1981 quo
647 1938 826 1972 referenda
837 1950 906 1972 vox

197 1988 376 2028 fabulose?
411 1989 562 2029 Deinde,
575 1989 658 2031 quid
674 1991 722 2021 ait
734 1990 845 2023 Poeta
860 1991 905 2024 de

211 2038 344 2070 Vnum
357 2039 472 2079 Apulo,
486 2042 581 2071 extra
600 2039 772 2081 Apuliam?
804 2041 905 2075 Quod

204 2088 351 2130 primum
376 2093 533 2128 spectat;
556 2095 635 2121 sunt
660 2091 718 2133 qui
742 2091 904 2132 Apuliam

202 2137 271 2170 dici
293 2136 481 2170 fabulosam
503 2140 624 2180 velint,
647 2150 688 2173 ac
714 2140 759 2173 de
784 2142 905 2175 insulis

201 2188 307 2220 etiam
343 2188 540 2220 Diomedeis
572 2188 708 2231 Apuliae
739 2192 903 2234 proximis

202 2248 316 2277 meras
333 2239 402 2280 ipsi
426 2238 559 2272 fabulas
583 2246 713 2275 texant.
750 2243 902 2276 Quidam

135 2321 138 2323 ,
202 2291 371 2322 nutricem
409 2291 545 2324 Horatii
579 2292 740 2334 Apuliam
776 2295 902 2334 vocari,

201 2349 279 2382 quae
294 2339 451 2373 fabulosa
464 2351 604 2374 narrare
618 2343 721 2375 solita
734 2344 792 2384 sit,
810 2354 902 2377 com-

200 2390 427 2422 miniscuntur
438 2401 450 2422 ε
472 2392 592 2432 papae!
617 2393 746 2426 cudere
760 2404 797 2426 se
813 2394 903 2426 anile

201 2439 400 2482 figmentum
429 2452 495 2474 nee
526 2443 723 2477 advertunt.
772 2445 903 2477 Verum

204 2490 307 2531 enim,
319 2502 363 2523 an
387 2492 564 2534 palumbes
588 2494 695 2536 (quod
713 2495 840 2535 restat)
853 2494 903 2526 fa-

205 2539 344 2573 bulosas
365 2540 459 2574 dicat
481 2541 604 2583 Poeta,
626 2544 763 2585 quando
777 2553 848 2575 rem
863 2548 903 2575 ut

204 2597 288 2620 vere
300 2594 430 2630 gestam
445 2594 711 2625 commemorat?
747 2593 805 2624 Ita
820 2602 902 2624 sane

206 2637 354 2670 melioris
367 2645 458 2671 notae
473 2640 702 2682 Interpretes.
726 2643 837 2675 Immo
850 2653 905 2684 pu-

207 2686 324 2719 lumba
342 2687 509 2728 sabuloso,
535 2691 673 2732 inquam
697 2702 782 2733 ego3
816 2693 906 2724 sicut

207 2739 219 2754 ⁸
236 2735 416 2776 Hydaspes
439 2735 638 2776 fabulosus:
659 2750 686 2773 1.
709 2741 779 2773 Od.
802 2745 856 2774 22.
872 2744 904 2773 8.

159 2817 162 2820 ,
211 2785 259 2820 Et
279 2785 369 2828 apud
397 2785 486 2819 Pliu.
509 2795 548 2819 v.
576 2791 608 2821 1.
652 2790 663 2808 ⁴
680 2789 781 2823 Atlas
810 2800 905 2824 mons

955 1790 1084 1823 Africae
1102 1793 1155 1823 vel
1172 1790 1480 1824 fabulosissimnsz’
1502 1790 1660 1822 nimirum

955 1841 1045 1883 quod
1069 1841 1113 1873 de
1144 1842 1210 1873 illis
1235 1842 1334 1874 valde
1360 1841 1468 1873 multa
1494 1840 1663 1879 scribunt,

956 1890 1091 1931 dicunt,
1114 1889 1337 1931 fabulantnr;
1360 1891 1553 1932 praesertim
1576 1899 1660 1922 vero

956 1940 1092 1973 Poistae.
1122 1941 1180 1974 Sic
1195 1941 1374 1983 palumbes
1385 1941 1500 1973 currui
1514 1940 1661 1972 Veneris

958 1990 1125 2023 trahendo
1135 1991 1310 2033 jungunt:
1334 1991 1435 2033 eique
1460 1990 1588 2022 numini
1607 2000 1660 2021 sa-

958 2051 1048 2081 cras,
1062 2046 1180 2084 atque,
1192 2048 1230 2074 ut
1246 2042 1311 2074 hoo
1326 2043 1406 2082 loci,
1421 2041 1594 2073 ministras
1610 2040 1661 2072 fa-

957 2092 1067 2124 ciunt.

1006 2141 1139 2174 Vultnre
1157 2141 1191 2172 ia
1208 2140 1312 2182 Apulo
1327 2140 1478 2173 Nutricis
1491 2139 1661 2182 [Alei-icis]

956 2197 1050 2225 extra
1067 2194 1161 2224 limen
1179 2192 1322 2234 Apulia]
1346 2194 1409 2224 Est
1423 2193 1550 2224 Vultur
1565 2201 1660 2223 mons

955 2243 991 2275 iu
999 2243 1134 2285 Apuliae
1145 2244 1371 2284 Lucaniaeque
1380 2242 1662 2282 confiuio‚quem-

956 2293 1138 2326 admodum
1154 2299 1191 2325 et
1206 2294 1358 2324 Venusia
1379 2292 1519 2324 Horatii
1548 2291 1662 2331 patria

956 2349 994 2376 et
1008 2344 1120 2375 altrix.
1151 2343 1273 2384 Itaque
1290 2343 1382 2373 nullo
1398 2341 1535 2380 negotio
1551 2340 1660 2371 omnis

957 2395 1122 2433 solvetur,
1142 2393 1171 2423 si
1187 2393 1260 2431 quis
1275 2396 1341 2430 est,
1356 2390 1476 2422 nodus.
1522 2390 1609 2421 Erat
1626 2389 1662 2420 in

956 2444 1059 2483 Apulo
1077 2442 1208 2472 Vulture
1223 2439 1348 2480 Poeta,
1362 2439 1476 2480 ibique
1489 2438 1661 2471 obdormi-

956 2492 1006 2522 vit
1025 2499 1129 2531 puer;
1152 2493 1253 2521 extra
1270 2488 1354 2520 fines
1384 2494 1500 2520 tamen
1524 2488 1661 2530 Apuliae

956 2545 1030 2573 tum
1044 2539 1111 2571 fuit
1125 2550 1135 2570 z
1158 2538 1326 2580 siquidem
1347 2539 1550 2572 versabatur
1564 2539 1601 2571 iu
1615 2539 1661 2571 is·

956 2591 1022 2622 tius
1041 2591 1150 2621 latere
1165 2589 1289 2620 montis
1313 2590 1355 2620 ad
1372 2590 1530 2622 Lucanos
1550 2591 1660 2631 respi-

958 2641 1071 2672 ciente
1097 2644 1132 2671 et
1151 2639 1359 2680 pertinente.
1401 2639 1459 2672 Sic
1478 2639 1523 2671 de
1545 2641 1660 2681 seipso

959 2690 1022 2728 ait,
1033 2697 1076 2721 11.
1090 2689 1163 2720 Sat.
1179 2691 1207 2721 1.
1219 2690 1276 2721 34.
1294 2689 1305 2707 ‘
1315 2689 1473 2720 Lucanus
1485 2698 1529 2720 sn
1539 2689 1659 2731 Appu—

959 2740 1025 2778 lus,
1046 2747 1195 2779 auceps:
1218 2738 1308 2770 Nam
1320 2738 1514 2770 Venusinus
1529 2743 1606 2771 arat
1621 2738 1660 2771 fi-

959 2798 1038 2822 nem
1054 2788 1118 2820 sub
1133 2791 1316 2831 utrumque
1329 2788 1493 2822 colonus:
