1916 3190
258 239 344 283 228
750 253 793 291 Q.
826 252 1037 282 HoRA'rn
1071 253 1244 284 FLAoci

434 347 581 400 Quam
602 348 721 390 dulci
743 348 927 398 Lamiae,
946 360 1114 389 memor

490 415 619 458 Actae
641 430 724 457 non
745 417 832 456 alio
853 428 956 467 rege
979 415 1177 468 puertiae,

434 483 711 539 Mutataeque
733 482 863 524 simul
891 489 1020 538 togae.

489 550 650 594 Cressa
670 565 723 593 ne
743 557 889 593 careat
910 552 1095 605 pulchra
1114 551 1208 593 dies
1229 554 1357 602 nota3
1666 549 1722 590 10

262 671 324 692 mm
337 661 400 693 alio
413 662 537 693 ductore
556 664 735 700 transactae,
757 664 787 691 et
811 663 944 692 mututae
964 660 1087 700 pariter
1110 664 1203 700 togoe.
1250 661 1299 691 Ne
1314 661 1395 691 loetae
1410 659 1474 691 «liei
1494 659 1620 699 signum
1641 661 1721 692 daie

873 743 1112 757 eeeeeeeeeeee

262 798 447 840 saepissime
471 798 726 831 confunduntur
741 800 774 831 in
788 800 898 840 antiq.
917 799 1130 840 scriptis.—⁷
1154 799 1262 831 Arcloe
1277 799 1388 831 codex
1405 797 1452 830 H.
1467 798 1588 838 Stepli.
1603 803 1639 829 et
1657 798 1720 830 Ed.

261 842 392 873 Mutet.
410 841 627 882 improbante
639 842 735 874 Jani:
761 843 909 883 pueritiae
921 843 1022 874 scribi
1036 843 1109 873 vult
1125 842 1306 882 Cruquius‚
1318 851 1395 872 nam
1413 850 1479 872 non
1496 841 1559 872 nisi
1576 841 1609 871 in
1625 850 1722 871 scan-

260 885 356 916 sione
373 894 447 916 esse
463 885 679 925 Synaeresin3
704 890 740 916 et
765 885 814 916 sic
836 886 902 916 duo
926 884 1028 916 codd.
1055 885 1215 916 Dorvillii
1242 884 1284 915 ad
1311 884 1440 916 Charit.
1456 893 1488 923 p.
1504 886 1579 915 382.
1602 889 1637 913 et
1653 883 1721 914 duo

261 927 374 968 Lipss.
389 937 445 968 ap.
461 927 623 968 Jani,qui
639 932 737 967 putat
755 932 850 958 recte
866 928 968 958 etiam
986 927 1088 958 svn-ibi
1101 927 1255 967 puertia-2,-
1278 936 1354 958 esse
1370 926 1460 957 enim
1471 927 1668 966 Syncopen.
1683 931 1721 957 ut

260 970 296 1001 in
320 971 330 987 ‘
345 969 504 1010 porgite-J
527 971 537 988 ‘
552 969 759 1009 surpuerat,'
783 975 791 988 ¹
806 968 1042 1001 lamuae.'—l⁰
1066 973 1074 986 ⁸
1087 969 1221 1000 Thressa
1234 968 1370 1000 emend.
1388 968 1464 1000 Jac.
1487 979 1508 1000 a
1524 968 1635 1000 Cruce
1652 968 1720 999 Bo·

261 1021 340 1043 non.
358 1016 393 1043 et
409 1012 558 1051 amplexi
575 1016 655 1043 sunt
671 1012 803 1043 Erasm.
828 1012 990 1044 Glarean.
1017 1011 1191 1042 Mnrmell.
1218 1010 1374 1042 Hei-mol.
1400 1010 1505 1042 Barb-
1530 1011 1615 1042 Cael.
1639 1011 1721 1043 Cur.

261 1054 399 1086 Bonfin.
416 1055 508 1096 qnod
530 1054 699 1085 Thracum
726 1053 842 1094 potius
855 1064 928 1085 mos
945 1053 1064 1093 fuerit,
1087 1053 1172 1084 albis
1189 1053 1325 1084 calculis
1342 1057 1462 1084 notare
1478 1052 1552 1083 dies
1577 1051 1696 1083 felices
1712 1062 1721 1090 3

262 1097 355 1128 Plin.
369 1106 435 1128 vn.
447 1099 503 1128 40.
534 1096 601 1128 Sed
618 1106 694 1128 eum
712 1102 808 1128 recte
823 1096 909 1127 vidit
925 1096 1039 1127 Bentl.
1053 1102 1169 1127 notam
1182 1096 1360 1127 Thressam
1374 1101 1456 1127 tnnc
1472 1094 1630 1134 ambigue
1643 1094 1725 1134 diei,

263 1145 299 1171 et
313 1149 413 1181 posse
426 1141 530 1171 etium
544 1141 675 1180 nigram
689 1149 775 1178 esse,
791 1145 863 1170 tum
883 1140 1032 1171 omnium
1051 1138 1134 1170 libb.
1152 1138 1254 1170 lectio
1268 1148 1333 1169 non
1350 1137 1555 1177 deserenda,
1571 1142 1607 1168 et
1623 1135 1724 1168 modo

262 1188 359 1214 recte
383 1182 609 1224 explicanda!
631 1183 722 1214 Juni.
770 1182 884 1214 Pressa
908 1182 997 1222 conj.
1026 1192 1081 1222 ap.
1105 1182 1311 1214 sones—11
1338 1181 1438 1212 Harl.
1459 1183 1490 1212 1.
1511 1184 1544 1212 5.
1566 1179 1659 1222 Lips.
1687 1184 1725 1212 et

924 1265 1064 1298 NOTAE

261 1340 342 1362 suo:
359 1331 369 1348 ‘
383 1331 513 1362 Oculos
529 1335 618 1370 tuos,
630 1331 762 1362 etiamsi
776 1334 810 1362 te
824 1331 963 1362 veniens

261 1380 296 1412 in
321 1380 434 1411 medio
457 1378 532 1411 foro
551 1379 682 1416 videro,
705 1380 964 1413 dissuaviabor.’

260 1431 404 1463 Sueton.
426 1430 546 1464 Tiber.
571 1440 649 1472 cap.
669 1434 721 1463 10.
743 1433 753 1448 ⁶
771 1432 904 1463 Paucos
929 1432 962 1462 in

261 1481 418 1522 digressu
429 1481 624 1515 osculatus!
649 1483 693 1513 Et
702 1491 779 1523 cap.
789 1484 842 1514 34.
855 1482 864 1499 ‘
874 1483 964 1515 Quo-

262 1532 390 1564 tidiana
407 1533 521 1563 oscula
536 1531 711 1573 prohibuit
727 1531 863 1563 edicto)
893 1532 963 1564 Ne-

263 1592 335 1615 ron.
347 1592 424 1624 cap.
441 1585 495 1614 3⁷.
510 1583 519 1600 ‘
535 1582 640 1614 Certe
656 1591 766 1623 neque
779 1582 964 1614 adveniens

261 1641 374 1674 neque
398 1631 617 1673 proficiscens
634 1641 824 1673 quenquam
849 1632 966 1664 osculo

261 1682 462 1724 impertivit,
487 1693 528 1715 ac
549 1691 593 1714 ne
624 1682 867 1714 resalutatione
894 1683 966 1722 qui-

262 1732 363 1764 dem.’
404 1733 462 1764 Sic
482 1738 520 1764 et
536 1742 643 1764 sacrae
669 1732 816 1764 litteroe:
842 1734 851 1750 ‘
869 1733 964 1764 Salu-

262 1788 335 1815 tate
366 1783 512 1815 invicem
537 1783 571 1814 in
598 1783 714 1815 osculo
741 1783 883 1816 sancto!
921 1785 965 1815 D.

264 1834 362 1865 Paul.
380 1834 479 1865 Rom.
497 1843 574 1874 cap.
592 1842 670 1866 xV1.
687 1844 734 1864 vs.
747 1836 779 1866 7.
792 1828 834 1865 ad
853 1837 869 1865 1
886 1834 968 1866 Cor.

263 1893 340 1924 cap.
365 1893 442 1915 xw.
473 1884 517 1916 D.
540 1884 640 1916 Petr.
666 1887 682 1915 1
709 1885 818 1925 Epist.
841 1894 918 1926 cap.
933 1894 967 1916 v.

263 1943 315 1964 vs.
333 1936 393 1964 14.-

306 1985 326 2013 ⁷
351 1982 487 2024 Lamioe]
514 1984 565 2014 De
586 1983 672 2014 AElio
698 1983 826 2022 Lamia,
851 1993 966 2024 supra,

266 2031 335 2064 od.
353 2040 460 2063 xxvr.
946 2051 950 2054 »

307 2081 431 2112 Memor
444 2080 537 2112 Actoe
557 2091 619 2112 non
641 2081 704 2113 alio
728 2091 802 2120 rege
821 2083 964 2122 puertia»,

262 2131 334 2173 ξω]
354 2131 517 2171 Magnam
541 2131 730 2162 animorum
753 2133 963 2172 conjunctio-

265 2190 341 2214 nem
354 2181 494 2222 gignere
504 2180 576 2212 haec
588 2181 711 2211 solent.
728 2181 843 2212 Lamia
852 2186 887 2212 et
895 2182 965 2213 Nu-

263 2231 369 2271 mida,
391 2231 512 2263 eodem
541 2231 726 2272 paedagogo
748 2241 808 2262 seu
829 2236 966 2263 rectore

265 2283 329 2319 usi,
343 2282 525 2323 pueritiam
541 2282 638 2313 simul
655 2285 862 2322 exegerant;
880 2291 966 2322 prae-

265 2336 396 2363 textam
423 2341 560 2373 quoque
595 2331 807 2372 deponentes
839 2331 967 2372 pariter

265 2383 359 2414 circa
383 2392 506 2414 annum
532 2385 587 2415 17.
615 2382 736 2422 togam*
755 2381 885 2413 virilem
900 2390 967 2412 una

266 2438 471 2471 sumserunt,
501 2437 572 2464 tum
599 2442 642 2464 ex
668 2441 776 2473 more,
801 2433 811 2450 ‘
830 2431 967 2463 tandem

265 2483 410 2515 custode
439 2485 600 2524 remoto,'
627 2488 664 2515 ut
689 2483 739 2515 ait
769 2483 898 2515 Noster
923 2481 968 2514 ad

267 2534 424 2566 Pisones.
468 2535 556 2566 Sunt
571 2535 629 2576 qui
650 2534 784 2575 puertiae
799 2544 905 2574 regem
918 2534 966 2566 in·
984 2527 989 2533 A

268 2587 507 2624 terpretentnr
548 2589 730 2625 patronum
769 2589 965 2626 potentem:

269 2633 328 2664 sed
346 2634 427 2674 quid
452 2634 515 2666 hoc
538 2634 582 2666 ad
606 2635 753 2676 pueros?
781 2635 851 2667 Alii
872 2645 966 2668 crea·

268 2688 339 2716 tum
356 2689 449 2715 sorte
473 2694 588 2725 regem
612 2685 703 2717 inter
725 2695 847 2726 pueros
862 2686 968 2718 collu-

269 2733 390 2765 dentes
411 2734 443 2764 in
466 2734 646 2776 βασιλίνδα,
661 2735 704 2767 de
720 2746 788 2778 qua
809 2736 914 2768 Plato
933 2735 967 2767 in

269 2784 461 2825 Theaeteto,
489 2785 559 2818 Jul.
586 2786 710 2819 Pollux
732 2787 792 2819 lib.
814 2796 868 2819 ix.
893 2797 968 2828 cap.

1019 1331 1060 1361 de
1079 1331 1323 1363 Convivalibus
1339 1331 1456 1371 Ludis,
1471 1335 1508 1362 et
1523 1340 1584 1362 nos
1602 1336 1724 1371 postea

1018 1384 1033 1412 1
1055 1382 1163 1422 Epist.
1180 1391 1204 1413 1.
1221 1385 1274 1413 59.
1291 1382 1362 1422 ubi,
1385 1383 1395 1399 ‘
1412 1381 1461 1414 At
1486 1382 1582 1422 pueri
1607 1380 1723 1412 luden-

1019 1438 1084 1469 tes,
1103 1432 1174 1463 Rex
1191 1432 1269 1471 eris,
1285 1431 1406 1471 aiunt‚’
1421 1433 1486 1463 διε.
1511 1431 1634 1462 Melius
1649 1440 1722 1462 cer-

1019 1486 1052 1512 te
1069 1481 1125 1512 alii
1143 1481 1339 1522 intelligunt
1356 1481 1570 1522 magistrum,
1585 1481 1657 1512 sive
1671 1481 1724 1512 in-

1018 1537 1212 1572 spectorem
1235 1537 1272 1564 et
1295 1538 1500 1569 curatorem,
1516 1533 1571 1573 qui
1588 1531 1721 1563 dnobus

1019 1586 1080 1613 aut
1106 1581 1262 1622 pluribus
1289 1582 1403 1623 pueris
1435 1582 1606 1614 nobilibus
1626 1583 1722 1614 insti-

1022 1632 1156 1663 tuendis
1169 1631 1451 1674 praeficiebatur:
1467 1631 1631 1673 παιδῶναξ,
1643 1642 1724 1675 qna-

1019 1681 1047 1712 si
1063 1679 1179 1712 παίδων
1193 1680 1279 1721 ἄναξ.

1064 1734 1084 1763 8
1107 1731 1265 1773 Puertiae]
1287 1732 1459 1774 Syncope.
1486 1732 1544 1765 sic
1558 1733 1568 1750 ‘
1583 1733 1723 1764 lanmae'

1022 1791 1084 1822 pro
1097 1786 1105 1799 ‘
1116 1782 1271 1813 laminae?
1291 1782 1350 1815 Sic
1363 1784 1373 1801 ‘
1384 1782 1538 1824 porgite'
1552 1793 1612 1823 pro
1625 1784 1634 1800 ‘
1648 1792 1725 1824 por-

1023 1831 1159 1873 rigite?
1186 1832 1307 1873 Virgil.
1325 1831 1404 1865 AEn.
1427 1841 1510 1864 vni.
1525 1835 1601 1864 274.
1624 1834 1634 1852 ‘
1651 1842 1724 1864 sur-

1021 1882 1111 1922 pite'
1139 1892 1200 1923 pro
1226 1882 1411 1923 ‘surripite
1425 1881 1448 1914 τ’
1469 1881 1572 1923 infra,
1595 1893 1636 1915 ιι.
1650 1883 1722 1917 Sat.

1020 1934 1052 1962 3.
1067 1936 1103 1964 et
1122 1941 1171 1964 iv.
1185 1932 1253 1964 Od.
1270 1935 1322 1964 13.
1338 1935 1348 1950 ‘
1368 1932 1527 1974 porgam'
1543 1943 1606 1974 pro
1621 1934 1632 1952 ‘
1646 1943 1724 1976 por-

1019 1981 1151 2022 rigam,'
1167 1987 1256 2015 teste
1271 1978 1395 2026 Fest05
1418 1983 1527 2016 et'Sil.
1541 1983 1600 2015 lib.
1615 1993 1667 2016 1¹.

1063 2034 1103 2062 10
1129 2032 1243 2064 Cressa
1263 2043 1301 2064 ne
1319 2036 1436 2073 careat,
1457 2033 1526 2074 «ξι-,1
1547 2034 1631 2066 Dies
1646 2034 1725 2074 ista,

1019 2090 1084 2121 qua
1115 2080 1268 2111 redditus
1299 2082 1379 2113 mihi
1404 2092 1454 2122 es,
1481 2087 1619 2115 notetur
1643 2084 1724 2116 laeto

1019 2129 1124 2168 signo.
1147 2129 1201 2160 vel
1226 2134 1337 2170 creta,
1360 2130 1439 2162 albo
1465 2140 1585 2172 nempe
1606 2133 1723 2172 lapillo

1020 2189 1080 2210 seu
1098 2179 1275 2218 Cretensi3
1297 2188 1340 2210 ex
1356 2189 1452 2211 more
1467 2180 1559 2220 apud
1574 2180 1722 2212 Thracas

1021 2229 1192 2269 instituto,
1216 2230 1314 2261 laetas
1344 2229 1418 2261 dies
1442 2240 1481 2261 ac
1504 2229 1625 2262 felices
1647 2240 1726 2262 can.

1021 2277 1103 2309 dido
1125 2278 1268 2309 notandi
1289 2279 1430 2310 calculo.
1470 2279 1558 2311 Plin.
1582 2288 1650 2311 vu.
1665 2283 1722 2313 40.

1022 2328 1115 2360 Hinc
1152 2329 1336 2369 legendum
1370 2329 1508 2371 quidam
1544 2336 1721 2372 putarunt,

1024 2378 1176 2415 Thressa5
1195 2378 1256 2410 sed
1273 2380 1374 2418 ntale,
1384 2383 1422 2411 ut
1435 2380 1551 2412 notavi
1567 2380 1609 2411 ad
1622 2381 1722 2414 Pers.

1020 2429 1094 2462 Sat.
1111 2438 1152 2461 11.
1169 2432 1197 2461 1.
1221 2429 1297 2461 Nee
1312 2429 1400 2460 enini
1417 2428 1460 2460 de
1472 2430 1721 2462 consuetudine

1020 2480 1185 2511 Thracum
1200 2479 1256 2511 hic
1272 2479 1396 2520 agitur,
1415 2478 1477 2510 sed
1497 2480 1540 2511 de
1563 2480 1721 2512 Cretensi

1021 2535 1105 2563 nota
1119 2529 1296 2562 felicitatis
1318 2530 1443 2569 indice,
1461 2529 1608 2562 candida
1623 2531 1720 2563 nimi-

1022 2591 1106 2614 rum.
1159 2582 1217 2614 Sic
1249 2586 1368 2623 postea
1406 2590 1448 2613 11.
1477 2582 1551 2614 Sat.
1582 2584 1614 2614 3.
1644 2584 1720 2615 246.

1021 2634 1031 2651 ‘
1048 2633 1152 2665 Creta
1175 2642 1217 2664 an
1233 2632 1382 2665 carbone
1404 2632 1589 2664 notandum
1603 2631 1615 2663 ?
1627 2631 1637 2646 ⁹
1673 2632 1720 2665 Et

1020 2683 1119 2715 Pers.
1140 2684 1212 2716 Sat.
1231 2692 1263 2714 v.
1278 2685 1351 2714 108.
1376 2686 1386 2701 ·
1403 2682 1468 2714 Illa
1493 2683 1586 2724 prins
1611 2687 1720 2724 crete,

1020 2743 1100 2766 mox
1113 2731 1187 2765 liaee
1202 2733 1350 2766 carbone
1366 2733 1518 2764 notasti!

1064 2789 1102 2819 11
1128 2787 1200 2819 Neu
1211 2789 1342 2828 promtae
1357 2787 1462 2818 modus
1475 2785 1645 2829 amphora-J
1662 2783 1717 2826 Ad
