<?xml version="1.0" encoding="UTF-8"?>
<!DOCTYPE html PUBLIC "-//W3C//DTD XHTML 1.0 Transitional//EN"
    "http://www.w3.org/TR/xhtml1/DTD/xhtml1-transitional.dtd">
<html xmlns="http://www.w3.org/1999/xhtml" xml:lang="en" lang="en">
 <head>
  <title>
</title>
<meta http-equiv="Content-Type" content="text/html;charset=utf-8" />
  <meta name='ocr-system' content='tesseract 3.04.00' />
  <meta name='ocr-capabilities' content='ocr_page ocr_carea ocr_par ocr_line ocrx_word'/>
</head>
<body>
  <div class='ocr_page' id='page_1' title='image "./operazeune01horauoft_0452.png"; bbox 0 0 1916 3190; ppageno 0'>
   <div class='ocr_carea' id='block_1_1' title="bbox 271 248 385 292">
    <p class='ocr_par' dir='ltr' id='par_1_1' title="bbox 271 248 385 292">
     <span class='ocr_line' id='line_1_1' title="bbox 271 248 385 292; baseline 0 0"><span class='ocrx_word' id='word_1_1' title='bbox 271 251 359 292; x_wconf 87' lang='grc'><strong>444</strong></span> <span class='ocrx_word' id='word_1_2' title='bbox 378 248 385 255; x_wconf 26' lang='grc' dir='ltr'><strong>Χ</strong></span> 
     </span>
    </p>
   </div>
   <div class='ocr_carea' id='block_1_2' title="bbox 751 263 1248 305">
    <p class='ocr_par' dir='ltr' id='par_1_2' title="bbox 751 263 1248 305">
     <span class='ocr_line' id='line_1_2' title="bbox 751 263 1248 305; baseline 0 -9"><span class='ocrx_word' id='word_1_3' title='bbox 751 267 795 305; x_wconf 86' lang='lat' dir='ltr'><strong>Q.</strong></span> <span class='ocrx_word' id='word_1_4' title='bbox 825 263 1037 296; x_wconf 75' lang='lat' dir='ltr'><strong>HoRA&#39;ru</strong></span> <span class='ocrx_word' id='word_1_5' title='bbox 1072 264 1248 296; x_wconf 69' lang='lat' dir='ltr'><strong>FLAocr</strong></span> 
     </span>
    </p>
   </div>
   <div class='ocr_carea' id='block_1_3' title="bbox 498 358 1730 679">
    <p class='ocr_par' dir='ltr' id='par_1_3' title="bbox 498 358 1730 679">
     <span class='ocr_line' id='line_1_3' title="bbox 498 358 1730 414; baseline 0.001 -13"><span class='ocrx_word' id='word_1_6' title='bbox 498 358 622 414; x_wconf 89' lang='lat' dir='ltr'><strong>(Nec</strong></span> <span class='ocrx_word' id='word_1_7' title='bbox 641 360 810 413; x_wconf 84' lang='lat' dir='ltr'><strong>loquax</strong></span> <span class='ocrx_word' id='word_1_8' title='bbox 831 359 936 399; x_wconf 90' lang='lat' dir='ltr'><strong>olim</strong></span> <span class='ocrx_word' id='word_1_9' title='bbox 957 370 1098 411; x_wconf 88' lang='lat' dir='ltr'><strong>neque</strong></span> <span class='ocrx_word' id='word_1_10' title='bbox 1118 361 1259 410; x_wconf 83' lang='lat' dir='ltr'><strong>grata,</strong></span> <span class='ocrx_word' id='word_1_11' title='bbox 1278 371 1391 401; x_wconf 89' lang='lat' dir='ltr'><strong>nunc</strong></span> <span class='ocrx_word' id='word_1_12' title='bbox 1411 364 1457 400; x_wconf 90' lang='lat' dir='ltr'><strong>et</strong></span> <span class='ocrx_word' id='word_1_13' title='bbox 1701 362 1730 402; x_wconf 88' lang='lat'>5</span> 
     </span>
     <span class='ocr_line' id='line_1_4' title="bbox 501 424 1341 479; baseline -0.001 -12"><span class='ocrx_word' id='word_1_14' title='bbox 501 426 700 467; x_wconf 86' lang='lat' dir='ltr'><strong>Divitum</strong></span> <span class='ocrx_word' id='word_1_15' title='bbox 720 425 887 467; x_wconf 82' lang='lat' dir='ltr'><strong>mensis</strong></span> <span class='ocrx_word' id='word_1_16' title='bbox 907 429 951 466; x_wconf 90' lang='lat' dir='ltr'><strong>et</strong></span> <span class='ocrx_word' id='word_1_17' title='bbox 970 424 1116 466; x_wconf 85' lang='lat' dir='ltr'><strong>amica</strong></span> <span class='ocrx_word' id='word_1_18' title='bbox 1137 424 1341 479; x_wconf 87' lang='lat' dir='ltr'><strong>templis)</strong></span> 
     </span>
     <span class='ocr_line' id='line_1_5' title="bbox 499 491 1378 545; baseline 0.001 -13"><span class='ocrx_word' id='word_1_19' title='bbox 499 491 586 534; x_wconf 88' lang='lat' dir='ltr'><strong>Dic</strong></span> <span class='ocrx_word' id='word_1_20' title='bbox 607 492 780 542; x_wconf 88' lang='lat' dir='ltr'><strong>modos,</strong></span> <span class='ocrx_word' id='word_1_21' title='bbox 802 491 925 545; x_wconf 84' lang='lat' dir='ltr'>Lyde</span> <span class='ocrx_word' id='word_1_22' title='bbox 947 491 1108 544; x_wconf 85' lang='lat' dir='ltr'><strong>quibus</strong></span> <span class='ocrx_word' id='word_1_23' title='bbox 1128 491 1378 533; x_wconf 83' lang='lat' dir='ltr'><strong>obstinatas</strong></span> 
     </span>
     <span class='ocr_line' id='line_1_6' title="bbox 844 557 1230 612; baseline 0 -13"><span class='ocrx_word' id='word_1_24' title='bbox 844 557 1059 612; x_wconf 88' lang='lat' dir='ltr'><strong>Applicet</strong></span> <span class='ocrx_word' id='word_1_25' title='bbox 1079 571 1230 600; x_wconf 83' lang='lat' dir='ltr'><strong>aures:</strong></span> 
     </span>
     <span class='ocr_line' id='line_1_7' title="bbox 503 624 1393 679; baseline 0 -13"><span class='ocrx_word' id='word_1_26' title='bbox 503 624 635 676; x_wconf 85' lang='lat' dir='ltr'><strong>Quae,</strong></span> <span class='ocrx_word' id='word_1_27' title='bbox 656 627 778 667; x_wconf 84' lang='lat' dir='ltr'><strong>velut</strong></span> <span class='ocrx_word' id='word_1_28' title='bbox 797 626 899 667; x_wconf 86' lang='lat' dir='ltr'><strong>latis</strong></span> <span class='ocrx_word' id='word_1_29' title='bbox 919 638 1033 679; x_wconf 86' lang='lat' dir='ltr'><strong>equa</strong></span> <span class='ocrx_word' id='word_1_30' title='bbox 1056 626 1186 667; x_wconf 85' lang='lat' dir='ltr'><strong>trima</strong></span> <span class='ocrx_word' id='word_1_31' title='bbox 1206 625 1393 679; x_wconf 86' lang='lat' dir='ltr'><strong>campis,</strong></span> 
     </span>
    </p>
   </div>
   <div class='ocr_carea' id='block_1_4' title="bbox 503 691 1286 745">
    <p class='ocr_par' dir='ltr' id='par_1_4' title="bbox 503 691 1286 745">
     <span class='ocr_line' id='line_1_8' title="bbox 503 691 1286 745; baseline -0.003 -12"><span class='ocrx_word' id='word_1_32' title='bbox 503 691 641 733; x_wconf 88' lang='lat' dir='ltr'><strong>Ludit</strong></span> <span class='ocrx_word' id='word_1_33' title='bbox 659 692 860 742; x_wconf 63' lang='lat' dir='ltr'><strong>exulum,</strong></span> <span class='ocrx_word' id='word_1_34' title='bbox 877 691 1126 745; x_wconf 85' lang='lat' dir='ltr'><strong>metuitque</strong></span> <span class='ocrx_word' id='word_1_35' title='bbox 1148 692 1286 745; x_wconf 85' lang='lat' dir='ltr'><strong>tangi,</strong></span> 
     </span>
    </p>
   </div>
   <div class='ocr_carea' id='block_1_5' title="bbox 1675 690 1731 732">
    <p class='ocr_par' dir='ltr' id='par_1_5' title="bbox 1675 690 1731 732">
     <span class='ocr_line' id='line_1_9' title="bbox 1675 690 1731 732; baseline 0 0"><span class='ocrx_word' id='word_1_36' title='bbox 1675 690 1731 732; x_wconf 91' lang='grc'><strong>10</strong></span> 
     </span>
    </p>
   </div>
   <div class='ocr_carea' id='block_1_6' title="bbox 266 798 1735 927">
    <p class='ocr_par' dir='ltr' id='par_1_6' title="bbox 266 798 1735 927">
     <span class='ocr_line' id='line_1_10' title="bbox 274 798 1733 842; baseline 0 -11"><span class='ocrx_word' id='word_1_37' title='bbox 274 799 398 832; x_wconf 75' lang='lat' dir='ltr'><strong>chordis</strong></span> <span class='ocrx_word' id='word_1_38' title='bbox 421 801 555 841; x_wconf 75' lang='lat' dir='ltr'><strong>septenis</strong></span> <span class='ocrx_word' id='word_1_39' title='bbox 578 810 723 833; x_wconf 82' lang='lat' dir='ltr'><strong>resonare</strong></span> <span class='ocrx_word' id='word_1_40' title='bbox 742 801 867 842; x_wconf 64' lang='lat' dir='ltr'><strong>perita,-</strong></span> <span class='ocrx_word' id='word_1_41' title='bbox 890 810 985 841; x_wconf 83' lang='lat' dir='ltr'><strong>neque</strong></span> <span class='ocrx_word' id='word_1_42' title='bbox 1007 809 1123 831; x_wconf 78' lang='lat' dir='ltr'><strong>canora</strong></span> <span class='ocrx_word' id='word_1_43' title='bbox 1144 800 1268 840; x_wconf 80' lang='lat' dir='ltr'><strong><em>pridem</em></strong></span> <span class='ocrx_word' id='word_1_44' title='bbox 1289 809 1386 840; x_wconf 79' lang='lat' dir='ltr'><strong>neque</strong></span> <span class='ocrx_word' id='word_1_45' title='bbox 1405 799 1559 842; x_wconf 76' lang='lat' dir='ltr'><strong>jucunda,</strong></span> <span class='ocrx_word' id='word_1_46' title='bbox 1573 798 1644 838; x_wconf 74' lang='lat' dir='ltr'><strong>jam</strong></span> <span class='ocrx_word' id='word_1_47' title='bbox 1661 809 1733 831; x_wconf 81' lang='lat' dir='ltr'><strong>vero</strong></span> 
     </span>
     <span class='ocr_line' id='line_1_11' title="bbox 266 842 1735 884; baseline 0.001 -11"><span class='ocrx_word' id='word_1_48' title='bbox 266 842 442 880; x_wconf 71' lang='lat' dir='ltr'><strong>familiaris</strong></span> <span class='ocrx_word' id='word_1_49' title='bbox 457 846 523 874; x_wconf 78' lang='lat' dir='ltr'><strong>tum</strong></span> <span class='ocrx_word' id='word_1_50' title='bbox 537 844 747 884; x_wconf 81' lang='lat' dir='ltr'><strong>opulentorum</strong></span> <span class='ocrx_word' id='word_1_51' title='bbox 761 843 887 882; x_wconf 75' lang='lat' dir='ltr'><strong>mensis,</strong></span> <span class='ocrx_word' id='word_1_52' title='bbox 901 846 966 874; x_wconf 81' lang='lat' dir='ltr'><strong>tum</strong></span> <span class='ocrx_word' id='word_1_53' title='bbox 980 843 1074 881; x_wconf 76' lang='lat' dir='ltr'><strong>sanis</strong></span> <span class='ocrx_word' id='word_1_54' title='bbox 1085 843 1224 874; x_wconf 81' lang='lat' dir='ltr'><strong><em>Deorum</em></strong></span> <span class='ocrx_word' id='word_1_55' title='bbox 1231 852 1245 880; x_wconf 89' lang='lat'><em>;</em></span> <span class='ocrx_word' id='word_1_56' title='bbox 1264 852 1407 874; x_wconf 78' lang='lat' dir='ltr'><strong>numeros</strong></span> <span class='ocrx_word' id='word_1_57' title='bbox 1420 844 1486 879; x_wconf 82' lang='lat' dir='ltr'><strong>ede,</strong></span> <span class='ocrx_word' id='word_1_58' title='bbox 1500 843 1612 883; x_wconf 71' lang='lat' dir='ltr'><strong>quibus</strong></span> <span class='ocrx_word' id='word_1_59' title='bbox 1629 842 1735 883; x_wconf 77' lang='lat' dir='ltr'><strong>pervi-</strong></span> 
     </span>
     <span class='ocr_line' id='line_1_12' title="bbox 274 884 1732 927; baseline 0 -12"><span class='ocrx_word' id='word_1_60' title='bbox 274 894 361 916; x_wconf 75' lang='lat' dir='ltr'><strong>caces</strong></span> <span class='ocrx_word' id='word_1_61' title='bbox 373 885 529 917; x_wconf 72' lang='lat' dir='ltr'><strong><em>auriculas</em></strong></span> <span class='ocrx_word' id='word_1_62' title='bbox 542 886 703 917; x_wconf 79' lang='lat' dir='ltr'><strong>admoveat</strong></span> <span class='ocrx_word' id='word_1_63' title='bbox 717 886 806 927; x_wconf 76' lang='lat' dir='ltr'><strong>Lyde</strong></span> <span class='ocrx_word' id='word_1_64' title='bbox 817 896 828 916; x_wconf 83' lang='lat'><strong>.-</strong></span> <span class='ocrx_word' id='word_1_65' title='bbox 850 895 919 926; x_wconf 81' lang='lat' dir='ltr'><strong>quae</strong></span> <span class='ocrx_word' id='word_1_66' title='bbox 933 885 1015 916; x_wconf 74' lang='lat' dir='ltr'><strong>sicut</strong></span> <span class='ocrx_word' id='word_1_67' title='bbox 1029 894 1105 925; x_wconf 76' lang='lat' dir='ltr'><strong>equa</strong></span> <span class='ocrx_word' id='word_1_68' title='bbox 1120 885 1218 916; x_wconf 77' lang='lat' dir='ltr'><strong>trium</strong></span> <span class='ocrx_word' id='word_1_69' title='bbox 1231 894 1380 917; x_wconf 74' lang='lat' dir='ltr'><strong>annorum</strong></span> <span class='ocrx_word' id='word_1_70' title='bbox 1394 885 1515 916; x_wconf 65' lang='lat' dir='ltr'><strong>exultat</strong></span> <span class='ocrx_word' id='word_1_71' title='bbox 1527 888 1558 916; x_wconf 77' lang='lat' dir='ltr'><strong>et</strong></span> <span class='ocrx_word' id='word_1_72' title='bbox 1573 884 1654 916; x_wconf 72' lang='lat' dir='ltr'><strong>ludit</strong></span> <span class='ocrx_word' id='word_1_73' title='bbox 1675 894 1732 925; x_wconf 81' lang='lat' dir='ltr'><strong>per</strong></span> 
     </span>
    </p>
   </div>
   <div class='ocr_carea' id='block_1_7' title="bbox 886 967 905 979">
    <p class='ocr_par' dir='ltr' id='par_1_7' title="bbox 886 967 905 979">
     <span class='ocr_line' id='line_1_13' title="bbox 886 967 905 979; baseline 0 0"><span class='ocrx_word' id='word_1_74' title='bbox 886 967 905 979; x_wconf 68' lang='lat' dir='ltr'><em>O</em></span> 
     </span>
    </p>
   </div>
   <div class='ocr_carea' id='block_1_8' title="bbox 908 966 1124 979">
    <p class='ocr_par' dir='ltr' id='par_1_8' title="bbox 908 966 1124 979">
     <span class='ocr_line' id='line_1_14' title="bbox 908 966 1124 979; baseline 0 2211"><span class='ocrx_word' id='word_1_75' title='bbox 908 966 1124 979; x_wconf 95' lang='lat' dir='ltr'><strong> </strong></span> 
     </span>
    </p>
   </div>
   <div class='ocr_carea' id='block_1_9' title="bbox 277 1019 1738 1234">
    <p class='ocr_par' dir='ltr' id='par_1_9' title="bbox 277 1019 1738 1234">
     <span class='ocr_line' id='line_1_15' title="bbox 277 1019 1736 1061; baseline 0.001 -7"><span class='ocrx_word' id='word_1_76' title='bbox 277 1022 403 1054; x_wconf 83' lang='lat' dir='ltr'><strong>Sauad.</strong></span> <span class='ocrx_word' id='word_1_77' title='bbox 428 1022 520 1060; x_wconf 86' lang='lat' dir='ltr'><strong>Jani,</strong></span> <span class='ocrx_word' id='word_1_78' title='bbox 546 1026 582 1054; x_wconf 88' lang='lat' dir='ltr'><strong>et</strong></span> <span class='ocrx_word' id='word_1_79' title='bbox 605 1021 811 1054; x_wconf 62' lang='lat' dir='ltr'><strong>misen—9</strong></span> <span class='ocrx_word' id='word_1_80' title='bbox 833 1021 843 1039; x_wconf 91' lang='lat'><em>‘</em></span> <span class='ocrx_word' id='word_1_81' title='bbox 857 1021 985 1053; x_wconf 83' lang='lat' dir='ltr'><strong>Dacer.</strong></span> <span class='ocrx_word' id='word_1_82' title='bbox 1010 1020 1101 1060; x_wconf 84' lang='lat' dir='ltr'><strong>conj.</strong></span> <span class='ocrx_word' id='word_1_83' title='bbox 1124 1019 1219 1060; x_wconf 77' lang='lat' dir='ltr'><strong>loetis,</strong></span> <span class='ocrx_word' id='word_1_84' title='bbox 1236 1023 1274 1052; x_wconf 88' lang='lat' dir='ltr'><strong>et</strong></span> <span class='ocrx_word' id='word_1_85' title='bbox 1287 1020 1424 1061; x_wconf 84' lang='lat' dir='ltr'><strong>recepit</strong></span> <span class='ocrx_word' id='word_1_86' title='bbox 1443 1021 1531 1053; x_wconf 84' lang='lat' dir='ltr'><strong>Sivr.</strong></span> <span class='ocrx_word' id='word_1_87' title='bbox 1572 1022 1630 1055; x_wconf 84' lang='lat' dir='ltr'><strong>uia</strong></span> <span class='ocrx_word' id='word_1_88' title='bbox 1643 1022 1736 1055; x_wconf 85' lang='lat' dir='ltr'><strong>Ana-</strong></span> 
     </span>
     <span class='ocr_line' id='line_1_16' title="bbox 278 1062 1735 1105; baseline 0.001 -9"><span class='ocrx_word' id='word_1_89' title='bbox 278 1074 398 1104; x_wconf 86' lang='lat' dir='ltr'><strong>creon,</strong></span> <span class='ocrx_word' id='word_1_90' title='bbox 420 1066 516 1105; x_wconf 86' lang='lat' dir='ltr'><strong>cnjus</strong></span> <span class='ocrx_word' id='word_1_91' title='bbox 542 1066 655 1096; x_wconf 90' lang='lat' dir='ltr'><strong>locum</strong></span> <span class='ocrx_word' id='word_1_92' title='bbox 681 1063 853 1105; x_wconf 87' lang='lat' dir='ltr'>expressit</span> <span class='ocrx_word' id='word_1_93' title='bbox 878 1062 1055 1102; x_wconf 80' lang='lat' dir='ltr'><strong>Horatius,</strong></span> <span class='ocrx_word' id='word_1_94' title='bbox 1078 1063 1231 1101; x_wconf 74' lang='grc' dir='ltr'><strong>λειμῶνας</strong></span> <span class='ocrx_word' id='word_1_95' title='bbox 1255 1062 1392 1102; x_wconf 84' lang='lat' dir='ltr'>dixerit,</span> <span class='ocrx_word' id='word_1_96' title='bbox 1414 1064 1470 1095; x_wconf 88' lang='lat' dir='ltr'><strong>cui</strong></span> <span class='ocrx_word' id='word_1_97' title='bbox 1493 1072 1552 1095; x_wconf 83' lang='lat' dir='ltr'><strong>ver</strong></span> <span class='ocrx_word' id='word_1_98' title='bbox 1577 1075 1599 1096; x_wconf 85' lang='lat' dir='ltr'><strong>o</strong></span> <span class='ocrx_word' id='word_1_99' title='bbox 1615 1066 1735 1098; x_wconf 85' lang='lat' dir='ltr'><strong>melius</strong></span> 
     </span>
     <span class='ocr_line' id='line_1_17' title="bbox 277 1103 1737 1148; baseline 0.001 -10"><span class='ocrx_word' id='word_1_100' title='bbox 277 1107 508 1148; x_wconf 88' lang='lat' dir='ltr'><strong>respondeant</strong></span> <span class='ocrx_word' id='word_1_101' title='bbox 524 1107 590 1138; x_wconf 77' lang='lat' dir='ltr'><strong>laeti</strong></span> <span class='ocrx_word' id='word_1_102' title='bbox 605 1107 732 1147; x_wconf 89' lang='lat' dir='ltr'><strong>campi,</strong></span> <span class='ocrx_word' id='word_1_103' title='bbox 749 1115 850 1148; x_wconf 90' lang='lat' dir='ltr'><strong>quam</strong></span> <span class='ocrx_word' id='word_1_104' title='bbox 865 1105 934 1138; x_wconf 79' lang='lat' dir='ltr'><strong>lati.</strong></span> <span class='ocrx_word' id='word_1_105' title='bbox 978 1104 1102 1137; x_wconf 90' lang='lat' dir='ltr'><strong>Debile</strong></span> <span class='ocrx_word' id='word_1_106' title='bbox 1129 1103 1283 1144; x_wconf 84' lang='lat' dir='ltr'><strong>profecto</strong></span> <span class='ocrx_word' id='word_1_107' title='bbox 1308 1109 1545 1145; x_wconf 75' lang='lat' dir='ltr'><strong>argumentum</strong></span> <span class='ocrx_word' id='word_1_108' title='bbox 1561 1106 1569 1137; x_wconf 92' lang='lat'><strong>!</strong></span> <span class='ocrx_word' id='word_1_109' title='bbox 1603 1106 1737 1148; x_wconf 34' lang='lat' dir='ltr'><strong>Et-ap-</strong></span> 
     </span>
     <span class='ocr_line' id='line_1_18' title="bbox 281 1146 1737 1190; baseline 0.001 -10"><span class='ocrx_word' id='word_1_110' title='bbox 281 1149 385 1181; x_wconf 83' lang='lat' dir='ltr'><strong>tiores</strong></span> <span class='ocrx_word' id='word_1_111' title='bbox 399 1149 500 1190; x_wconf 86' lang='lat' dir='ltr'><strong>hujus</strong></span> <span class='ocrx_word' id='word_1_112' title='bbox 516 1150 584 1181; x_wconf 88' lang='lat' dir='ltr'><strong>loci</strong></span> <span class='ocrx_word' id='word_1_113' title='bbox 610 1149 750 1189; x_wconf 82' lang='lat' dir='ltr'>imagini</span> <span class='ocrx_word' id='word_1_114' title='bbox 774 1149 834 1180; x_wconf 81' lang='lat' dir='ltr'><strong>lati</strong></span> <span class='ocrx_word' id='word_1_115' title='bbox 858 1147 981 1189; x_wconf 83' lang='lat' dir='ltr'><strong>campi.</strong></span> <span class='ocrx_word' id='word_1_116' title='bbox 1025 1146 1103 1178; x_wconf 89' lang='lat' dir='ltr'><strong>Vid.</strong></span> <span class='ocrx_word' id='word_1_117' title='bbox 1119 1146 1247 1179; x_wconf 89' lang='lat' dir='ltr'><strong>Bentl.’</strong></span> <span class='ocrx_word' id='word_1_118' title='bbox 1267 1147 1359 1181; x_wconf 77' lang='lat' dir='ltr'><strong>Juui.</strong></span> <span class='ocrx_word' id='word_1_119' title='bbox 1402 1148 1524 1179; x_wconf 88' lang='lat' dir='ltr'><strong>Totam</strong></span> <span class='ocrx_word' id='word_1_120' title='bbox 1539 1148 1627 1180; x_wconf 79' lang='lat' dir='ltr'><strong>hunc</strong></span> <span class='ocrx_word' id='word_1_121' title='bbox 1641 1149 1737 1181; x_wconf 84' lang='lat' dir='ltr'><strong>Stro-</strong></span> 
     </span>
     <span class='ocr_line' id='line_1_19' title="bbox 280 1189 1738 1234; baseline 0.001 -12"><span class='ocrx_word' id='word_1_122' title='bbox 280 1191 384 1233; x_wconf 87' lang='lat' dir='ltr'><strong>phen,</strong></span> <span class='ocrx_word' id='word_1_123' title='bbox 398 1191 512 1224; x_wconf 86' lang='lat' dir='ltr'><strong>studi⁰</strong></span> <span class='ocrx_word' id='word_1_124' title='bbox 529 1191 712 1232; x_wconf 86' lang='lat' dir='ltr'><strong>castitatis,</strong></span> <span class='ocrx_word' id='word_1_125' title='bbox 723 1190 839 1223; x_wconf 90' lang='lat' dir='ltr'><strong>omisit</strong></span> <span class='ocrx_word' id='word_1_126' title='bbox 848 1190 1060 1222; x_wconf 87' lang='lat' dir='ltr'><strong>Sanad.—10</strong></span> <span class='ocrx_word' id='word_1_127' title='bbox 1074 1189 1166 1231; x_wconf 86' lang='lat' dir='ltr'><strong>Lips.</strong></span> <span class='ocrx_word' id='word_1_128' title='bbox 1177 1189 1375 1227; x_wconf 77' lang='lat' dir='ltr'><strong>4.exultum,</strong></span> <span class='ocrx_word' id='word_1_129' title='bbox 1388 1199 1407 1221; x_wconf 91' lang='lat' dir='ltr'><strong>c</strong></span> <span class='ocrx_word' id='word_1_130' title='bbox 1416 1190 1627 1231; x_wconf 81' lang='lat' dir='ltr'><strong>glossa.—l5</strong></span> <span class='ocrx_word' id='word_1_131' title='bbox 1643 1191 1738 1234; x_wconf 77' lang='lat' dir='ltr'><strong>Lips-</strong></span> 
     </span>
    </p>
   </div>
   <div class='ocr_carea' id='block_1_10' title="bbox 940 1276 1082 1310">
    <p class='ocr_par' dir='ltr' id='par_1_10' title="bbox 940 1276 1082 1310">
     <span class='ocr_line' id='line_1_20' title="bbox 940 1276 1082 1310; baseline -0.014 0"><span class='ocrx_word' id='word_1_132' title='bbox 940 1277 972 1310; x_wconf 87' lang='lat' dir='ltr'>N</span> <span class='ocrx_word' id='word_1_133' title='bbox 976 1276 1082 1309; x_wconf 80' lang='lat' dir='ltr'><strong>OTAE</strong></span> 
     </span>
    </p>
   </div>
   <div class='ocr_carea' id='block_1_11' title="bbox 278 1341 997 2811">
    <p class='ocr_par' dir='ltr' id='par_1_11' title="bbox 278 1341 990 2018">
     <span class='ocr_line' id='line_1_21' title="bbox 278 1341 983 1382; baseline -0.001 -8"><span class='ocrx_word' id='word_1_134' title='bbox 278 1341 344 1378; x_wconf 86' lang='lat' dir='ltr'><strong>dis,</strong></span> <span class='ocrx_word' id='word_1_135' title='bbox 378 1341 505 1373; x_wconf 84' lang='lat' dir='ltr'><strong>deinde</strong></span> <span class='ocrx_word' id='word_1_136' title='bbox 540 1345 698 1382; x_wconf 85' lang='lat' dir='ltr'><strong>quatuor,</strong></span> <span class='ocrx_word' id='word_1_137' title='bbox 737 1345 810 1373; x_wconf 89' lang='lat' dir='ltr'><strong>tum</strong></span> <span class='ocrx_word' id='word_1_138' title='bbox 840 1345 983 1382; x_wconf 82' lang='lat' dir='ltr'><strong>septem,</strong></span> 
     </span>
     <span class='ocr_line' id='line_1_22' title="bbox 280 1391 983 1433; baseline 0 -10"><span class='ocrx_word' id='word_1_139' title='bbox 280 1396 403 1433; x_wconf 86' lang='lat' dir='ltr'><strong>postea</strong></span> <span class='ocrx_word' id='word_1_140' title='bbox 451 1401 574 1424; x_wconf 84' lang='lat' dir='ltr'><strong>novem</strong></span> <span class='ocrx_word' id='word_1_141' title='bbox 616 1393 812 1431; x_wconf 86' lang='lat' dir='ltr'><strong>instructa;</strong></span> <span class='ocrx_word' id='word_1_142' title='bbox 849 1391 983 1423; x_wconf 79' lang='lat' dir='ltr'><strong>demum</strong></span> 
     </span>
     <span class='ocr_line' id='line_1_23' title="bbox 280 1441 985 1481; baseline 0.001 -10"><span class='ocrx_word' id='word_1_143' title='bbox 280 1441 384 1472; x_wconf 88' lang='lat' dir='ltr'><strong>etiam</strong></span> <span class='ocrx_word' id='word_1_144' title='bbox 414 1441 578 1481; x_wconf 83' lang='lat' dir='ltr'><strong>pluribus.</strong></span> <span class='ocrx_word' id='word_1_145' title='bbox 621 1441 712 1472; x_wconf 83' lang='lat' dir='ltr'><strong>Vide</strong></span> <span class='ocrx_word' id='word_1_146' title='bbox 738 1441 895 1472; x_wconf 84' lang='lat' dir='ltr'><strong>Macrob.</strong></span> <span class='ocrx_word' id='word_1_147' title='bbox 923 1441 985 1472; x_wconf 87' lang='lat' dir='ltr'><strong>Sa-</strong></span> 
     </span>
     <span class='ocr_line' id='line_1_24' title="bbox 280 1488 984 1522; baseline -0.003 0"><span class='ocrx_word' id='word_1_148' title='bbox 280 1494 374 1522; x_wconf 83' lang='lat' dir='ltr'><strong>turn.</strong></span> <span class='ocrx_word' id='word_1_149' title='bbox 403 1498 429 1521; x_wconf 88' lang='lat'><strong>1.</strong></span> <span class='ocrx_word' id='word_1_150' title='bbox 459 1492 512 1521; x_wconf 83' lang='lat'><strong>19.</strong></span> <span class='ocrx_word' id='word_1_151' title='bbox 573 1489 715 1521; x_wconf 87' lang='lat' dir='ltr'><strong>Diodor.</strong></span> <span class='ocrx_word' id='word_1_152' title='bbox 742 1489 847 1521; x_wconf 87' lang='lat' dir='ltr'><strong>Sicul.</strong></span> <span class='ocrx_word' id='word_1_153' title='bbox 877 1488 938 1520; x_wconf 84' lang='lat' dir='ltr'><strong>lib.</strong></span> <span class='ocrx_word' id='word_1_154' title='bbox 958 1498 984 1520; x_wconf 88' lang='lat'><strong>1.</strong></span> 
     </span>
     <span class='ocr_line' id='line_1_25' title="bbox 282 1538 984 1581; baseline 0 -10"><span class='ocrx_word' id='word_1_155' title='bbox 282 1539 425 1571; x_wconf 85' lang='lat' dir='ltr'><strong>Pindar.</strong></span> <span class='ocrx_word' id='word_1_156' title='bbox 460 1538 623 1579; x_wconf 65' lang='grc' dir='ltr'><strong><em>Φόρμιν-γα</em></strong></span> <span class='ocrx_word' id='word_1_157' title='bbox 659 1538 906 1581; x_wconf 76' lang='grc' dir='ltr'><strong>ἑπτάγλωσσον,</strong></span> <span class='ocrx_word' id='word_1_158' title='bbox 948 1539 984 1571; x_wconf 92' lang='lat' dir='ltr'><strong>id</strong></span> 
     </span>
     <span class='ocr_line' id='line_1_26' title="bbox 282 1588 986 1630; baseline 0 -10"><span class='ocrx_word' id='word_1_159' title='bbox 282 1594 349 1628; x_wconf 87' lang='lat' dir='ltr'><strong>est,</strong></span> <span class='ocrx_word' id='word_1_160' title='bbox 363 1588 558 1630; x_wconf 77' lang='grc' dir='ltr'><strong><em>ἑπτάφωνον,</em></strong></span> <span class='ocrx_word' id='word_1_161' title='bbox 574 1593 687 1621; x_wconf 85' lang='lat' dir='ltr'><strong>vocat.</strong></span> <span class='ocrx_word' id='word_1_162' title='bbox 732 1589 852 1629; x_wconf 68' lang='lat' dir='ltr'><strong>Virgil-</strong></span> <span class='ocrx_word' id='word_1_163' title='bbox 867 1589 986 1629; x_wconf 81' lang='lat' dir='ltr'><strong>Eclog.</strong></span> 
     </span>
     <span class='ocr_line' id='line_1_27' title="bbox 282 1638 984 1679; baseline -0.001 -9"><span class='ocrx_word' id='word_1_164' title='bbox 282 1648 323 1670; x_wconf 79' lang='grc' dir='ltr'><strong>ιι.</strong></span> <span class='ocrx_word' id='word_1_165' title='bbox 339 1641 392 1670; x_wconf 82' lang='grc'><strong>36.</strong></span> <span class='ocrx_word' id='word_1_166' title='bbox 413 1643 423 1657; x_wconf 84' lang='grc'><em>·</em></span> <span class='ocrx_word' id='word_1_167' title='bbox 441 1639 505 1671; x_wconf 88' lang='lat' dir='ltr'><strong>Est</strong></span> <span class='ocrx_word' id='word_1_168' title='bbox 530 1638 612 1670; x_wconf 86' lang='lat' dir='ltr'><strong>mihi</strong></span> <span class='ocrx_word' id='word_1_169' title='bbox 635 1638 829 1679; x_wconf 80' lang='lat' dir='ltr'><strong>disparibus</strong></span> <span class='ocrx_word' id='word_1_170' title='bbox 851 1642 984 1679; x_wconf 88' lang='lat' dir='ltr'><strong>septem</strong></span> 
     </span>
     <span class='ocr_line' id='line_1_28' title="bbox 283 1687 986 1728; baseline -0.001 -8"><span class='ocrx_word' id='word_1_171' title='bbox 283 1693 466 1728; x_wconf 85' lang='lat' dir='ltr'><strong>compacta</strong></span> <span class='ocrx_word' id='word_1_172' title='bbox 475 1688 598 1720; x_wconf 90' lang='lat' dir='ltr'><strong>cicutis</strong></span> <span class='ocrx_word' id='word_1_173' title='bbox 611 1687 766 1719; x_wconf 72' lang='lat' dir='ltr'><strong>Fistula-⁹</strong></span> <span class='ocrx_word' id='word_1_174' title='bbox 796 1688 843 1719; x_wconf 89' lang='lat' dir='ltr'><strong>Et</strong></span> <span class='ocrx_word' id='word_1_175' title='bbox 854 1687 986 1720; x_wconf 83' lang='lat' dir='ltr'><strong>AEneid.</strong></span> 
     </span>
     <span class='ocr_line' id='line_1_29' title="bbox 283 1737 988 1779; baseline -0.003 -9"><span class='ocrx_word' id='word_1_176' title='bbox 283 1747 335 1770; x_wconf 76' lang='lat' dir='ltr'><strong>vr.</strong></span> <span class='ocrx_word' id='word_1_177' title='bbox 361 1741 438 1770; x_wconf 79' lang='grc'><strong>646.</strong></span> <span class='ocrx_word' id='word_1_178' title='bbox 471 1739 482 1756; x_wconf 89' lang='lat'>‘</span> <span class='ocrx_word' id='word_1_179' title='bbox 500 1737 709 1779; x_wconf 89' lang='lat' dir='ltr'><strong>Obloquitur</strong></span> <span class='ocrx_word' id='word_1_180' title='bbox 735 1737 886 1770; x_wconf 87' lang='lat' dir='ltr'><strong>numeris</strong></span> <span class='ocrx_word' id='word_1_181' title='bbox 913 1746 988 1778; x_wconf 87' lang='lat' dir='ltr'><strong>sep·</strong></span> 
     </span>
     <span class='ocr_line' id='line_1_30' title="bbox 284 1786 989 1827; baseline -0.003 -7"><span class='ocrx_word' id='word_1_182' title='bbox 284 1792 355 1820; x_wconf 87' lang='lat' dir='ltr'><strong>tem</strong></span> <span class='ocrx_word' id='word_1_183' title='bbox 380 1788 578 1820; x_wconf 85' lang='lat' dir='ltr'><strong>discrimina</strong></span> <span class='ocrx_word' id='word_1_184' title='bbox 594 1786 740 1819; x_wconf 65' lang='lat' dir='ltr'><strong>vocum!</strong></span> <span class='ocrx_word' id='word_1_185' title='bbox 784 1787 896 1819; x_wconf 89' lang='lat' dir='ltr'><strong>Porro</strong></span> <span class='ocrx_word' id='word_1_186' title='bbox 912 1795 989 1827; x_wconf 87' lang='lat' dir='ltr'><strong>sep-</strong></span> 
     </span>
     <span class='ocr_line' id='line_1_31' title="bbox 283 1835 990 1878; baseline -0.003 -9"><span class='ocrx_word' id='word_1_187' title='bbox 283 1842 383 1870; x_wconf 85' lang='lat' dir='ltr'><strong>tenas</strong></span> <span class='ocrx_word' id='word_1_188' title='bbox 413 1836 581 1878; x_wconf 78' lang='lat' dir='ltr'><strong>diapason</strong></span> <span class='ocrx_word' id='word_1_189' title='bbox 609 1836 743 1877; x_wconf 86' lang='lat' dir='ltr'><strong>species</strong></span> <span class='ocrx_word' id='word_1_190' title='bbox 771 1846 832 1868; x_wconf 86' lang='lat' dir='ltr'><strong>seu</strong></span> <span class='ocrx_word' id='word_1_191' title='bbox 858 1835 990 1873; x_wconf 88' lang='lat' dir='ltr'><strong>modos,</strong></span> 
     </span>
     <span class='ocr_line' id='line_1_32' title="bbox 286 1886 990 1929; baseline -0.003 -10"><span class='ocrx_word' id='word_1_192' title='bbox 286 1897 372 1929; x_wconf 84' lang='lat' dir='ltr'><strong>quos</strong></span> <span class='ocrx_word' id='word_1_193' title='bbox 400 1896 491 1918; x_wconf 88' lang='lat' dir='ltr'><strong>nunc</strong></span> <span class='ocrx_word' id='word_1_194' title='bbox 521 1890 620 1918; x_wconf 89' lang='lat' dir='ltr'><strong>tonos</strong></span> <span class='ocrx_word' id='word_1_195' title='bbox 648 1887 840 1928; x_wconf 84' lang='lat' dir='ltr'><strong>appellant,</strong></span> <span class='ocrx_word' id='word_1_196' title='bbox 863 1886 990 1918; x_wconf 85' lang='lat' dir='ltr'><strong>debere</strong></span> 
     </span>
     <span class='ocr_line' id='line_1_33' title="bbox 285 1935 990 1978; baseline -0.001 -10"><span class='ocrx_word' id='word_1_197' title='bbox 285 1937 432 1978; x_wconf 83' lang='lat' dir='ltr'><strong>intelligi</strong></span> <span class='ocrx_word' id='word_1_198' title='bbox 457 1936 540 1968; x_wconf 88' lang='lat' dir='ltr'><strong>locis</strong></span> <span class='ocrx_word' id='word_1_199' title='bbox 565 1936 641 1968; x_wconf 85' lang='lat' dir='ltr'><strong>istis</strong></span> <span class='ocrx_word' id='word_1_200' title='bbox 666 1936 811 1977; x_wconf 81' lang='lat' dir='ltr'><strong>perinde</strong></span> <span class='ocrx_word' id='word_1_201' title='bbox 836 1935 990 1977; x_wconf 81' lang='lat' dir='ltr'><strong>singulis,</strong></span> 
     </span>
     <span class='ocr_line' id='line_1_34' title="bbox 287 1985 896 2018; baseline -0.002 -1"><span class='ocrx_word' id='word_1_202' title='bbox 287 1995 354 2017; x_wconf 89' lang='lat' dir='ltr'><strong>non</strong></span> <span class='ocrx_word' id='word_1_203' title='bbox 370 1986 430 2018; x_wconf 84' lang='lat' dir='ltr'><strong>abs</strong></span> <span class='ocrx_word' id='word_1_204' title='bbox 447 1994 482 2017; x_wconf 82' lang='lat' dir='ltr'><strong>re</strong></span> <span class='ocrx_word' id='word_1_205' title='bbox 498 1985 680 2017; x_wconf 86' lang='lat' dir='ltr'><strong>contendit</strong></span> <span class='ocrx_word' id='word_1_206' title='bbox 694 1985 896 2017; x_wconf 86' lang='lat' dir='ltr'><strong>Glareanus.</strong></span> 
     </span>
    </p>

    <p class='ocr_par' dir='ltr' id='par_1_12' title="bbox 287 2033 992 2362">
     <span class='ocr_line' id='line_1_35' title="bbox 330 2033 992 2076; baseline -0.003 -10"><span class='ocrx_word' id='word_1_207' title='bbox 330 2039 349 2066; x_wconf 85' lang='lat'>5</span> <span class='ocrx_word' id='word_1_208' title='bbox 369 2035 436 2066; x_wconf 82' lang='lat' dir='ltr'><strong>Nec</strong></span> <span class='ocrx_word' id='word_1_209' title='bbox 451 2036 565 2076; x_wconf 75' lang='lat' dir='ltr'><strong>loquax</strong></span> <span class='ocrx_word' id='word_1_210' title='bbox 578 2035 652 2066; x_wconf 86' lang='lat' dir='ltr'><strong>olim</strong></span> <span class='ocrx_word' id='word_1_211' title='bbox 662 2044 759 2075; x_wconf 81' lang='lat' dir='ltr'><strong>neque</strong></span> <span class='ocrx_word' id='word_1_212' title='bbox 766 2035 878 2075; x_wconf 54' lang='lat' dir='ltr'><strong>mata]</strong></span> <span class='ocrx_word' id='word_1_213' title='bbox 891 2033 992 2065; x_wconf 86' lang='lat' dir='ltr'><strong>Prius</strong></span> 
     </span>
     <span class='ocr_line' id='line_1_36' title="bbox 287 2084 990 2125; baseline -0.003 -9"><span class='ocrx_word' id='word_1_214' title='bbox 287 2088 384 2116; x_wconf 87' lang='lat' dir='ltr'><strong>muta</strong></span> <span class='ocrx_word' id='word_1_215' title='bbox 394 2088 431 2115; x_wconf 93' lang='lat' dir='ltr'><strong>et</strong></span> <span class='ocrx_word' id='word_1_216' title='bbox 446 2085 519 2116; x_wconf 84' lang='lat' dir='ltr'><strong>sine</strong></span> <span class='ocrx_word' id='word_1_217' title='bbox 534 2084 601 2115; x_wconf 90' lang='lat' dir='ltr'><strong>ullo</strong></span> <span class='ocrx_word' id='word_1_218' title='bbox 616 2084 742 2125; x_wconf 89' lang='lat' dir='ltr'><strong>pretio,</strong></span> <span class='ocrx_word' id='word_1_219' title='bbox 756 2088 792 2116; x_wconf 87' lang='lat' dir='ltr'><strong>at</strong></span> <span class='ocrx_word' id='word_1_220' title='bbox 807 2088 990 2125; x_wconf 76' lang='lat' dir='ltr'><strong>postquam</strong></span> 
     </span>
     <span class='ocr_line' id='line_1_37' title="bbox 287 2132 991 2175; baseline -0.001 -10"><span class='ocrx_word' id='word_1_221' title='bbox 287 2133 324 2165; x_wconf 89' lang='lat' dir='ltr'><strong>in</strong></span> <span class='ocrx_word' id='word_1_222' title='bbox 338 2133 447 2175; x_wconf 80' lang='lat' dir='ltr'><strong>lyram</strong></span> <span class='ocrx_word' id='word_1_223' title='bbox 464 2137 518 2164; x_wconf 89' lang='lat' dir='ltr'><strong>est</strong></span> <span class='ocrx_word' id='word_1_224' title='bbox 533 2133 749 2173; x_wconf 86' lang='lat' dir='ltr'><strong>concinnata,</strong></span> <span class='ocrx_word' id='word_1_225' title='bbox 767 2137 900 2173; x_wconf 84' lang='lat' dir='ltr'><strong>gratum</strong></span> <span class='ocrx_word' id='word_1_226' title='bbox 919 2132 991 2165; x_wconf 90' lang='lat' dir='ltr'><strong>edi-</strong></span> 
     </span>
     <span class='ocr_line' id='line_1_38' title="bbox 289 2180 990 2221; baseline 0 -7"><span class='ocrx_word' id='word_1_227' title='bbox 289 2182 343 2214; x_wconf 86' lang='lat' dir='ltr'><strong>dit</strong></span> <span class='ocrx_word' id='word_1_228' title='bbox 364 2190 494 2221; x_wconf 85' lang='lat' dir='ltr'><strong>sonum,</strong></span> <span class='ocrx_word' id='word_1_229' title='bbox 512 2180 699 2221; x_wconf 81' lang='lat' dir='ltr'><strong>dulcesque</strong></span> <span class='ocrx_word' id='word_1_230' title='bbox 721 2182 840 2213; x_wconf 90' lang='lat' dir='ltr'><strong>modos</strong></span> <span class='ocrx_word' id='word_1_231' title='bbox 862 2191 904 2214; x_wconf 91' lang='lat' dir='ltr'><strong>ac</strong></span> <span class='ocrx_word' id='word_1_232' title='bbox 928 2192 990 2214; x_wconf 90' lang='lat' dir='ltr'><strong>nu-</strong></span> 
     </span>
     <span class='ocr_line' id='line_1_39' title="bbox 290 2229 991 2272; baseline -0.001 -9"><span class='ocrx_word' id='word_1_233' title='bbox 290 2240 403 2264; x_wconf 74' lang='lat' dir='ltr'><strong>meros</strong></span> <span class='ocrx_word' id='word_1_234' title='bbox 418 2229 607 2272; x_wconf 83' lang='lat' dir='ltr'><strong>expressit;</strong></span> <span class='ocrx_word' id='word_1_235' title='bbox 629 2230 859 2270; x_wconf 58' lang='lat' dir='ltr'><strong>utgrequisita</strong></span> <span class='ocrx_word' id='word_1_236' title='bbox 879 2235 917 2261; x_wconf 86' lang='lat' dir='ltr'><strong>et</strong></span> <span class='ocrx_word' id='word_1_237' title='bbox 931 2231 991 2262; x_wconf 82' lang='lat' dir='ltr'><strong>ad-</strong></span> 
     </span>
     <span class='ocr_line' id='line_1_40' title="bbox 290 2278 992 2313; baseline -0.004 0"><span class='ocrx_word' id='word_1_238' title='bbox 290 2281 399 2313; x_wconf 87' lang='lat' dir='ltr'><strong>hibita</strong></span> <span class='ocrx_word' id='word_1_239' title='bbox 414 2280 505 2312; x_wconf 87' lang='lat' dir='ltr'><strong>sitin</strong></span> <span class='ocrx_word' id='word_1_240' title='bbox 518 2278 663 2311; x_wconf 87' lang='lat' dir='ltr'><strong>divitum</strong></span> <span class='ocrx_word' id='word_1_241' title='bbox 675 2278 840 2311; x_wconf 81' lang='lat' dir='ltr'><strong>conviviis</strong></span> <span class='ocrx_word' id='word_1_242' title='bbox 855 2283 892 2311; x_wconf 90' lang='lat' dir='ltr'><strong>et</strong></span> <span class='ocrx_word' id='word_1_243' title='bbox 903 2280 992 2311; x_wconf 87' lang='lat' dir='ltr'><strong>Deo·</strong></span> 
     </span>
     <span class='ocr_line' id='line_1_41' title="bbox 293 2323 507 2362; baseline -0.009 0"><span class='ocrx_word' id='word_1_244' title='bbox 293 2323 370 2362; x_wconf 86' lang='lat' dir='ltr'><strong>rum</strong></span> <span class='ocrx_word' id='word_1_245' title='bbox 384 2329 507 2361; x_wconf 82' lang='lat' dir='ltr'><strong>sacris.</strong></span> 
     </span>
    </p>

    <p class='ocr_par' dir='ltr' id='par_1_13' title="bbox 292 2376 997 2666">
     <span class='ocr_line' id='line_1_42' title="bbox 335 2376 993 2419; baseline -0.006 -7"><span class='ocrx_word' id='word_1_246' title='bbox 335 2383 358 2412; x_wconf 89' lang='grc'><strong>6</strong></span> <span class='ocrx_word' id='word_1_247' title='bbox 380 2379 529 2412; x_wconf 75' lang='lat' dir='ltr'><strong>Divitum</strong></span> <span class='ocrx_word' id='word_1_248' title='bbox 546 2377 674 2419; x_wconf 61' lang='lat' dir='ltr'><strong>mensu]</strong></span> <span class='ocrx_word' id='word_1_249' title='bbox 706 2376 807 2410; x_wconf 83' lang='lat' dir='ltr'><strong>Quod</strong></span> <span class='ocrx_word' id='word_1_250' title='bbox 831 2376 901 2408; x_wconf 82' lang='lat' dir='ltr'><strong>vini</strong></span> <span class='ocrx_word' id='word_1_251' title='bbox 925 2376 993 2408; x_wconf 86' lang='lat' dir='ltr'><strong>vim</strong></span> 
     </span>
     <span class='ocr_line' id='line_1_43' title="bbox 292 2425 996 2466; baseline -0.007 -4"><span class='ocrx_word' id='word_1_252' title='bbox 292 2429 516 2462; x_wconf 83' lang='lat' dir='ltr'><strong>fervidiorem</strong></span> <span class='ocrx_word' id='word_1_253' title='bbox 541 2427 670 2459; x_wconf 79' lang='lat' dir='ltr'><strong>elidere</strong></span> <span class='ocrx_word' id='word_1_254' title='bbox 697 2426 812 2458; x_wconf 83' lang='lat' dir='ltr'><strong>valeat</strong></span> <span class='ocrx_word' id='word_1_255' title='bbox 848 2425 996 2466; x_wconf 81' lang='lat' dir='ltr'><strong>Musica,</strong></span> 
     </span>
     <span class='ocr_line' id='line_1_44' title="bbox 294 2474 995 2519; baseline -0.01 -6"><span class='ocrx_word' id='word_1_256' title='bbox 294 2482 384 2512; x_wconf 90' lang='lat' dir='ltr'><strong>hauc</strong></span> <span class='ocrx_word' id='word_1_257' title='bbox 407 2479 485 2511; x_wconf 88' lang='lat' dir='ltr'><strong>ideo</strong></span> <span class='ocrx_word' id='word_1_258' title='bbox 510 2476 615 2519; x_wconf 79' lang='lat' dir='ltr'><strong>prisci</strong></span> <span class='ocrx_word' id='word_1_259' title='bbox 643 2475 850 2508; x_wconf 78' lang='lat' dir='ltr'><strong>adhibebant</strong></span> <span class='ocrx_word' id='word_1_260' title='bbox 871 2474 906 2506; x_wconf 91' lang='lat' dir='ltr'><strong>in</strong></span> <span class='ocrx_word' id='word_1_261' title='bbox 925 2475 995 2506; x_wconf 84' lang='lat' dir='ltr'><strong>suis</strong></span> 
     </span>
     <span class='ocr_line' id='line_1_45' title="bbox 295 2525 997 2563; baseline -0.009 0"><span class='ocrx_word' id='word_1_262' title='bbox 295 2529 475 2563; x_wconf 84' lang='lat' dir='ltr'><strong>conviviis.</strong></span> <span class='ocrx_word' id='word_1_263' title='bbox 518 2527 638 2559; x_wconf 86' lang='lat' dir='ltr'><strong>Testis</strong></span> <span class='ocrx_word' id='word_1_264' title='bbox 666 2525 846 2558; x_wconf 85' lang='lat' dir='ltr'><strong>Plutarch.</strong></span> <span class='ocrx_word' id='word_1_265' title='bbox 869 2525 927 2558; x_wconf 86' lang='lat' dir='ltr'><strong>lib.</strong></span> <span class='ocrx_word' id='word_1_266' title='bbox 952 2525 997 2557; x_wconf 87' lang='lat' dir='ltr'><strong>de</strong></span> 
     </span>
     <span class='ocr_line' id='line_1_46' title="bbox 295 2575 996 2617; baseline -0.006 -5"><span class='ocrx_word' id='word_1_267' title='bbox 295 2579 451 2612; x_wconf 82' lang='lat' dir='ltr'><strong>Musica:</strong></span> <span class='ocrx_word' id='word_1_268' title='bbox 487 2581 524 2610; x_wconf 93' lang='lat' dir='ltr'><strong>et</strong></span> <span class='ocrx_word' id='word_1_269' title='bbox 546 2576 688 2609; x_wconf 86' lang='lat' dir='ltr'><strong>Homer.</strong></span> <span class='ocrx_word' id='word_1_270' title='bbox 712 2575 840 2617; x_wconf 82' lang='lat' dir='ltr'><strong>Odyss.</strong></span> <span class='ocrx_word' id='word_1_271' title='bbox 865 2576 924 2608; x_wconf 90' lang='lat' dir='ltr'><strong>nbi</strong></span> <span class='ocrx_word' id='word_1_272' title='bbox 948 2576 996 2608; x_wconf 90' lang='lat' dir='ltr'><strong>ci-</strong></span> 
     </span>
     <span class='ocr_line' id='line_1_47' title="bbox 298 2624 945 2666; baseline -0.006 -6"><span class='ocrx_word' id='word_1_273' title='bbox 298 2629 398 2660; x_wconf 81' lang='lat' dir='ltr'><strong>thara</strong></span> <span class='ocrx_word' id='word_1_274' title='bbox 413 2625 560 2659; x_wconf 83' lang='lat' dir='ltr'><strong>convivii</strong></span> <span class='ocrx_word' id='word_1_275' title='bbox 576 2624 700 2658; x_wconf 85' lang='lat' dir='ltr'><strong>sodalis</strong></span> <span class='ocrx_word' id='word_1_276' title='bbox 717 2629 945 2666; x_wconf 78' lang='lat' dir='ltr'><strong>nuncupatur.</strong></span> 
     </span>
    </p>

    <p class='ocr_par' dir='ltr' id='par_1_14' title="bbox 297 2675 997 2811">
     <span class='ocr_line' id='line_1_48' title="bbox 341 2675 995 2718; baseline -0.003 -8"><span class='ocrx_word' id='word_1_277' title='bbox 341 2680 387 2710; x_wconf 79' lang='lat' dir='ltr'><strong>Et</strong></span> <span class='ocrx_word' id='word_1_278' title='bbox 402 2679 503 2710; x_wconf 79' lang='lat' dir='ltr'><strong>amica</strong></span> <span class='ocrx_word' id='word_1_279' title='bbox 516 2677 651 2718; x_wconf 78' lang='lat' dir='ltr'><strong>templis]</strong></span> <span class='ocrx_word' id='word_1_280' title='bbox 675 2675 767 2708; x_wconf 86' lang='lat' dir='ltr'><strong>Vide</strong></span> <span class='ocrx_word' id='word_1_281' title='bbox 781 2676 856 2708; x_wconf 80' lang='lat' dir='ltr'><strong>Liv.</strong></span> <span class='ocrx_word' id='word_1_282' title='bbox 872 2685 927 2708; x_wconf 70' lang='grc' dir='ltr'><strong>ιι.</strong></span> <span class='ocrx_word' id='word_1_283' title='bbox 942 2678 995 2708; x_wconf 80' lang='grc'><strong>30.</strong></span> 
     </span>
     <span class='ocr_line' id='line_1_49' title="bbox 297 2725 997 2767; baseline -0.001 -8"><span class='ocrx_word' id='word_1_284' title='bbox 297 2727 357 2760; x_wconf 84' lang='lat' dir='ltr'><strong>ubi</strong></span> <span class='ocrx_word' id='word_1_285' title='bbox 371 2727 415 2758; x_wconf 92' lang='lat' dir='ltr'><strong>de</strong></span> <span class='ocrx_word' id='word_1_286' title='bbox 430 2727 627 2759; x_wconf 85' lang='lat' dir='ltr'><strong>tibicinibus</strong></span> <span class='ocrx_word' id='word_1_287' title='bbox 640 2725 683 2758; x_wconf 88' lang='lat' dir='ltr'><strong>ad</strong></span> <span class='ocrx_word' id='word_1_288' title='bbox 693 2726 949 2767; x_wconf 76' lang='lat' dir='ltr'><strong>praecinendum</strong></span> <span class='ocrx_word' id='word_1_289' title='bbox 962 2727 997 2758; x_wconf 90' lang='lat' dir='ltr'><strong>iu</strong></span> 
     </span>
     <span class='ocr_line' id='line_1_50' title="bbox 300 2775 996 2811; baseline -0.004 -1"><span class='ocrx_word' id='word_1_290' title='bbox 300 2776 477 2811; x_wconf 77' lang='lat' dir='ltr'><strong>sacrificiis</strong></span> <span class='ocrx_word' id='word_1_291' title='bbox 493 2777 642 2809; x_wconf 85' lang='lat' dir='ltr'><strong>Deorum</strong></span> <span class='ocrx_word' id='word_1_292' title='bbox 662 2775 808 2808; x_wconf 80' lang='lat' dir='ltr'><strong>solerter</strong></span> <span class='ocrx_word' id='word_1_293' title='bbox 830 2775 996 2809; x_wconf 87' lang='lat' dir='ltr'><strong>revocatis</strong></span> 
     </span>
    </p>
   </div>
   <div class='ocr_carea' id='block_1_12' title="bbox 1037 1338 1788 2770">
    <p class='ocr_par' dir='ltr' id='par_1_15' title="bbox 1037 1338 1597 1381">
     <span class='ocr_line' id='line_1_51' title="bbox 1037 1338 1597 1381; baseline -0.002 -10"><span class='ocrx_word' id='word_1_294' title='bbox 1037 1340 1215 1372; x_wconf 81' lang='lat' dir='ltr'><strong>historiam</strong></span> <span class='ocrx_word' id='word_1_295' title='bbox 1231 1343 1350 1372; x_wconf 89' lang='lat' dir='ltr'><strong>narrat</strong></span> <span class='ocrx_word' id='word_1_296' title='bbox 1364 1343 1420 1372; x_wconf 87' lang='lat' dir='ltr'><strong>sat</strong></span> <span class='ocrx_word' id='word_1_297' title='bbox 1434 1338 1597 1381; x_wconf 86' lang='lat' dir='ltr'><strong>lepidam.</strong></span> 
     </span>
    </p>

    <p class='ocr_par' dir='ltr' id='par_1_16' title="bbox 1037 1389 1777 2018">
     <span class='ocr_line' id='line_1_52' title="bbox 1079 1389 1740 1431; baseline -0.003 -9"><span class='ocrx_word' id='word_1_298' title='bbox 1079 1393 1100 1422; x_wconf 81' lang='grc'><strong>7</strong></span> <span class='ocrx_word' id='word_1_299' title='bbox 1123 1390 1189 1422; x_wconf 76' lang='lat' dir='ltr'><strong>Dic</strong></span> <span class='ocrx_word' id='word_1_300' title='bbox 1207 1391 1322 1430; x_wconf 83' lang='lat' dir='ltr'><strong>modos,</strong></span> <span class='ocrx_word' id='word_1_301' title='bbox 1340 1389 1430 1431; x_wconf 75' lang='lat' dir='ltr'><strong>Lyde</strong></span> <span class='ocrx_word' id='word_1_302' title='bbox 1443 1389 1555 1430; x_wconf 77' lang='lat' dir='ltr'><strong>quibus</strong></span> <span class='ocrx_word' id='word_1_303' title='bbox 1568 1389 1740 1420; x_wconf 75' lang='lat' dir='ltr'><strong>obstinatas</strong></span> 
     </span>
     <span class='ocr_line' id='line_1_53' title="bbox 1037 1438 1740 1479; baseline 0 -9"><span class='ocrx_word' id='word_1_304' title='bbox 1037 1438 1183 1479; x_wconf 76' lang='lat' dir='ltr'><strong>Applicet</strong></span> <span class='ocrx_word' id='word_1_305' title='bbox 1194 1439 1301 1479; x_wconf 79' lang='lat' dir='ltr'><strong>aures]</strong></span> <span class='ocrx_word' id='word_1_306' title='bbox 1319 1439 1449 1469; x_wconf 81' lang='lat' dir='ltr'><strong>Cantus</strong></span> <span class='ocrx_word' id='word_1_307' title='bbox 1465 1438 1647 1469; x_wconf 86' lang='lat' dir='ltr'><strong>dulcedine</strong></span> <span class='ocrx_word' id='word_1_308' title='bbox 1658 1447 1740 1470; x_wconf 87' lang='lat' dir='ltr'><strong>con-</strong></span> 
     </span>
     <span class='ocr_line' id='line_1_54' title="bbox 1039 1486 1740 1529; baseline -0.001 -9"><span class='ocrx_word' id='word_1_309' title='bbox 1039 1493 1209 1520; x_wconf 88' lang='lat' dir='ltr'><strong>tumacem</strong></span> <span class='ocrx_word' id='word_1_310' title='bbox 1232 1487 1347 1528; x_wconf 84' lang='lat' dir='ltr'><strong>Lydes</strong></span> <span class='ocrx_word' id='word_1_311' title='bbox 1368 1487 1514 1519; x_wconf 81' lang='lat' dir='ltr'><strong>animum</strong></span> <span class='ocrx_word' id='word_1_312' title='bbox 1537 1486 1654 1528; x_wconf 85' lang='lat' dir='ltr'><strong>flecte,</strong></span> <span class='ocrx_word' id='word_1_313' title='bbox 1677 1497 1740 1529; x_wconf 85' lang='lat' dir='ltr'><strong>per</strong></span> 
     </span>
     <span class='ocr_line' id='line_1_55' title="bbox 1038 1537 1739 1579; baseline -0.001 -10"><span class='ocrx_word' id='word_1_314' title='bbox 1038 1546 1136 1569; x_wconf 83' lang='lat' dir='ltr'><strong>aures</strong></span> <span class='ocrx_word' id='word_1_315' title='bbox 1161 1537 1319 1569; x_wconf 81' lang='lat' dir='ltr'><strong>delinitas</strong></span> <span class='ocrx_word' id='word_1_316' title='bbox 1346 1537 1389 1568; x_wconf 86' lang='lat' dir='ltr'><strong>ad</strong></span> <span class='ocrx_word' id='word_1_317' title='bbox 1414 1546 1475 1570; x_wconf 89' lang='lat' dir='ltr'><strong>cor</strong></span> <span class='ocrx_word' id='word_1_318' title='bbox 1500 1542 1657 1579; x_wconf 85' lang='lat' dir='ltr'><strong>penetra,</strong></span> <span class='ocrx_word' id='word_1_319' title='bbox 1680 1537 1739 1569; x_wconf 90' lang='lat' dir='ltr'><strong>de·</strong></span> 
     </span>
     <span class='ocr_line' id='line_1_56' title="bbox 1038 1587 1741 1629; baseline 0 -11"><span class='ocrx_word' id='word_1_320' title='bbox 1038 1588 1164 1627; x_wconf 86' lang='lat' dir='ltr'><strong>mulce,</strong></span> <span class='ocrx_word' id='word_1_321' title='bbox 1180 1587 1269 1618; x_wconf 86' lang='lat' dir='ltr'><strong>viam</strong></span> <span class='ocrx_word' id='word_1_322' title='bbox 1292 1592 1423 1627; x_wconf 86' lang='lat' dir='ltr'><strong>sterne,</strong></span> <span class='ocrx_word' id='word_1_323' title='bbox 1438 1588 1630 1629; x_wconf 80' lang='lat' dir='ltr'><strong>sensimque</strong></span> <span class='ocrx_word' id='word_1_324' title='bbox 1647 1596 1741 1619; x_wconf 79' lang='lat' dir='ltr'><strong>meos</strong></span> 
     </span>
     <span class='ocr_line' id='line_1_57' title="bbox 1039 1635 1741 1674; baseline -0.001 -5"><span class='ocrx_word' id='word_1_325' title='bbox 1039 1645 1171 1669; x_wconf 88' lang='lat' dir='ltr'><strong>amores</strong></span> <span class='ocrx_word' id='word_1_326' title='bbox 1186 1636 1330 1668; x_wconf 87' lang='lat' dir='ltr'><strong>insinua.</strong></span> <span class='ocrx_word' id='word_1_327' title='bbox 1373 1637 1426 1668; x_wconf 87' lang='lat' dir='ltr'><strong>Ex</strong></span> <span class='ocrx_word' id='word_1_328' title='bbox 1445 1635 1642 1674; x_wconf 73' lang='lat' dir='ltr'><strong>Plutarcho,</strong></span> <span class='ocrx_word' id='word_1_329' title='bbox 1662 1636 1741 1668; x_wconf 90' lang='lat' dir='ltr'><strong>Mu·</strong></span> 
     </span>
     <span class='ocr_line' id='line_1_58' title="bbox 1040 1688 1741 1728; baseline -0.001 -9"><span class='ocrx_word' id='word_1_330' title='bbox 1040 1688 1111 1719; x_wconf 88' lang='lat' dir='ltr'><strong>sica</strong></span> <span class='ocrx_word' id='word_1_331' title='bbox 1126 1688 1293 1719; x_wconf 90' lang='lat' dir='ltr'><strong>concinno</strong></span> <span class='ocrx_word' id='word_1_332' title='bbox 1309 1696 1372 1719; x_wconf 82' lang='lat' dir='ltr'><strong>suo</strong></span> <span class='ocrx_word' id='word_1_333' title='bbox 1385 1691 1654 1728; x_wconf 72' lang='lat' dir='ltr'><strong>temperamento</strong></span> <span class='ocrx_word' id='word_1_334' title='bbox 1664 1696 1741 1718; x_wconf 77' lang='lat' dir='ltr'><strong>cor-</strong></span> 
     </span>
     <span class='ocr_line' id='line_1_59' title="bbox 1041 1737 1742 1779; baseline -0.003 -10"><span class='ocrx_word' id='word_1_335' title='bbox 1041 1747 1128 1779; x_wconf 85' lang='lat' dir='ltr'><strong>pora</strong></span> <span class='ocrx_word' id='word_1_336' title='bbox 1149 1742 1350 1778; x_wconf 89' lang='lat' dir='ltr'><strong>mentesque</strong></span> <span class='ocrx_word' id='word_1_337' title='bbox 1379 1740 1520 1768; x_wconf 84' lang='lat' dir='ltr'><strong>revocat</strong></span> <span class='ocrx_word' id='word_1_338' title='bbox 1541 1740 1579 1768; x_wconf 87' lang='lat' dir='ltr'><strong>et</strong></span> <span class='ocrx_word' id='word_1_339' title='bbox 1601 1737 1742 1768; x_wconf 88' lang='lat' dir='ltr'><strong>emollit.</strong></span> 
     </span>
     <span class='ocr_line' id='line_1_60' title="bbox 1042 1785 1743 1828; baseline -0.004 -8"><span class='ocrx_word' id='word_1_340' title='bbox 1042 1789 1090 1820; x_wconf 88' lang='lat' dir='ltr'><strong>Et</strong></span> <span class='ocrx_word' id='word_1_341' title='bbox 1104 1787 1165 1819; x_wconf 89' lang='lat' dir='ltr'><strong>lib.</strong></span> <span class='ocrx_word' id='word_1_342' title='bbox 1181 1787 1225 1818; x_wconf 90' lang='lat' dir='ltr'><strong>de</strong></span> <span class='ocrx_word' id='word_1_343' title='bbox 1241 1786 1428 1828; x_wconf 87' lang='lat' dir='ltr'><strong>Superstit.</strong></span> <span class='ocrx_word' id='word_1_344' title='bbox 1450 1785 1499 1817; x_wconf 81' lang='lat' dir='ltr'><strong>ait</strong></span> <span class='ocrx_word' id='word_1_345' title='bbox 1518 1795 1563 1817; x_wconf 81' lang='lat' dir='ltr'><strong>ex</strong></span> <span class='ocrx_word' id='word_1_346' title='bbox 1583 1785 1743 1823; x_wconf 83' lang='lat' dir='ltr'><strong>Platone.</strong></span> 
     </span>
     <span class='ocr_line' id='line_1_61' title="bbox 1042 1831 1746 1868; baseline 0 0"><span class='ocrx_word' id='word_1_347' title='bbox 1042 1836 1211 1868; x_wconf 83' lang='lat' dir='ltr'><strong>Musicarn</strong></span> <span class='ocrx_word' id='word_1_348' title='bbox 1249 1845 1317 1867; x_wconf 89' lang='lat' dir='ltr'><strong>non</strong></span> <span class='ocrx_word' id='word_1_349' title='bbox 1346 1835 1546 1868; x_wconf 77' lang='lat' dir='ltr'><strong>deliciarum</strong></span> <span class='ocrx_word' id='word_1_350' title='bbox 1575 1831 1678 1867; x_wconf 79' lang='lat' dir='ltr'><strong>ca&#39;usa</strong></span> <span class='ocrx_word' id='word_1_351' title='bbox 1706 1840 1746 1868; x_wconf 88' lang='lat' dir='ltr'><strong>et</strong></span> 
     </span>
     <span class='ocr_line' id='line_1_62' title="bbox 1043 1884 1746 1927; baseline 0.001 -10"><span class='ocrx_word' id='word_1_352' title='bbox 1043 1886 1196 1927; x_wconf 85' lang='lat' dir='ltr'><strong>pruritus</strong></span> <span class='ocrx_word' id='word_1_353' title='bbox 1212 1885 1343 1917; x_wconf 87' lang='lat' dir='ltr'><strong>aurium</strong></span> <span class='ocrx_word' id='word_1_354' title='bbox 1359 1884 1485 1920; x_wconf 75' lang='lat' dir='ltr'><strong>datam,</strong></span> <span class='ocrx_word' id='word_1_355' title='bbox 1499 1884 1560 1917; x_wconf 88' lang='lat' dir='ltr'><strong>sed</strong></span> <span class='ocrx_word' id='word_1_356' title='bbox 1582 1889 1621 1917; x_wconf 89' lang='lat' dir='ltr'><strong>ut</strong></span> <span class='ocrx_word' id='word_1_357' title='bbox 1641 1885 1746 1918; x_wconf 78' lang='lat' dir='ltr'><strong>animi</strong></span> 
     </span>
     <span class='ocr_line' id='line_1_63' title="bbox 1043 1934 1777 1978; baseline 0 -10"><span class='ocrx_word' id='word_1_358' title='bbox 1043 1935 1201 1978; x_wconf 86' lang='lat' dir='ltr'><strong>periodos</strong></span> <span class='ocrx_word' id='word_1_359' title='bbox 1218 1934 1372 1976; x_wconf 89' lang='lat' dir='ltr'><strong>improbe</strong></span> <span class='ocrx_word' id='word_1_360' title='bbox 1386 1934 1605 1968; x_wconf 79' lang='lat' dir='ltr'><strong>lascivientes</strong></span> <span class='ocrx_word' id='word_1_361' title='bbox 1620 1935 1745 1968; x_wconf 85' lang='lat' dir='ltr'><strong>decen·</strong></span> <span class='ocrx_word' id='word_1_362' title='bbox 1771 1967 1777 1972; x_wconf 83' lang='grc'>,</span> 
     </span>
     <span class='ocr_line' id='line_1_64' title="bbox 1044 1986 1269 2018; baseline -0.009 0"><span class='ocrx_word' id='word_1_363' title='bbox 1044 1991 1099 2018; x_wconf 88' lang='lat' dir='ltr'><strong>ter</strong></span> <span class='ocrx_word' id='word_1_364' title='bbox 1115 1986 1269 2017; x_wconf 85' lang='lat' dir='ltr'><strong>redueat.</strong></span> 
     </span>
    </p>

    <p class='ocr_par' dir='ltr' id='par_1_17' title="bbox 1043 2035 1788 2420">
     <span class='ocr_line' id='line_1_65' title="bbox 1084 2035 1746 2077; baseline 0.002 -11"><span class='ocrx_word' id='word_1_365' title='bbox 1084 2038 1107 2066; x_wconf 78' lang='lat'>9</span> <span class='ocrx_word' id='word_1_366' title='bbox 1131 2036 1221 2075; x_wconf 83' lang='lat' dir='ltr'><strong>Quae,</strong></span> <span class='ocrx_word' id='word_1_367' title='bbox 1231 2036 1314 2069; x_wconf 75' lang='lat' dir='ltr'><strong>velut</strong></span> <span class='ocrx_word' id='word_1_368' title='bbox 1329 2036 1403 2068; x_wconf 69' lang='lat' dir='ltr'><strong>latia</strong></span> <span class='ocrx_word' id='word_1_369' title='bbox 1416 2045 1496 2077; x_wconf 72' lang='lat' dir='ltr'><strong>equa</strong></span> <span class='ocrx_word' id='word_1_370' title='bbox 1507 2035 1603 2067; x_wconf 76' lang='lat' dir='ltr'><strong>trima</strong></span> <span class='ocrx_word' id='word_1_371' title='bbox 1618 2035 1746 2077; x_wconf 71' lang='lat' dir='ltr'><strong>campis,</strong></span> 
     </span>
     <span class='ocr_line' id='line_1_66' title="bbox 1043 2084 1747 2126; baseline 0 -10"><span class='ocrx_word' id='word_1_372' title='bbox 1043 2084 1159 2125; x_wconf 74' lang='lat' dir='ltr'><strong>Ludit]</strong></span> <span class='ocrx_word' id='word_1_373' title='bbox 1174 2085 1281 2117; x_wconf 88' lang='lat' dir='ltr'><strong>Velut</strong></span> <span class='ocrx_word' id='word_1_374' title='bbox 1293 2095 1460 2126; x_wconf 59' lang='lat' dir='ltr'><strong>equsnon</strong></span> <span class='ocrx_word' id='word_1_375' title='bbox 1475 2084 1747 2126; x_wconf 70' lang='lat' dir='ltr'><strong>demit-juveni-</strong></span> 
     </span>
     <span class='ocr_line' id='line_1_67' title="bbox 1045 2133 1747 2176; baseline 0 -11"><span class='ocrx_word' id='word_1_376' title='bbox 1045 2135 1124 2166; x_wconf 76' lang='lat' dir='ltr'><strong>liter</strong></span> <span class='ocrx_word' id='word_1_377' title='bbox 1142 2134 1277 2165; x_wconf 84' lang='lat' dir='ltr'><strong>lascivit</strong></span> <span class='ocrx_word' id='word_1_378' title='bbox 1291 2138 1328 2166; x_wconf 85' lang='lat' dir='ltr'><strong>et</strong></span> <span class='ocrx_word' id='word_1_379' title='bbox 1342 2134 1428 2166; x_wconf 84' lang='lat' dir='ltr'><strong>ludit</strong></span> <span class='ocrx_word' id='word_1_380' title='bbox 1445 2143 1508 2176; x_wconf 88' lang='lat' dir='ltr'><strong>per</strong></span> <span class='ocrx_word' id='word_1_381' title='bbox 1523 2143 1663 2176; x_wconf 85' lang='lat' dir='ltr'><strong>campos</strong></span> <span class='ocrx_word' id='word_1_382' title='bbox 1678 2133 1747 2165; x_wconf 87' lang='lat' dir='ltr'><strong>dis·</strong></span> 
     </span>
     <span class='ocr_line' id='line_1_68' title="bbox 1043 2182 1788 2225; baseline 0 -11"><span class='ocrx_word' id='word_1_383' title='bbox 1043 2183 1214 2215; x_wconf 87' lang='lat' dir='ltr'><strong>currendo</strong></span> <span class='ocrx_word' id='word_1_384' title='bbox 1231 2188 1268 2215; x_wconf 91' lang='lat' dir='ltr'><strong>et</strong></span> <span class='ocrx_word' id='word_1_385' title='bbox 1285 2183 1486 2224; x_wconf 85' lang='lat' dir='ltr'><strong>exsiliendo,</strong></span> <span class='ocrx_word' id='word_1_386' title='bbox 1500 2183 1550 2215; x_wconf 87' lang='lat' dir='ltr'><strong>sic</strong></span> <span class='ocrx_word' id='word_1_387' title='bbox 1573 2182 1672 2224; x_wconf 78' lang='lat' dir='ltr'><strong>Lyde</strong></span> <span class='ocrx_word' id='word_1_388' title='bbox 1689 2183 1745 2225; x_wconf 84' lang='lat' dir='ltr'><strong>ju·</strong></span> <span class='ocrx_word' id='word_1_389' title='bbox 1786 2217 1788 2219; x_wconf 66' lang='grc'><strong>,</strong></span> 
     </span>
     <span class='ocr_line' id='line_1_69' title="bbox 1045 2227 1748 2276; baseline 0.001 -13"><span class='ocrx_word' id='word_1_390' title='bbox 1045 2233 1174 2264; x_wconf 86' lang='lat' dir='ltr'><strong>veniles</strong></span> <span class='ocrx_word' id='word_1_391' title='bbox 1186 2237 1340 2265; x_wconf 85' lang='lat' dir='ltr'><strong>sectatur</strong></span> <span class='ocrx_word' id='word_1_392' title='bbox 1350 2243 1427 2265; x_wconf 88' lang='lat' dir='ltr'><strong>cum</strong></span> <span class='ocrx_word' id='word_1_393' title='bbox 1439 2227 1628 2276; x_wconf 69' lang='lat' dir='ltr'><strong>aequulibus</strong></span> <span class='ocrx_word' id='word_1_394' title='bbox 1639 2231 1748 2273; x_wconf 78' lang='lat' dir='ltr'><strong>ludos,</strong></span> 
     </span>
     <span class='ocr_line' id='line_1_70' title="bbox 1046 2281 1744 2314; baseline 0.004 -4"><span class='ocrx_word' id='word_1_395' title='bbox 1046 2290 1067 2311; x_wconf 78' lang='lat' dir='ltr'><strong>a</strong></span> <span class='ocrx_word' id='word_1_396' title='bbox 1081 2281 1171 2311; x_wconf 82' lang='lat' dir='ltr'><strong>virili</strong></span> <span class='ocrx_word' id='word_1_397' title='bbox 1186 2286 1300 2313; x_wconf 83' lang='lat' dir='ltr'><strong>autem</strong></span> <span class='ocrx_word' id='word_1_398' title='bbox 1317 2282 1488 2314; x_wconf 85' lang='lat' dir='ltr'><strong>consortio</strong></span> <span class='ocrx_word' id='word_1_399' title='bbox 1502 2282 1669 2314; x_wconf 84' lang='lat' dir='ltr'><strong>hactenus</strong></span> <span class='ocrx_word' id='word_1_400' title='bbox 1684 2281 1744 2313; x_wconf 74' lang='lat' dir='ltr'><strong>nb-</strong></span> 
     </span>
     <span class='ocr_line' id='line_1_71' title="bbox 1044 2329 1745 2363; baseline 0.004 -4"><span class='ocrx_word' id='word_1_401' title='bbox 1044 2329 1172 2360; x_wconf 89' lang='lat' dir='ltr'><strong>horret.</strong></span> <span class='ocrx_word' id='word_1_402' title='bbox 1197 2339 1238 2361; x_wconf 87' lang='lat'><strong>11.</strong></span> <span class='ocrx_word' id='word_1_403' title='bbox 1255 2330 1324 2362; x_wconf 81' lang='lat' dir='ltr'><strong>od.</strong></span> <span class='ocrx_word' id='word_1_404' title='bbox 1339 2335 1372 2362; x_wconf 82' lang='lat'><strong>5.</strong></span> <span class='ocrx_word' id='word_1_405' title='bbox 1390 2335 1423 2362; x_wconf 85' lang='lat'><strong>5.</strong></span> <span class='ocrx_word' id='word_1_406' title='bbox 1447 2335 1457 2349; x_wconf 86' lang='lat'><em>‘</em></span> <span class='ocrx_word' id='word_1_407' title='bbox 1475 2331 1576 2363; x_wconf 76' lang='lat' dir='ltr'><strong>Circa</strong></span> <span class='ocrx_word' id='word_1_408' title='bbox 1595 2331 1745 2362; x_wconf 73' lang='lat' dir='ltr'><strong>virentes</strong></span> 
     </span>
     <span class='ocr_line' id='line_1_72' title="bbox 1045 2379 1748 2420; baseline 0.003 -10"><span class='ocrx_word' id='word_1_409' title='bbox 1045 2383 1100 2410; x_wconf 88' lang='lat' dir='ltr'><strong>est</strong></span> <span class='ocrx_word' id='word_1_410' title='bbox 1113 2379 1242 2411; x_wconf 78' lang='lat' dir='ltr'><strong>animus</strong></span> <span class='ocrx_word' id='word_1_411' title='bbox 1254 2384 1322 2410; x_wconf 68' lang='lat' dir='ltr'><strong>tua‘,</strong></span> <span class='ocrx_word' id='word_1_412' title='bbox 1335 2380 1483 2420; x_wconf 81' lang='lat' dir='ltr'><strong>Campos</strong></span> <span class='ocrx_word' id='word_1_413' title='bbox 1488 2379 1748 2420; x_wconf 75' lang='lat' dir='ltr'><strong>juvencae‚&#39;&amp;c.</strong></span> 
     </span>
    </p>

    <p class='ocr_par' dir='ltr' id='par_1_18' title="bbox 1047 2427 1751 2770">
     <span class='ocr_line' id='line_1_73' title="bbox 1089 2427 1747 2467; baseline 0.003 -8"><span class='ocrx_word' id='word_1_414' title='bbox 1089 2430 1130 2459; x_wconf 81' lang='lat'><strong>10</strong></span> <span class='ocrx_word' id='word_1_415' title='bbox 1151 2427 1251 2459; x_wconf 67' lang='lat' dir='ltr'><strong>laedit</strong></span> <span class='ocrx_word' id='word_1_416' title='bbox 1273 2427 1422 2467; x_wconf 68' lang='lat' dir='ltr'><strong>exsatim]</strong></span> <span class='ocrx_word' id='word_1_417' title='bbox 1450 2427 1633 2460; x_wconf 71' lang='lat' dir='ltr'><strong>Anacreon</strong></span> <span class='ocrx_word' id='word_1_418' title='bbox 1654 2429 1747 2461; x_wconf 65' lang='lat' dir='ltr'>1137oe</span> 
     </span>
     <span class='ocr_line' id='line_1_74' title="bbox 1047 2475 1751 2519; baseline 0.003 -11"><span class='ocrx_word' id='word_1_419' title='bbox 1047 2475 1188 2519; x_wconf 78' lang='grc' dir='ltr'><strong><em>Θρηΐκίη,</em></strong></span> <span class='ocrx_word' id='word_1_420' title='bbox 1210 2475 1244 2508; x_wconf 77' lang='grc' dir='ltr'><strong>τί</strong></span> <span class='ocrx_word' id='word_1_421' title='bbox 1269 2476 1306 2514; x_wconf 70' lang='grc' dir='ltr'><strong>δή</strong></span> <span class='ocrx_word' id='word_1_422' title='bbox 1328 2487 1380 2517; x_wconf 83' lang='grc' dir='ltr'><strong>με,</strong></span> <span class='ocrx_word' id='word_1_423' title='bbox 1392 2499 1401 2508; x_wconf 97' lang='grc'><strong>.</strong></span> <span class='ocrx_word' id='word_1_424' title='bbox 1414 2479 1582 2515; x_wconf 75' lang='grc' dir='ltr'><strong>..Νηλεὸς</strong></span> <span class='ocrx_word' id='word_1_425' title='bbox 1599 2476 1751 2519; x_wconf 50' lang='lat' dir='ltr'><strong>&amp;ebreum</strong></span> 
     </span>
     <span class='ocr_line' id='line_1_75' title="bbox 1051 2525 1750 2568; baseline 0.001 -9"><span class='ocrx_word' id='word_1_426' title='bbox 1051 2550 1060 2560; x_wconf 84' lang='lat'>.</span> <span class='ocrx_word' id='word_1_427' title='bbox 1074 2549 1083 2558; x_wconf 90' lang='lat'><em>.</em></span> <span class='ocrx_word' id='word_1_428' title='bbox 1098 2528 1184 2559; x_wconf 60' lang='lat' dir='ltr'><strong>‚Nou</strong></span> <span class='ocrx_word' id='word_1_429' title='bbox 1205 2525 1239 2559; x_wconf 68' lang='grc' dir='ltr'><strong>δὲ</strong></span> <span class='ocrx_word' id='word_1_430' title='bbox 1259 2526 1411 2566; x_wconf 72' lang='grc' dir='ltr'><strong>λειμῶνός</strong></span> <span class='ocrx_word' id='word_1_431' title='bbox 1430 2539 1468 2560; x_wconf 68' lang='grc' dir='ltr'><strong>τε</strong></span> <span class='ocrx_word' id='word_1_432' title='bbox 1488 2526 1621 2564; x_wconf 68' lang='grc' dir='ltr'>βόσκω</span> <span class='ocrx_word' id='word_1_433' title='bbox 1637 2527 1750 2568; x_wconf 56' lang='lat' dir='ltr'><strong>Rom</strong></span> 
     </span>
     <span class='ocr_line' id='line_1_76' title="bbox 1048 2576 1750 2619; baseline 0.003 -11"><span class='ocrx_word' id='word_1_434' title='bbox 1048 2589 1086 2609; x_wconf 79' lang='grc' dir='ltr'><strong>τε</strong></span> <span class='ocrx_word' id='word_1_435' title='bbox 1110 2578 1271 2618; x_wconf 44' lang='lat' dir='ltr'><strong>eximiae</strong></span> <span class='ocrx_word' id='word_1_436' title='bbox 1294 2576 1431 2618; x_wconf 72' lang='grc' dir='ltr'><strong>παίζεις,</strong></span> <span class='ocrx_word' id='word_1_437' title='bbox 1452 2582 1572 2609; x_wconf 80' lang='grc' dir='ltr'><strong>κ.τ.λ.</strong></span> <span class='ocrx_word' id='word_1_438' title='bbox 1604 2577 1750 2619; x_wconf 69' lang='lat' dir='ltr'><strong>Equulea</strong></span> 
     </span>
     <span class='ocr_line' id='line_1_77' title="bbox 1053 2625 1749 2668; baseline -0.001 -8"><span class='ocrx_word' id='word_1_439' title='bbox 1053 2628 1196 2660; x_wconf 77' lang='lat' dir='ltr'><strong>Threicia</strong></span> <span class='ocrx_word' id='word_1_440' title='bbox 1210 2627 1285 2668; x_wconf 70' lang='lat' dir='ltr'><strong>quid</strong></span> <span class='ocrx_word' id='word_1_441' title='bbox 1302 2638 1350 2659; x_wconf 86' lang='lat' dir='ltr'><strong>me</strong></span> <span class='ocrx_word' id='word_1_442' title='bbox 1371 2625 1673 2667; x_wconf 64' lang='lat' dir='ltr'><strong>crudentes-fugis?</strong></span> <span class='ocrx_word' id='word_1_443' title='bbox 1701 2627 1749 2660; x_wconf 77' lang='lat' dir='ltr'><strong>Ae</strong></span> 
     </span>
     <span class='ocr_line' id='line_1_78' title="bbox 1049 2677 1749 2720; baseline -0.001 -10"><span class='ocrx_word' id='word_1_444' title='bbox 1049 2688 1131 2710; x_wconf 75' lang='lat' dir='ltr'><strong>nunc</strong></span> <span class='ocrx_word' id='word_1_445' title='bbox 1150 2681 1246 2720; x_wconf 78' lang='lat' dir='ltr'><strong>prata</strong></span> <span class='ocrx_word' id='word_1_446' title='bbox 1264 2677 1439 2720; x_wconf 64' lang='lat' dir='ltr'><strong>depasceris</strong></span> <span class='ocrx_word' id='word_1_447' title='bbox 1454 2678 1500 2710; x_wconf 77' lang='lat' dir='ltr'><strong>Et</strong></span> <span class='ocrx_word' id='word_1_448' title='bbox 1519 2677 1649 2718; x_wconf 70' lang='lat' dir='ltr'><strong>agiliter</strong></span> <span class='ocrx_word' id='word_1_449' title='bbox 1666 2677 1749 2710; x_wconf 71' lang='lat' dir='ltr'><strong>exsi-</strong></span> 
     </span>
     <span class='ocr_line' id='line_1_79' title="bbox 1051 2727 1305 2770; baseline -0.004 -9"><span class='ocrx_word' id='word_1_450' title='bbox 1051 2728 1131 2761; x_wconf 71' lang='lat' dir='ltr'><strong>liena</strong></span> <span class='ocrx_word' id='word_1_451' title='bbox 1145 2727 1239 2770; x_wconf 79' lang='lat' dir='ltr'><strong>ludis,</strong></span> <span class='ocrx_word' id='word_1_452' title='bbox 1252 2729 1305 2769; x_wconf 78' lang='lat'><strong>⁸5⁰·</strong></span> 
     </span>
    </p>
   </div>
  </div>
 </body>
</html>
