1916 3190
736 237 780 273 Q·
811 236 1020 267 HORATM
1056 235 1228 267 FLAGCI

434 329 543 370 Sunt
561 342 676 383 quos
698 330 912 371 curriculo
932 330 1157 383 pulverem
1179 329 1456 384 Olympicum

259 445 331 473 sunt
359 443 497 484 plerique
517 444 570 485 qui
591 445 786 475 decurrentes
806 444 943 483 gaudent
965 443 1130 483 conspergi
1151 443 1467 485 pulvereolympico,
1487 446 1518 475 et
1533 452 1608 484 quos
1622 446 1704 475 meta

863 533 1041 545 «ew-‘sesne‘
1046 533 1104 545 ”e

260 586 440 618 emendare
457 588 614 627 voluerit,
631 597 672 618 au
691 588 852 618 memoria
868 588 1033 626 deceptus
1051 588 1172 618 sin—3
1196 586 1525 628 Sunt-quosjunctim
1541 590 1576 617 et
1597 585 1648 625 ὑφ’
1674 583 1708 616 ἓν

259 629 492 668 accipiendum
517 640 588 661 esse
619 630 736 661 scribit
762 631 878 661 Bentl.

923 630 1142 670 ‘Olympicum
1175 629 1302 660 liabent
1338 629 1415 660 libri
1445 634 1482 660 et
1514 628 1634 668 scripti
1671 632 1708 658 et

259 670 427 710 impressi,
450 676 486 702 et
508 673 557 703 ita
587 672 671 703 citat
697 672 832 703 Servius
864 672 906 703 ad
937 673 1033 713 Virg.
1062 672 1188 712 Georg.
1215 680 1274 702 ιη.
1291 673 1345 703 49.
1377 676 1413 702 et
1441 671 1640 702 Lactantius
1663 669 1706 700 ad

258 712 360 744 Statii
388 714 494 746 Theb.
513 711 569 745 ἰν.
590 717 665 746 262.

724 714 798 755 Ego
826 724 907 746 vero
936 724 1003 746 non
1035 714 1154 745 dubito
1182 715 1262 755 quin
1292 714 1487 755 Olympicum
1515 713 1561 745 sit
1593 713 1705 744 Inter-

914 798 1057 830 NOTAE

259 860 332 892 ‘avi
350 861 444 901 tata‚'
467 862 501 893 id
524 868 589 902 est,
613 867 724 904 pater.
768 862 832 894 Avi
861 872 957 903 proa-

259 921 320 942 vus
349 912 486 953 proprie
514 917 632 944 atavus
659 912 796 944 dicitur.
841 913 956 944 Plaut.

258 961 357 995 Pers.
376 971 402 992 1.
423 964 455 994 2.
481 965 511 994 5.
533 962 544 979 ‘
558 963 665 993 Pater
687 972 781 1002 avos,
799 971 958 1002 proavos,

258 1011 395 1051 abavos,
425 1015 556 1052 atavos,
588 1010 755 1042 tritavos!
809 1011 878 1043 Qui
906 1011 957 1041 his

261 1061 452 1102 superiores
473 1060 544 1092 sive
562 1061 748 1092 anteriores
776 1063 870 1100 sunt,
885 1069 956 1091 ma-

255 1110 351 1151 jores
367 1110 596 1151 appellantur.

301 1161 396 1192 Edite
412 1160 553 1201 regibus]
578 1160 618 1192 Id
635 1164 702 1199 est,
727 1159 808 1191 viris
832 1159 957 1200 princi-

258 1210 370 1251 pibus,
390 1210 545 1252 quicquid
570 1210 722 1252 garriant
738 1210 891 1241 nonnulli
913 1208 956 1240 de

257 1260 408 1292 Etruriae
434 1260 605 1300 Regibus3
630 1259 783 1302 quamvis
799 1259 903 1290 etiam
920 1258 958 1289 il-

256 1309 367 1340 lorum
382 1310 499 1342 nescio
515 1320 614 1351 quam
630 1313 740 1351 etquo
754 1309 868 1340 nixam
884 1307 959 1339 fun-

256 1359 419 1391 damento
444 1359 567 1391 seriem
593 1363 797 1398 contexant3
820 1363 859 1390 ut
873 1358 958 1390 Mae-

255 1407 372 1439 cenati
394 1412 493 1449 pater
515 1407 620 1440 fuerit
635 1407 861 1447 Menodorus,
875 1417 957 1438 avus

256 1457 456 1499 Menippus,
470 1459 609 1491 Caecina
624 1468 782 1500 proavus,
797 1458 957 1490 Volture·

256 1517 320 1540 nus
336 1508 476 1548 abavus,
496 1509 594 1541 Titus
618 1513 747 1548 atavus,
761 1509 956 1540 Turrhenus

255 1558 414 1597 tritavus,
425 1559 544 1590 Elbius
560 1559 725 1600 majorum
740 1559 882 1599 primus,
893 1559 957 1591 &c-

257 1607 362 1640 certe
387 1608 510 1640 divites
535 1618 687 1650 quosque
714 1613 750 1639 et
779 1608 957 1649 primarios

258 1657 347 1688 viros
385 1659 575 1699 nuncupari
612 1657 794 1700 aliquando
832 1659 957 1698 Reges,

257 1711 394 1739 constat
410 1718 453 1739 ex
477 1707 670 1739 auctoribus
694 1712 766 1739 tum
794 1706 959 1748 profanis,

257 1761 327 1788 tum
345 1758 447 1788 etiam
462 1759 577 1789 sacris.
607 1757 699 1789 Vide
715 1756 803 1788 iufra
818 1757 887 1789 Od.
902 1759 956 1789 20.

233 1817 305 1839 ·ν5.
337 1811 368 1839 5.
405 1807 517 1849 ibique
542 1807 671 1839 Annot.
713 1816 771 1839 111.
803 1806 873 1839 Od.
903 1809 957 1839 29.

259 1857 268 1873 ‘
280 1857 452 1897 Tyrrhena
470 1857 601 1897 Regum
620 1856 822 1897 progenies!

299 1908 320 1936 2
346 1906 387 1944 O,
416 1910 447 1936 et
469 1905 666 1944 proesidium]
690 1907 865 1936 Maecenas
891 1905 959 1936 fuit

256 1953 376 1984 salutis
392 1958 495 1994 atque
513 1953 690 1993 dignitatis
710 1958 830 1993 auctor
844 1963 884 1984 ac
899 1953 958 1984 de-

257 2001 373 2033 fensor
388 2002 480 2043 apud
496 2002 704 2042 Augustum,
728 2011 794 2032 uon
811 2002 958 2034 Horatio

258 2056 403 2091 tantum,
428 2051 490 2083 sed
518 2056 555 2083 et
577 2051 733 2091 Virgilio,
762 2050 959 2091 Propertio,

258 2101 402 2142 aliisque
427 2101 506 2132 viris
526 2101 668 2132 literatis
693 2100 890 2141 praesidium
917 2109 957 2131 ac

258 2151 378 2181 tutela.
395 2150 484 2180 Vide
496 2159 534 2181 ιι.
545 2149 611 2181 Od.
622 2153 653 2181 7.
669 2150 864 2180 Tantavero
874 2149 957 2180 Mae-

259 2201 389 2232 cenatis
415 2200 505 2241 apud
533 2205 688 2240 posteros
711 2198 803 2229 fama
825 2199 957 2238 extitit,

260 2255 299 2282 ut
321 2250 363 2282 ad
380 2259 495 2281 omnes
513 2249 722 2281 eruditorum
741 2255 900 2289 patronos
923 2249 958 2280 id

258 2301 404 2332 nominis
426 2300 608 2334 transierit,
624 2308 767 2340 quorum
790 2307 832 2330 ex
855 2298 959 2329 muni·

258 2349 398 2382 ficentia
426 2354 530 2391 atque
560 2359 625 2390 ope
647 2347 863 2381 scientiarum
886 2348 959 2381 fata

260 2400 412 2441 pendere
426 2400 614 2431 videantur.

301 2451 404 2482 Dulce
419 2451 512 2481 decus
524 2449 641 2490 meum]
659 2448 763 2480 Decus
777 2457 820 2479 ex
835 2448 955 2480 nobili-

260 2504 331 2532 tate
343 2511 351 2538 ;
365 2501 465 2539 dulce,
480 2509 524 2531 ex
538 2498 772 2531 familiaritate
786 2499 846 2530 viri
860 2499 959 2531 Prin-

260 2550 359 2590 cipis.
405 2550 484 2581 Huc
502 2549 652 2590 pertinet
668 2549 757 2590 quod
781 2550 830 2580 ait
846 2549 960 2580 Persi-

226 2632 230 2639 ,
260 2608 309 2635 us,
334 2607 356 2629 ι.
379 2599 452 2630 Sat.
479 2602 551 2630 116.
574 2600 584 2616 ‘
601 2599 713 2631 Omne
729 2597 825 2630 vafer
841 2599 960 2631 vitium

253 2648 385 2683 ,ridenti
398 2649 540 2680 Flaccus
557 2650 665 2681 amico
674 2649 825 2690 Tangi&
841 2651 906 2682 διο.

303 2700 323 2729 3
346 2697 427 2729 Sunt
441 2707 525 2743 quos,
539 2699 609 2739 ἐτη]
631 2699 700 2731 Alii
715 2700 879 2741 gymnicis
902 2710 959 2732 ex-

261 2749 516 2781 ercitationibus
543 2749 696 2791 impense
723 2750 876 2791 student,
900 2751 958 2783 alii

1011 862 1240 903 agriculturae,
1255 862 1311 893 alii
1334 861 1544 902 navigationi
1566 864 1602 892 et
1621 870 1709 892 mer-

1009 916 1150 949 caturae,
1179 912 1235 943 alii
1264 912 1407 951 militiae,
1436 911 1492 943 alii
1523 910 1711 949 venationi,

1009 964 1076 993 &c-

1055 1009 1234 1050 Curriculo]
1256 1010 1327 1042 Pro
1342 1019 1457 1050 curru,
1472 1009 1526 1041 vel
1543 1009 1618 1049 ipso
1631 1018 1707 1040 cur-

1010 1069 1061 1099 ru,
1076 1060 1131 1091 vel
1147 1060 1251 1090 etiam
1274 1060 1350 1091 loco
1365 1059 1399 1090 iu
1415 1068 1483 1101 quo
1504 1058 1710 1095 decurritur,

1010 1108 1181 1148 accipitur
1196 1108 1261 1140 ista
1277 1117 1353 1139 vox.

1052 1160 1219 1190 Pulverem
1249 1158 1446 1201 Olympicum
1472 1158 1643 1198 collegisse
1656 1158 1711 1197 ju-

1009 1208 1079 1248 vat]
1096 1209 1320 1240 Decurrendo
1333 1208 1492 1245 stadium,
1504 1209 1576 1240 sive
1586 1209 1708 1246 Romae

1010 1258 1045 1290 in
1058 1259 1175 1298 Circo,
1186 1259 1239 1289 vel
1252 1259 1284 1290 in
1298 1259 1428 1300 Campo
1441 1258 1545 1290 etiam
1559 1259 1708 1297 Martio;

1011 1308 1083 1339 sive
1100 1307 1190 1349 apud
1209 1307 1381 1339 Graeciam
1406 1307 1441 1339 in
1465 1307 1553 1339 ludis
1577 1308 1641 1339 illis
1655 1318 1710 1339 so·

1011 1358 1180 1397 leunibus,
1204 1358 1261 1399 qui
1281 1357 1386 1389 totius
1407 1356 1498 1388 orbis
1518 1357 1711 1399 frequentia

1011 1407 1289 1445 celebrabantur,
1302 1406 1335 1438 in
1359 1406 1481 1448 quibus
1496 1406 1713 1448 pentathlon‚

1011 1459 1083 1490 sive
1098 1458 1363 1500 quinquertium,
1378 1458 1412 1489 id
1428 1462 1493 1497 est,
1509 1458 1713 1499 quintuplex

1012 1514 1186 1541 certamen
1200 1519 1208 1540 :
1226 1508 1404 1549 jaculatio,
1415 1507 1501 1539 disci
1506 1508 1634 1549 Jactus,
1645 1512 1713 1540 sta-

1012 1558 1058 1590 dii
1075 1568 1204 1598 cursus,
1218 1559 1336 1594 saltus,
1349 1558 1532 1598 palaestra3
1555 1558 1628 1590 sive
1641 1568 1711 1590 ma-

1013 1608 1076 1648 vis,
1110 1618 1240 1649 cursus,
1269 1607 1457 1649 pugilatus,
1483 1607 1610 1645 discus,
1637 1618 1711 1640 ces-

1012 1662 1081 1697 tus,
1119 1658 1226 1690 lucta.
1282 1656 1438 1689 Stadium
1469 1658 1607 1697 longum
1636 1662 1712 1689 erat

1012 1708 1118 1748 pedes
1133 1712 1323 1739 sexcentos.
1358 1707 1518 1738 Victores
1533 1707 1710 1748 Olympio-

1011 1757 1096 1789 nicae
1114 1757 1337 1796 vocabantur,
1362 1756 1627 1797 coronabantur,
1642 1757 1713 1791 lau-

1014 1807 1203 1846 dabantur3
1228 1807 1406 1846 vacatione
1423 1816 1596 1838 munerum
1618 1817 1711 1839 curae

1012 1866 1054 1888 ac
1083 1857 1214 1897 tutelae,
1238 1860 1470 1897 perpetuaque
1500 1856 1714 1888 immunitate

1012 1905 1251 1944 donabantur;
1274 1905 1360 1936 adeo
1391 1910 1428 1937 ut
1451 1905 1713 1946 olympionicen

1012 1963 1087 1985 esse
1108 1959 1309 1985 censeretur
1329 1953 1458 1994 aliquid
1481 1954 1589 1995 majus
1611 1963 1714 1996 quam

1012 2002 1129 2032 Romae
1145 2003 1188 2033 de
1203 2002 1355 2033 hostibus
1371 2003 1574 2043 triumphus.
1618 2004 1713 2043 Quas

1013 2056 1090 2082 tuor
1113 2051 1202 2090 apud
1219 2051 1360 2082 Graecos
1376 2051 1540 2091 ejusmodi
1556 2050 1710 2084 celebres

1013 2100 1099 2131 Ludi
1126 2104 1245 2131 erant:
1270 2099 1456 2141 Olympici,
1478 2100 1610 2142 Pythii,
1624 2101 1713 2134 Isth-

1011 2150 1081 2189 mii,
1096 2145 1259 2181 Ne111eaei'.
1291 2148 1404 2181 Aunui
1422 2150 1573 2191 quidam,
1590 2156 1629 2183 ut
1645 2152 1715 2193 Py-

1011 2199 1091 2237 tliii;
1109 2198 1375 2240 quinquennales
1384 2199 1557 2240 Olympici
1575 2206 1610 2232 et
1622 2201 1711 2233 Isth-

1013 2250 1070 2281 mii
1083 2260 1093 2288 3
1120 2250 1273 2283 Nemeaei
1289 2251 1390 2282 tertio
1403 2260 1538 2293 quoque
1549 2262 1638 2285 anuo
1652 2253 1710 2285 fie-

1015 2300 1120 2339 bant3
1154 2300 1308 2341 plerique
1336 2300 1409 2332 dies
1437 2302 1584 2344 quinque
1610 2303 1713 2336 dura-

994 2350 1108 2383 ''bant.
1128 2351 1184 2382 Ab
1193 2351 1384 2392 Olympicis
1402 2352 1488 2384 ludis
1505 2359 1712 2394 nuncupatae

1011 2406 1092 2432 sunt
1112 2401 1337 2441 Olympiades
1354 2411 1394 2433 ea
1409 2402 1522 2443 spatia
1534 2412 1594 2435 seu
1609 2403 1714 2435 inter·

1011 2451 1100 2482 valla
1116 2451 1201 2482 duas
1217 2451 1308 2483 iuter
1330 2451 1486 2484 ludorum
1510 2453 1713 2485 celebratio·

1011 2510 1072 2532 nes
1099 2502 1354 2541 comprehensa.
1409 2501 1592 2533 Institutos
1621 2501 1713 2534 fama

1012 2555 1066 2582 est
1092 2551 1187 2594 ludos
1209 2549 1409 2591 Olympicos
1435 2559 1522 2581 anno
1543 2552 1641 2583 440⁰.
1669 2551 1712 2584 ab

1012 2600 1162 2632 Hercule
1184 2600 1341 2632 Cretensi
1371 2598 1523 2640 quidem,
1550 2601 1584 2631 iu
1610 2601 1714 2634 bono·

1014 2660 1084 2683 rem
1103 2649 1254 2690 Pelopis,
1265 2649 1365 2691 juxta
1383 2647 1508 2681 flumen
1526 2650 1711 2694 Alpheum,

1013 2701 1056 2732 ad
1079 2700 1257 2732 delubrum
1282 2699 1379 2732 Jovis
1404 2699 1437 2730 in
1453 2699 1596 2741 Achaia,
1609 2701 1713 2741 juxta

1013 2751 1130 2784 Pisam
1157 2754 1193 2782 et
1214 2749 1362 2790 Elidem,
1387 2748 1421 2780 in
1446 2759 1566 2791 campo
1591 2750 1647 2783 cui
1662 2750 1711 2783 O·
