1916 3190
789 257 834 295 Q.
864 253 1072 286 norum
1106 254 1280 286 nacor

541 350 735 400 Interim,
755 349 860 391 dum
878 352 926 390 tu
947 349 1110 390 celeres
1131 349 1320 403 sagittas

542 417 729 467 Promis,
748 417 843 458 haec
863 415 1018 457 dentes
1036 417 1158 458 acuit
1177 416 1392 458 timendos
1410 430 1422 468 ;

1706 403 1804 457 10'

541 483 718 524 Arbiter
738 495 899 536 pugnae
919 482 1123 538 posuisse
1142 482 1260 524 nudo

826 548 918 589 Sub
938 548 1054 602 pede
1074 549 1271 602 palmam

543 616 713 666 Fertur,
736 619 779 656 et
798 615 888 656 leni
909 628 1105 657 recreare
1123 619 1253 657 vento

541 682 752 736 Sparsum
772 682 966 724 odoratis
986 682 1214 723 humerum
1234 682 1427 737 capillis,

542 746 704 798 Qualis
725 751 801 789 aut
820 748 987 789 Nireus
1005 747 1103 798 fuit,
1123 752 1200 789 aut
1218 761 1390 806 aquosa

1705 748 1763 790 15

822 814 1001 869 Raptus
1023 815 1080 856 ab
1101 814 1197 856 Ida.

311 939 422 979 proeda
437 939 495 971 tibi
506 941 611 980 potior
626 950 667 971 an
679 939 729 971 ini
739 938 871 970 eveniat.
902 937 1027 968 Interea
1037 937 1111 967 dum
1125 939 1161 967 tu
1174 937 1289 968 velocia
1304 937 1367 968 tela
1378 937 1492 977 caucis,
1503 938 1559 970 illa
1571 946 1643 969 vero
1658 937 1764 968 dentes

305 980 526 1018 formidandos
548 983 674 1013 exacuit
682 991 695 1018 ‚·
724 980 843 1012 dicitur
867 978 1084 1009 controversie
1101 977 1207 1016 ,ἰαύει-
1230 979 1392 1010 collocasse
1413 980 1574 1011 victoriam
1601 980 1657 1011 sub
1681 979 1766 1010 nuda

312 1023 433 1063 planta,
448 1033 484 1054 ac
507 1024 568 1055 levi
588 1033 665 1054 aura
688 1022 840 1053 oblectare
853 1020 955 1051 crines
968 1019 1109 1050 odoribus
1118 1019 1270 1059 perfusos,
1283 1021 1319 1051 in
1333 1022 1489 1061 scapulam
1509 1023 1679 1063 perdentes
1686 1030 1700 1058 ,·
1720 1020 1762 1052 ei-

313 1064 398 1096 milis
412 1066 459 1096 vel
475 1066 587 1106 Nireo,
600 1066 649 1097 vel
665 1063 843 1105 Ganymedi
856 1072 896 1094 ex
908 1061 968 1093 Ida
983 1061 1074 1101 aquis
1087 1061 1261 1094 abundante
1272 1062 1440 1095 subtracto.

918 1156 1160 1177 eqeeeeeeeeeo

317 1235 442 1276 glossa.
488 1235 551 1266 Vs.
564 1237 598 1266 7.
612 1237 645 1266 8.
667 1233 864 1274 parenthesi
880 1231 1060 1264 includunt
1081 1232 1185 1264 Baxt.
1207 1231 1316 1264 Gesn.
1332 1236 1370 1263 et
1384 1231 1592 1264 Comb.—1⁰
1613 1231 1624 1249 ‘
1641 1230 1714 1263 Alt.
1730 1233 1762 1263 1.

314 1276 458 1317 superbo:
467 1287 478 1308 .·
490 1276 718 1308 memorabilis
734 1275 853 1315 lectio,
866 1284 980 1323 neque
990 1273 1260 1314 contemnenda;
1276 1279 1329 1306 est
1342 1274 1446 1314 enim,
1460 1278 1500 1306 ut
1514 1277 1608 1305 recte
1622 1273 1763 1307 doctina.

316 1319 441 1359 Nagel.
468 1328 534 1350 vox
557 1323 593 1350 et
618 1318 794 1350 sonantior
813 1322 850 1349 et
870 1316 1048 1349 omnum?
1066 1316 1245 1348 mma—13
1269 1316 1363 1356 Lips.
1378 1319 1411 1349 4.
1427 1315 1500 1348 Alt.
1517 1319 1547 1348 l.
1569 1316 1710 1347 Venett.
1725 1319 1764 1347 et

314 1361 383 1392 Vet
396 1361 515 1392 Comb.
526 1370 680 1392 recreasse
690 1361 879 1391 venta—14
891 1359 1036 1390 Mentel.
1051 1358 1191 1390 adomtis
1201 1358 1232 1389 Ιι.
1240 1359 1458 1399 capilum—15
1476 1359 1613 1397 Nereus,
1625 1357 1763 1389 indocto

314 1402 427 1442 lapsu,
441 1402 542 1433 codd.
557 1402 738 1438 Torrentii,
753 1410 838 1432 unus
851 1400 1066 1439 Bersmanni,
1080 1401 1174 1440 Lips.
1193 1403 1223 1431 l.
1237 1403 1270 1431 2.
1284 1404 1316 1431 3.
1326 1403 1358 1432 4.
1403 1400 1551 1441 Franeq.
1566 1398 1761 1431 Helmstad.

316 1448 354 1475 et
369 1443 470 1474 Dess.
486 1447 518 1475 2.
564 1443 691 1474 Eadem
714 1445 862 1474 varietas
886 1442 997 1482 Epod.
1014 1451 1074 1473 xv.
1089 1445 1143 1473 22.
1177 1445 1234 1472 aut
1247 1443 1378 1481 aquosus
1393 1442 1528 1482 lips-4.
1572 1440 1762 1481 Atterbury

316 1494 436 1559 ‹ffg'dll-
450 1536 512 1567 pro
525 1527 648 1567 Raptus
662 1526 781 1557 maluit
796 1526 924 1557 Pastor.

451 1484 563 1520 Qualis
587 1488 643 1515 aut
671 1485 798 1520 Nireus,
825 1493 902 1524 puer
926 1487 996 1523 aut,
1019 1484 1074 1523 δῖε.
1107 1492 1207 1524 quam
1236 1483 1468 1523 conjecturam
1495 1482 1627 1524 recepit
1655 1482 1760 1514 Kidd.

964 1597 1105 1630 NOTAE

316 1674 372 1705 Au
386 1673 450 1706 tibi
465 1673 578 1714 potius
599 1682 698 1714 quam
723 1672 772 1704 illi
787 1670 890 1703 cedat
906 1670 1016 1702 Near-

317 1723 411 1759 chus,
433 1732 534 1764 quem
557 1728 702 1764 uterque
715 1721 843 1753 ardetis
855 1730 895 1753 ac
911 1720 1015 1762 depe-

316 1772 405 1804 ritis.

359 1825 381 1854 9
403 1822 491 1853 Dum
517 1824 554 1852 tu
581 1822 694 1853 celeres
721 1820 858 1860 sagittas
876 1819 1015 1861 Promis]

317 1872 410 1903 Dum
427 1876 465 1903 tu
481 1876 572 1902 artes
587 1880 702 1903 omnes
718 1870 857 1902 insumis
873 1869 916 1901 ad
933 1879 1016 1911 pue-

316 1930 392 1952 rum
409 1921 471 1952 tibi
495 1920 736 1959 asserendum;
759 1919 817 1951 illa
832 1919 930 1955 iram,
945 1918 1016 1951 odi-

319 1980 389 2010 um,
399 1970 538 2012 probra,
551 1969 735 2001 vindictam
747 1969 781 2000 iu
794 1972 830 2000 te
843 1972 1014 2009 raptorem

319 2022 509 2061 comparat,
544 2019 703 2060 omnique
731 2027 796 2059 ope
825 2027 921 2050 snum
949 2018 1017 2053 sibi

319 2067 482 2099 vindicat.

363 2118 403 2146 11
429 2116 521 2146 Nudo
536 2116 601 2147 Sul>
621 2116 712 2157 pede]
737 2117 914 2149 Nearchus
928 2117 1017 2148 citra

319 2164 519 2205 periculum,
534 2165 636 2195 immo
647 2166 702 2196 cui
716 2166 818 2197 cedat
832 2176 949 2206 parum
962 2176 1014 2198 so-

318 2213 445 2253 licitus,
457 2223 516 2244 vos
533 2212 578 2244 de
590 2221 626 2243 se
642 2214 892 2244 contendentes
907 2215 1015 2246 otiose

321 2254 358 2293 et
371 2261 497 2302 frigide
515 2265 664 2301 spectat,
687 2269 831 2301 suosque
847 2261 1017 2293 duntaxat

322 2317 422 2344 curat
456 2312 596 2353 capillos
628 2319 764 2343 comere
794 2315 830 2342 et
856 2311 1015 2342 odoribus

321 2370 518 2404 aspergere.
739 2384 741 2386 -

368 2415 408 2444 14
431 2412 582 2452 Sparsum
601 2409 751 2445 odoratis,
766 2408 837 2450 δῖα]
859 2408 949 2440 Vide
974 2418 1016 2441 ιι.

323 2461 393 2493 Od.
409 2464 462 2492 11.
477 2464 530 2492 15.

365 2514 405 2542 15
431 2511 566 2552 Nireus]
586 2510 655 2542 Hic
670 2510 762 2542 Naxi
781 2510 867 2551 Rex,
877 2508 1016 2541 Graeco-

323 2570 398 2592 rum
427 2564 505 2601 post
539 2559 706 2590 Achillem
735 2558 991 2590 formosissimus
1005 2569 1015 2597 ;

325 2612 366 2642 de
382 2621 448 2652 quo
462 2610 606 2642 Homer.
620 2609 721 2641 Iliad.
735 2613 770 2641 B.
786 2609 946 2650 Propert.
958 2618 1015 2640 ιιι.

326 2663 378 2691 18.
399 2661 408 2677 ‘
422 2660 530 2692 Nirea
546 2669 610 2691 non
625 2658 741 2698 facies,
752 2667 820 2691 non
831 2659 880 2690 vis
891 2658 1016 2690 exemit

326 2708 517 2741 Achillem.’

368 2757 507 2798 Aquom]
530 2759 581 2790 Ex
597 2758 655 2789 illo
670 2758 810 2790 Troadis
832 2762 945 2797 monte
967 2757 1015 2790 di·

1067 1672 1192 1701 cuntur
1205 1677 1359 1700 manasse
1376 1669 1506 1710 pridem
1514 1668 1653 1702 flumina
1667 1670 1762 1712 quin-

1065 1719 1200 1751 decim:
1225 1722 1260 1750 at
1283 1727 1400 1749 eorum
1426 1718 1572 1759 plurima
1593 1728 1653 1751 suo
1677 1723 1761 1752 tem-

1067 1778 1150 1810 pore
1173 1769 1244 1809 jam
1274 1768 1459 1810 exaruisse,
1482 1767 1603 1800 scribit
1621 1767 1764 1805 Plinius.

1068 1817 1171 1859 Apud
1183 1818 1305 1849 Athen.
1321 1825 1384 1849 xv.
1402 1820 1432 1849 8.
1446 1822 1590 1849 vocatur
1601 1816 1695 1858 'Opas
1706 1827 1762 1848 ἰο-

1065 1866 1237 1900 λνπιδάκου
1254 1866 1350 1905 Ἴδης.
1389 1867 1483 1899 Mons
1498 1866 1570 1898 Idoe
1589 1868 1696 1907 plures
1709 1867 1763 1903 ᾖα·

1066 1917 1166 1949 beatis
1176 1918 1295 1956 fontes.
1329 1916 1408 1948 Prae
1424 1917 1550 1948 ceteris
1566 1921 1682 1949 antem
1698 1915 1762 1948 flu-

1069 1967 1130 1998 viis
1160 1967 1209 1998 ibi
1245 1965 1510 1999 scaturientibus
1547 1966 1764 1998 nominamur

1069 2018 1203 2050 Xantus
1228 2026 1288 2049 seu
1312 2014 1528 2057 Scamander,
1548 2015 1684 2057 Simois,
1698 2017 1763 2048 &c.

1069 2067 1212 2099 Homer.
1231 2065 1329 2098 lliad.
1342 2069 1381 2097 A.

1112 2119 1154 2148 16
1190 2116 1313 2157 Raptae
1347 2115 1386 2147 ab
1422 2114 1497 2156 Ida]
1542 2114 1762 2156 Ganymedes

1065 2166 1165 2197 Trois
1181 2165 1284 2206 Regis
1301 2164 1404 2204 filius,
1419 2164 1464 2196 ob
1479 2164 1763 2206 pulchritudinem

1069 2226 1089 2246 a
1110 2215 1198 2247 Jove
1219 2214 1341 2256 aquilae
1366 2214 1514 2255 speciem
1542 2214 1664 2246 induto
1688 2223 1764 2255 rap·

1068 2268 1134 2303 tus,
1160 2273 1237 2295 cum
1263 2264 1298 2294 in
1322 2262 1388 2295 Ida
1409 2268 1525 2295 monte
1551 2272 1638 2304 puer
1662 2272 1764 2300 vena-

1067 2317 1177 2350 retur,
1191 2317 1293 2352 atque
1306 2313 1339 2343 in
1351 2313 1513 2344 conviviis
1525 2314 1675 2344 Deorum
1689 2311 1764 2343 fac-

1067 2363 1121 2390 tus
1144 2360 1337 2399 pocillator.
1374 2361 1432 2391 De
1454 2370 1496 2392 eo
1520 2361 1598 2392 vide
1622 2361 1765 2392 Luciaui

1069 2409 1260 2448 Dialognm.
1283 2409 1328 2439 Et
1342 2408 1445 2440 Ovid.
1461 2409 1548 2441 Met.
1573 2418 1610 2441 x.
1632 2410 1715 2442 Fab.
1728 2413 1762 2443 4.

1069 2458 1146 2491 Hac
1172 2468 1273 2500 porro
1295 2457 1411 2490 fabula
1436 2458 1606 2491 indicatur
1627 2461 1762 2502 sapien-

1068 2514 1137 2541 tem
1153 2509 1260 2541 virum
1275 2508 1454 2540 luminibus
1469 2514 1505 2539 et
1519 2509 1674 2541 claritate
1698 2510 1764 2542 vir·

1069 2563 1180 2591 tutum
1191 2557 1416 2598 refulgentem
1432 2557 1502 2589 Dei
1517 2558 1763 2592 cousuetudine

1069 2610 1206 2650 dignum
1229 2606 1329 2646 effici,
1356 2612 1457 2648 atque
1485 2606 1528 2638 ad
1559 2608 1671 2640 Deum
1699 2618 1763 2650 per

1067 2658 1267 2699 sapientiam
1295 2657 1369 2698 rapi
1395 2661 1430 2688 et
1455 2656 1634 2691 sublevari.
1671 2659 1760 2690 Vide

1068 2708 1141 2741 Cic.
1157 2708 1294 2740 Tuscul.

1112 2757 1187 2798 Ida]
1211 2757 1311 2789 Mons
1325 2755 1453 2797 duplex
1477 2755 1577 2797 hujus
1597 2756 1737 2789 nominis
1748 2769 1758 2796 5
