<?xml version="1.0" encoding="UTF-8"?>
<!DOCTYPE html PUBLIC "-//W3C//DTD XHTML 1.0 Transitional//EN"
    "http://www.w3.org/TR/xhtml1/DTD/xhtml1-transitional.dtd">
<html xmlns="http://www.w3.org/1999/xhtml" xml:lang="en" lang="en">
 <head>
  <title>
</title>
<meta http-equiv="Content-Type" content="text/html;charset=utf-8" />
  <meta name='ocr-system' content='tesseract 3.04.00' />
  <meta name='ocr-capabilities' content='ocr_page ocr_carea ocr_par ocr_line ocrx_word'/>
</head>
<body>
  <div class='ocr_page' id='page_1' title='image "./operazeune01horauoft_0458.png"; bbox 0 0 1916 3190; ppageno 0'>
   <div class='ocr_carea' id='block_1_1' title="bbox 785 267 1284 307">
    <p class='ocr_par' dir='ltr' id='par_1_1' title="bbox 785 267 1284 307">
     <span class='ocr_line' id='line_1_1' title="bbox 785 267 1284 307; baseline 0.002 -9"><span class='ocrx_word' id='word_1_1' title='bbox 785 269 829 307; x_wconf 81' lang='lat' dir='ltr'>Q.</span> <span class='ocrx_word' id='word_1_2' title='bbox 862 267 1071 299; x_wconf 65' lang='lat' dir='ltr'>nonni!</span> <span class='ocrx_word' id='word_1_3' title='bbox 1107 268 1284 301; x_wconf 57' lang='lat' dir='ltr'>rusco:</span> 
     </span>
    </p>
   </div>
   <div class='ocr_carea' id='block_1_2' title="bbox 893 449 1173 494">
    <p class='ocr_par' dir='ltr' id='par_1_2' title="bbox 893 449 1173 494">
     <span class='ocr_line' id='line_1_2' title="bbox 893 449 1173 494; baseline 0.007 -2"><span class='ocrx_word' id='word_1_4' title='bbox 893 449 1023 493; x_wconf 91' lang='lat' dir='ltr'>ODE</span> <span class='ocrx_word' id='word_1_5' title='bbox 1053 451 1173 494; x_wconf 89' lang='lat' dir='ltr'>XII.</span> 
     </span>
    </p>
   </div>
   <div class='ocr_carea' id='block_1_3' title="bbox 843 578 1227 611">
    <p class='ocr_par' dir='ltr' id='par_1_3' title="bbox 843 578 1227 611">
     <span class='ocr_line' id='line_1_3' title="bbox 843 578 1227 611; baseline 0.005 -3"><span class='ocrx_word' id='word_1_6' title='bbox 843 578 911 608; x_wconf 79' lang='lat' dir='ltr'>AD</span> <span class='ocrx_word' id='word_1_7' title='bbox 942 579 1227 611; x_wconf 80' lang='lat' dir='ltr'>NEoBULEN.</span> 
     </span>
    </p>
   </div>
   <div class='ocr_carea' id='block_1_4' title="bbox 306 668 1754 872">
    <p class='ocr_par' dir='ltr' id='par_1_4' title="bbox 306 668 1754 872">
     <span class='ocr_line' id='line_1_4' title="bbox 306 668 1754 715; baseline 0.002 -14"><span class='ocrx_word' id='word_1_8' title='bbox 306 668 530 702; x_wconf 80' lang='lat' dir='ltr'><strong>Archilochus</strong></span> <span class='ocrx_word' id='word_1_9' title='bbox 545 670 622 702; x_wconf 82' lang='lat' dir='ltr'>oiim</span> <span class='ocrx_word' id='word_1_10' title='bbox 649 680 806 712; x_wconf 81' lang='lat' dir='ltr'><strong>sponsam</strong></span> <span class='ocrx_word' id='word_1_11' title='bbox 823 681 918 703; x_wconf 84' lang='lat' dir='ltr'>suam</span> <span class='ocrx_word' id='word_1_12' title='bbox 945 672 1140 713; x_wconf 89' lang='lat' dir='ltr'>Neobulen‚</span> <span class='ocrx_word' id='word_1_13' title='bbox 1154 672 1336 714; x_wconf 86' lang='lat' dir='ltr'>Lyeambis</span> <span class='ocrx_word' id='word_1_14' title='bbox 1349 672 1468 714; x_wconf 83' lang='lat' dir='ltr'>filiam,</span> <span class='ocrx_word' id='word_1_15' title='bbox 1479 673 1521 706; x_wconf 84' lang='lat' dir='ltr'>ad</span> <span class='ocrx_word' id='word_1_16' title='bbox 1535 671 1754 715; x_wconf 72' lang='lat' dir='ltr'>suspendium</span> 
     </span>
     <span class='ocr_line' id='line_1_5' title="bbox 348 722 1753 768; baseline 0.001 -14"><span class='ocrx_word' id='word_1_17' title='bbox 348 722 475 754; x_wconf 85' lang='lat' dir='ltr'>Iambis</span> <span class='ocrx_word' id='word_1_18' title='bbox 490 723 558 755; x_wconf 82' lang='lat' dir='ltr'>suis</span> <span class='ocrx_word' id='word_1_19' title='bbox 574 723 737 764; x_wconf 83' lang='lat' dir='ltr'>adegerat</span> <span class='ocrx_word' id='word_1_20' title='bbox 751 734 761 762; x_wconf 77' lang='lat'><em>3</em></span> <span class='ocrx_word' id='word_1_21' title='bbox 783 724 882 765; x_wconf 86' lang='lat' dir='ltr'>hujus</span> <span class='ocrx_word' id='word_1_22' title='bbox 899 724 1002 764; x_wconf 87' lang='lat' dir='ltr'>igitur</span> <span class='ocrx_word' id='word_1_23' title='bbox 1017 724 1152 756; x_wconf 84' lang='lat' dir='ltr'>nomine</span> <span class='ocrx_word' id='word_1_24' title='bbox 1176 725 1340 757; x_wconf 77' lang='lat' dir='ltr'><strong>Horatius</strong></span> <span class='ocrx_word' id='word_1_25' title='bbox 1362 726 1508 767; x_wconf 80' lang='lat' dir='ltr'><strong>puellam</strong></span> <span class='ocrx_word' id='word_1_26' title='bbox 1524 725 1691 768; x_wconf 86' lang='lat' dir='ltr'>quandam</span> <span class='ocrx_word' id='word_1_27' title='bbox 1707 724 1753 756; x_wconf 87' lang='lat' dir='ltr'>ab</span> 
     </span>
     <span class='ocr_line' id='line_1_6' title="bbox 347 776 1754 821; baseline 0.002 -14"><span class='ocrx_word' id='word_1_28' title='bbox 347 776 480 817; x_wconf 91' lang='lat' dir='ltr'>Hebro,</span> <span class='ocrx_word' id='word_1_29' title='bbox 493 777 585 816; x_wconf 77' lang='lat' dir='ltr'>turpi</span> <span class='ocrx_word' id='word_1_30' title='bbox 600 781 637 808; x_wconf 90' lang='lat' dir='ltr'>et</span> <span class='ocrx_word' id='word_1_31' title='bbox 663 777 778 808; x_wconf 83' lang='lat' dir='ltr'>vetulo</span> <span class='ocrx_word' id='word_1_32' title='bbox 803 777 946 818; x_wconf 85' lang='lat' dir='ltr'>moecho,</span> <span class='ocrx_word' id='word_1_33' title='bbox 967 782 1163 818; x_wconf 83' lang='lat' dir='ltr'>corruptam</span> <span class='ocrx_word' id='word_1_34' title='bbox 1186 777 1347 810; x_wconf 88' lang='lat' dir='ltr'>Sotadico</span> <span class='ocrx_word' id='word_1_35' title='bbox 1375 782 1411 810; x_wconf 89' lang='lat' dir='ltr'>et</span> <span class='ocrx_word' id='word_1_36' title='bbox 1433 778 1572 811; x_wconf 85' lang='lat' dir='ltr'>satirico</span> <span class='ocrx_word' id='word_1_37' title='bbox 1593 779 1754 821; x_wconf 71' lang='lat' dir='ltr'>rhythmo</span> 
     </span>
     <span class='ocr_line' id='line_1_7' title="bbox 347 828 1598 872; baseline 0.002 -13"><span class='ocrx_word' id='word_1_38' title='bbox 347 828 496 861; x_wconf 82' lang='lat' dir='ltr'><strong>deridet.</strong></span> <span class='ocrx_word' id='word_1_39' title='bbox 539 829 651 872; x_wconf 88' lang='lat' dir='ltr'>(Nihil</span> <span class='ocrx_word' id='word_1_40' title='bbox 663 829 823 872; x_wconf 87' lang='lat' dir='ltr'>equidem</span> <span class='ocrx_word' id='word_1_41' title='bbox 838 830 894 862; x_wconf 88' lang='lat' dir='ltr'>hic</span> <span class='ocrx_word' id='word_1_42' title='bbox 909 830 1008 863; x_wconf 87' lang='lat' dir='ltr'>video</span> <span class='ocrx_word' id='word_1_43' title='bbox 1021 830 1196 863; x_wconf 85' lang='lat' dir='ltr'>satiricum</span> <span class='ocrx_word' id='word_1_44' title='bbox 1213 832 1265 862; x_wconf 85' lang='lat' dir='ltr'>vei</span> <span class='ocrx_word' id='word_1_45' title='bbox 1279 830 1455 863; x_wconf 89' lang='lat' dir='ltr'>ironicum.</span> <span class='ocrx_word' id='word_1_46' title='bbox 1481 831 1598 872; x_wconf 75' lang='lat' dir='ltr'>Gesn.)</span> 
     </span>
    </p>
   </div>
   <div class='ocr_carea' id='block_1_5' title="bbox 303 903 1666 961">
    <p class='ocr_par' dir='ltr' id='par_1_5' title="bbox 303 903 1666 961">
     <span class='ocr_line' id='line_1_8' title="bbox 303 903 1666 961; baseline 0.002 -16"><span class='ocrx_word' id='word_1_47' title='bbox 303 903 624 947; x_wconf 76' lang='lat' dir='ltr'>MISERARUM</span> <span class='ocrx_word' id='word_1_48' title='bbox 647 911 718 947; x_wconf 87' lang='lat' dir='ltr'>est</span> <span class='ocrx_word' id='word_1_49' title='bbox 737 919 876 959; x_wconf 85' lang='lat' dir='ltr'>neque</span> <span class='ocrx_word' id='word_1_50' title='bbox 890 905 1045 947; x_wconf 87' lang='lat' dir='ltr'>Amori</span> <span class='ocrx_word' id='word_1_51' title='bbox 1065 907 1167 948; x_wconf 85' lang='lat' dir='ltr'>dare</span> <span class='ocrx_word' id='word_1_52' title='bbox 1187 906 1361 956; x_wconf 87' lang='lat' dir='ltr'>ludum,</span> <span class='ocrx_word' id='word_1_53' title='bbox 1380 918 1523 961; x_wconf 86' lang='lat' dir='ltr'>neque</span> <span class='ocrx_word' id='word_1_54' title='bbox 1541 906 1666 949; x_wconf 89' lang='lat' dir='ltr'>dulci</span> 
     </span>
    </p>
   </div>
   <div class='ocr_carea' id='block_1_6' title="bbox 342 1011 1751 1056">
    <p class='ocr_par' dir='ltr' id='par_1_6' title="bbox 342 1011 1751 1056">
     <span class='ocr_line' id='line_1_9' title="bbox 342 1011 1751 1056; baseline 0.003 -13"><span class='ocrx_word' id='word_1_55' title='bbox 342 1011 602 1043; x_wconf 76' lang='lat' dir='ltr'>AErumnosurum</span> <span class='ocrx_word' id='word_1_56' title='bbox 614 1016 672 1053; x_wconf 79' lang='lat' dir='ltr'>est,</span> <span class='ocrx_word' id='word_1_57' title='bbox 685 1021 743 1044; x_wconf 78' lang='lat' dir='ltr'>nec</span> <span class='ocrx_word' id='word_1_58' title='bbox 762 1013 862 1044; x_wconf 80' lang='lat' dir='ltr'>amori</span> <span class='ocrx_word' id='word_1_59' title='bbox 880 1012 1057 1055; x_wconf 80' lang='lat' dir='ltr'>indulgere,</span> <span class='ocrx_word' id='word_1_60' title='bbox 1074 1023 1129 1045; x_wconf 81' lang='lat' dir='ltr'>nec</span> <span class='ocrx_word' id='word_1_61' title='bbox 1142 1022 1286 1045; x_wconf 76' lang='lat' dir='ltr'>moerores</span> <span class='ocrx_word' id='word_1_62' title='bbox 1298 1013 1417 1045; x_wconf 75' lang='lat' dir='ltr'>diluere</span> <span class='ocrx_word' id='word_1_63' title='bbox 1429 1013 1500 1045; x_wconf 80' lang='lat' dir='ltr'>vino</span> <span class='ocrx_word' id='word_1_64' title='bbox 1513 1014 1617 1056; x_wconf 70' lang='lat' dir='ltr'>mvi,</span> <span class='ocrx_word' id='word_1_65' title='bbox 1628 1015 1676 1047; x_wconf 75' lang='lat' dir='ltr'>ecl</span> <span class='ocrx_word' id='word_1_66' title='bbox 1687 1014 1751 1046; x_wconf 74' lang='lat' dir='ltr'>dis·</span> 
     </span>
    </p>
   </div>
   <div class='ocr_carea' id='block_1_7' title="bbox 912 1097 1153 1111">
    <p class='ocr_par' dir='ltr' id='par_1_7' title="bbox 912 1097 1153 1111">
     <span class='ocr_line' id='line_1_10' title="bbox 912 1097 1153 1111; baseline 0.004 -1"><span class='ocrx_word' id='word_1_67' title='bbox 912 1097 1153 1111; x_wconf 56' lang='lat' dir='ltr'>”mmm</span> 
     </span>
    </p>
   </div>
   <div class='ocr_carea' id='block_1_8' title="bbox 298 1154 1752 1326">
    <p class='ocr_par' dir='ltr' id='par_1_8' title="bbox 298 1154 1752 1326">
     <span class='ocr_line' id='line_1_11' title="bbox 342 1154 1752 1198; baseline 0.002 -12"><span class='ocrx_word' id='word_1_68' title='bbox 342 1155 453 1187; x_wconf 81' lang='lat' dir='ltr'>Deest</span> <span class='ocrx_word' id='word_1_69' title='bbox 469 1155 619 1188; x_wconf 84' lang='lat' dir='ltr'>Editioni</span> <span class='ocrx_word' id='word_1_70' title='bbox 634 1156 758 1189; x_wconf 84' lang='lat' dir='ltr'>Sauad.</span> <span class='ocrx_word' id='word_1_71' title='bbox 781 1156 858 1188; x_wconf 82' lang='lat' dir='ltr'>‘De</span> <span class='ocrx_word' id='word_1_72' title='bbox 875 1160 986 1188; x_wconf 84' lang='lat' dir='ltr'>metro</span> <span class='ocrx_word' id='word_1_73' title='bbox 1000 1156 1098 1198; x_wconf 74' lang='lat' dir='ltr'>hujfls</span> <span class='ocrx_word' id='word_1_74' title='bbox 1120 1156 1286 1188; x_wconf 76' lang='lat' dir='ltr'>Carminis</span> <span class='ocrx_word' id='word_1_75' title='bbox 1300 1156 1403 1197; x_wconf 86' lang='lat' dir='ltr'>plane</span> <span class='ocrx_word' id='word_1_76' title='bbox 1427 1155 1601 1197; x_wconf 73' lang='lat' dir='ltr'>singulari,</span> <span class='ocrx_word' id='word_1_77' title='bbox 1614 1154 1752 1189; x_wconf 83' lang='lat' dir='ltr'>diversa</span> 
     </span>
     <span class='ocr_line' id='line_1_12' title="bbox 299 1197 1752 1240; baseline 0.001 -11"><span class='ocrx_word' id='word_1_78' title='bbox 299 1197 374 1238; x_wconf 80' lang='lat' dir='ltr'>ejus</span> <span class='ocrx_word' id='word_1_79' title='bbox 390 1198 425 1229; x_wconf 89' lang='lat' dir='ltr'>in</span> <span class='ocrx_word' id='word_1_80' title='bbox 441 1198 542 1230; x_wconf 86' lang='lat' dir='ltr'><strong>codd.</strong></span> <span class='ocrx_word' id='word_1_81' title='bbox 558 1209 599 1230; x_wconf 89' lang='lat' dir='ltr'>ac</span> <span class='ocrx_word' id='word_1_82' title='bbox 613 1198 690 1230; x_wconf 83' lang='lat' dir='ltr'>edd.</span> <span class='ocrx_word' id='word_1_83' title='bbox 706 1199 833 1239; x_wconf 86' lang='lat' dir='ltr'>specie,</span> <span class='ocrx_word' id='word_1_84' title='bbox 847 1200 1076 1240; x_wconf 86' lang='lat' dir='ltr'>Virorumque</span> <span class='ocrx_word' id='word_1_85' title='bbox 1094 1200 1283 1231; x_wconf 80' lang='lat' dir='ltr'><strong>Doctorum</strong></span> <span class='ocrx_word' id='word_1_86' title='bbox 1304 1208 1407 1240; x_wconf 83' lang='lat' dir='ltr'>super</span> <span class='ocrx_word' id='word_1_87' title='bbox 1427 1208 1468 1230; x_wconf 86' lang='lat' dir='ltr'>eo</span> <span class='ocrx_word' id='word_1_88' title='bbox 1489 1198 1752 1239; x_wconf 81' lang='lat' dir='ltr'>discrepationi-</span> 
     </span>
     <span class='ocr_line' id='line_1_13' title="bbox 299 1239 1750 1279; baseline 0.001 -8"><span class='ocrx_word' id='word_1_89' title='bbox 299 1239 376 1279; x_wconf 84' lang='lat' dir='ltr'>bus,</span> <span class='ocrx_word' id='word_1_90' title='bbox 389 1240 536 1272; x_wconf 76' lang='lat' dir='ltr'>diximus</span> <span class='ocrx_word' id='word_1_91' title='bbox 561 1241 596 1273; x_wconf 93' lang='lat' dir='ltr'>in</span> <span class='ocrx_word' id='word_1_92' title='bbox 620 1242 776 1273; x_wconf 78' lang='lat' dir='ltr'>Excursu</span> <span class='ocrx_word' id='word_1_93' title='bbox 792 1251 816 1274; x_wconf 87' lang='lat'>1.</span> <span class='ocrx_word' id='word_1_94' title='bbox 819 1241 940 1273; x_wconf 58' lang='lat' dir='ltr'>&#39;Jannz</span> <span class='ocrx_word' id='word_1_95' title='bbox 943 1243 1004 1272; x_wconf 92' lang='lat'>—1</span> <span class='ocrx_word' id='word_1_96' title='bbox 1030 1242 1108 1273; x_wconf 82' lang='lat' dir='ltr'>Vox</span> <span class='ocrx_word' id='word_1_97' title='bbox 1121 1244 1169 1273; x_wconf 79' lang='lat' dir='ltr'>est</span> <span class='ocrx_word' id='word_1_98' title='bbox 1181 1241 1280 1273; x_wconf 88' lang='lat' dir='ltr'>abest</span> <span class='ocrx_word' id='word_1_99' title='bbox 1294 1241 1338 1273; x_wconf 86' lang='lat' dir='ltr'>ab</span> <span class='ocrx_word' id='word_1_100' title='bbox 1355 1241 1549 1273; x_wconf 84' lang='lat' dir='ltr'>Helmstad.</span> <span class='ocrx_word' id='word_1_101' title='bbox 1569 1250 1629 1272; x_wconf 75' lang='lat' dir='ltr'>nec</span> <span class='ocrx_word' id='word_1_102' title='bbox 1641 1240 1750 1272; x_wconf 72' lang='lat' dir='ltr'>Amori</span> 
     </span>
     <span class='ocr_line' id='line_1_14' title="bbox 298 1280 1751 1326; baseline 0.001 -13"><span class='ocrx_word' id='word_1_103' title='bbox 298 1280 618 1316; x_wconf 77' lang='lat' dir='ltr'>PulmanniHuun.</span> <span class='ocrx_word' id='word_1_104' title='bbox 634 1288 670 1316; x_wconf 88' lang='lat' dir='ltr'>et</span> <span class='ocrx_word' id='word_1_105' title='bbox 682 1284 811 1316; x_wconf 81' lang='lat' dir='ltr'>Beue-‚r</span> <span class='ocrx_word' id='word_1_106' title='bbox 826 1283 1189 1326; x_wconf 73' lang='lat' dir='ltr'>Lips.3.He1mstad</span> <span class='ocrx_word' id='word_1_107' title='bbox 1200 1294 1277 1316; x_wconf 86' lang='lat' dir='ltr'>cum</span> <span class='ocrx_word' id='word_1_108' title='bbox 1303 1283 1384 1316; x_wconf 85' lang='lat' dir='ltr'>edd.</span> <span class='ocrx_word' id='word_1_109' title='bbox 1405 1283 1524 1317; x_wconf 81' lang='lat' dir='ltr'>Beati.</span> <span class='ocrx_word' id='word_1_110' title='bbox 1545 1288 1582 1315; x_wconf 87' lang='lat' dir='ltr'>et</span> <span class='ocrx_word' id='word_1_111' title='bbox 1601 1282 1751 1316; x_wconf 70' lang='lat' dir='ltr'>Ridet.—</span> 
     </span>
    </p>
   </div>
   <div class='ocr_carea' id='block_1_9' title="bbox 956 1378 1098 1411">
    <p class='ocr_par' dir='ltr' id='par_1_9' title="bbox 956 1378 1098 1411">
     <span class='ocr_line' id='line_1_15' title="bbox 956 1378 1098 1411; baseline -0.007 0"><span class='ocrx_word' id='word_1_112' title='bbox 956 1379 988 1411; x_wconf 78' lang='lat' dir='ltr'>N</span> <span class='ocrx_word' id='word_1_113' title='bbox 994 1378 1098 1411; x_wconf 72' lang='lat' dir='ltr'><strong>01·AE</strong></span> 
     </span>
    </p>
   </div>
   <div class='ocr_carea' id='block_1_10' title="bbox 292 1439 998 2821">
    <p class='ocr_par' dir='ltr' id='par_1_10' title="bbox 294 1439 998 1826">
     <span class='ocr_line' id='line_1_16' title="bbox 340 1439 998 1480; baseline 0 -9"><span class='ocrx_word' id='word_1_114' title='bbox 340 1439 428 1471; x_wconf 83' lang='lat' dir='ltr'>Haec</span> <span class='ocrx_word' id='word_1_115' title='bbox 466 1439 544 1472; x_wconf 87' lang='lat' dir='ltr'>Ode</span> <span class='ocrx_word' id='word_1_116' title='bbox 578 1440 721 1472; x_wconf 79' lang='lat' dir='ltr'>Dicoios</span> <span class='ocrx_word' id='word_1_117' title='bbox 756 1441 973 1480; x_wconf 79' lang='lat' dir='ltr'>&#39;Pristrophos</span> <span class='ocrx_word' id='word_1_118' title='bbox 986 1450 998 1471; x_wconf 77' lang='grc' dir='ltr'><strong><em>ε</em></strong></span> 
     </span>
     <span class='ocr_line' id='line_1_17' title="bbox 295 1488 996 1531; baseline 0 -11"><span class='ocrx_word' id='word_1_119' title='bbox 295 1488 450 1521; x_wconf 76' lang='lat' dir='ltr'>Mettum</span> <span class='ocrx_word' id='word_1_120' title='bbox 479 1490 664 1531; x_wconf 83' lang='lat' dir='ltr'>singulare.</span> <span class='ocrx_word' id='word_1_121' title='bbox 707 1490 908 1522; x_wconf 80' lang='lat' dir='ltr'>Sotadicum</span> <span class='ocrx_word' id='word_1_122' title='bbox 939 1498 996 1520; x_wconf 85' lang='lat' dir='ltr'>vo-</span> 
     </span>
     <span class='ocr_line' id='line_1_18' title="bbox 295 1538 997 1581; baseline 0.001 -11"><span class='ocrx_word' id='word_1_123' title='bbox 295 1543 379 1571; x_wconf 85' lang='lat' dir='ltr'>cant</span> <span class='ocrx_word' id='word_1_124' title='bbox 407 1539 524 1581; x_wconf 79' lang='lat' dir='ltr'>aliqui,</span> <span class='ocrx_word' id='word_1_125' title='bbox 560 1540 650 1581; x_wconf 86' lang='lat' dir='ltr'>quod</span> <span class='ocrx_word' id='word_1_126' title='bbox 688 1550 782 1581; x_wconf 76' lang='lat' dir='ltr'>aaepe</span> <span class='ocrx_word' id='word_1_127' title='bbox 812 1549 834 1571; x_wconf 89' lang='lat' dir='ltr'>a</span> <span class='ocrx_word' id='word_1_128' title='bbox 868 1538 997 1571; x_wconf 85' lang='lat' dir='ltr'>Sotade</span> 
     </span>
     <span class='ocr_line' id='line_1_19' title="bbox 296 1588 996 1630; baseline 0.003 -12"><span class='ocrx_word' id='word_1_129' title='bbox 296 1592 513 1629; x_wconf 74' lang='lat' dir='ltr'>usirrpatum.</span> <span class='ocrx_word' id='word_1_130' title='bbox 557 1588 623 1620; x_wconf 85' lang='lat' dir='ltr'>Alii</span> <span class='ocrx_word' id='word_1_131' title='bbox 638 1589 890 1630; x_wconf 83' lang='lat' dir='ltr'>Rhythmicum‚</span> <span class='ocrx_word' id='word_1_132' title='bbox 906 1588 996 1630; x_wconf 88' lang='lat' dir='ltr'>quod</span> 
     </span>
     <span class='ocr_line' id='line_1_20' title="bbox 294 1635 998 1678; baseline 0.001 -11"><span class='ocrx_word' id='word_1_133' title='bbox 294 1635 370 1668; x_wconf 70' lang='lat' dir='ltr'>fere</span> <span class='ocrx_word' id='word_1_134' title='bbox 382 1637 493 1668; x_wconf 84' lang='lat' dir='ltr'>nullus</span> <span class='ocrx_word' id='word_1_135' title='bbox 508 1637 632 1678; x_wconf 86' lang='lat' dir='ltr'>pedum</span> <span class='ocrx_word' id='word_1_136' title='bbox 643 1647 803 1669; x_wconf 87' lang='lat' dir='ltr'>numerus</span> <span class='ocrx_word' id='word_1_137' title='bbox 813 1638 903 1670; x_wconf 79' lang='lat' dir='ltr'>insit.</span> <span class='ocrx_word' id='word_1_138' title='bbox 921 1637 998 1669; x_wconf 85' lang='lat' dir='ltr'>Pri-</span> 
     </span>
     <span class='ocr_line' id='line_1_21' title="bbox 296 1686 996 1728; baseline 0.001 -11"><span class='ocrx_word' id='word_1_139' title='bbox 296 1686 342 1717; x_wconf 89' lang='lat' dir='ltr'>mi</span> <span class='ocrx_word' id='word_1_140' title='bbox 372 1687 498 1728; x_wconf 86' lang='lat' dir='ltr'>quique</span> <span class='ocrx_word' id='word_1_141' title='bbox 530 1686 598 1719; x_wconf 86' lang='lat' dir='ltr'>duo</span> <span class='ocrx_word' id='word_1_142' title='bbox 632 1697 750 1718; x_wconf 84' lang='lat' dir='ltr'>versus</span> <span class='ocrx_word' id='word_1_143' title='bbox 780 1687 888 1718; x_wconf 86' lang='lat' dir='ltr'>tribus</span> <span class='ocrx_word' id='word_1_144' title='bbox 917 1696 996 1719; x_wconf 89' lang='lat' dir='ltr'>con-</span> 
     </span>
     <span class='ocr_line' id='line_1_22' title="bbox 294 1735 998 1777; baseline 0.003 -11"><span class='ocrx_word' id='word_1_145' title='bbox 294 1740 389 1767; x_wconf 81' lang='lat' dir='ltr'>stant</span> <span class='ocrx_word' id='word_1_146' title='bbox 412 1735 539 1767; x_wconf 82' lang='lat' dir='ltr'>Ionicis</span> <span class='ocrx_word' id='word_1_147' title='bbox 561 1746 582 1768; x_wconf 90' lang='lat' dir='ltr'>a</span> <span class='ocrx_word' id='word_1_148' title='bbox 605 1736 746 1777; x_wconf 85' lang='lat' dir='ltr'>minore,</span> <span class='ocrx_word' id='word_1_149' title='bbox 768 1736 893 1768; x_wconf 81' lang='lat' dir='ltr'>tertius</span> <span class='ocrx_word' id='word_1_150' title='bbox 917 1746 998 1769; x_wconf 87' lang='lat' dir='ltr'>vero</span> 
     </span>
     <span class='ocr_line' id='line_1_23' title="bbox 294 1787 691 1826; baseline 0.005 -10"><span class='ocrx_word' id='word_1_151' title='bbox 294 1790 464 1826; x_wconf 80' lang='lat' dir='ltr'>quatuor:</span> <span class='ocrx_word' id='word_1_152' title='bbox 487 1787 553 1818; x_wconf 86' lang='lat' dir='ltr'>hoc</span> <span class='ocrx_word' id='word_1_153' title='bbox 569 1787 691 1818; x_wconf 88' lang='lat' dir='ltr'>modo:</span> 
     </span>
    </p>

    <p class='ocr_par' dir='ltr' id='par_1_11' title="bbox 294 1830 997 1879">
     <span class='ocr_line' id='line_1_24' title="bbox 294 1830 997 1879; baseline 0.001 -13"><span class='ocrx_word' id='word_1_154' title='bbox 294 1834 499 1867; x_wconf 61' lang='lat' dir='ltr'>Miserarum</span> <span class='ocrx_word' id='word_1_155' title='bbox 534 1838 587 1868; x_wconf 73' lang='lat' dir='ltr'>est</span> <span class='ocrx_word' id='word_1_156' title='bbox 606 1835 612 1877; x_wconf 75' lang='grc' dir='ltr'>ι’</span> <span class='ocrx_word' id='word_1_157' title='bbox 632 1836 741 1878; x_wconf 67' lang='lat' dir='ltr'>neque</span> <span class='ocrx_word' id='word_1_158' title='bbox 767 1830 873 1868; x_wconf 63' lang='lat' dir='ltr'>aitiori</span> <span class='ocrx_word' id='word_1_159' title='bbox 890 1835 897 1879; x_wconf 84' lang='grc' dir='ltr'>Ι</span> <span class='ocrx_word' id='word_1_160' title='bbox 916 1835 997 1868; x_wconf 64' lang='lat' dir='ltr'>dare</span> 
     </span>
    </p>

    <p class='ocr_par' dir='ltr' id='par_1_12' title="bbox 589 1887 703 1919">
     <span class='ocr_line' id='line_1_25' title="bbox 589 1887 703 1919; baseline 0.018 -2"><span class='ocrx_word' id='word_1_161' title='bbox 589 1887 703 1919; x_wconf 75' lang='lat' dir='ltr'>ludum</span> 
     </span>
    </p>

    <p class='ocr_par' dir='ltr' id='par_1_13' title="bbox 292 1932 996 2223">
     <span class='ocr_line' id='line_1_26' title="bbox 293 1932 996 1977; baseline 0 -10"><span class='ocrx_word' id='word_1_162' title='bbox 293 1932 364 1967; x_wconf 80' lang='lat' dir='ltr'>Alii</span> <span class='ocrx_word' id='word_1_163' title='bbox 380 1935 480 1977; x_wconf 82' lang='lat' dir='ltr'>longe</span> <span class='ocrx_word' id='word_1_164' title='bbox 501 1935 603 1968; x_wconf 86' lang='lat' dir='ltr'>aliter</span> <span class='ocrx_word' id='word_1_165' title='bbox 620 1937 738 1968; x_wconf 81' lang='lat' dir='ltr'>volunt</span> <span class='ocrx_word' id='word_1_166' title='bbox 760 1936 906 1969; x_wconf 87' lang='lat' dir='ltr'>Carmen</span> <span class='ocrx_word' id='word_1_167' title='bbox 921 1945 996 1968; x_wconf 88' lang='lat' dir='ltr'>esse</span> 
     </span>
     <span class='ocr_line' id='line_1_27' title="bbox 293 1983 996 2027; baseline 0.007 -14"><span class='ocrx_word' id='word_1_168' title='bbox 293 1983 458 2016; x_wconf 85' lang='lat' dir='ltr'>Tricolon</span> <span class='ocrx_word' id='word_1_169' title='bbox 472 1986 767 2027; x_wconf 85' lang='lat' dir='ltr'>Tetrastrophou;</span> <span class='ocrx_word' id='word_1_170' title='bbox 787 1991 827 2018; x_wconf 90' lang='lat' dir='ltr'>ut</span> <span class='ocrx_word' id='word_1_171' title='bbox 842 1987 910 2018; x_wconf 85' lang='lat' dir='ltr'>duo</span> <span class='ocrx_word' id='word_1_172' title='bbox 926 1986 996 2027; x_wconf 83' lang='lat' dir='ltr'>pri-</span> 
     </span>
     <span class='ocr_line' id='line_1_28' title="bbox 294 2035 996 2077; baseline 0.009 -16"><span class='ocrx_word' id='word_1_173' title='bbox 294 2040 369 2063; x_wconf 79' lang='lat' dir='ltr'>ores</span> <span class='ocrx_word' id='word_1_174' title='bbox 400 2043 515 2066; x_wconf 83' lang='lat' dir='ltr'>versus</span> <span class='ocrx_word' id='word_1_175' title='bbox 546 2035 614 2067; x_wconf 87' lang='lat' dir='ltr'>sint</span> <span class='ocrx_word' id='word_1_176' title='bbox 648 2036 808 2077; x_wconf 82' lang='lat' dir='ltr'>sapphici</span> <span class='ocrx_word' id='word_1_177' title='bbox 835 2036 996 2067; x_wconf 88' lang='lat' dir='ltr'>Trimetri</span> 
     </span>
     <span class='ocr_line' id='line_1_29' title="bbox 293 2080 996 2123; baseline 0.006 -11"><span class='ocrx_word' id='word_1_178' title='bbox 293 2080 491 2114; x_wconf 84' lang='lat' dir='ltr'>Acatalecti</span> <span class='ocrx_word' id='word_1_179' title='bbox 511 2095 523 2123; x_wconf 88' lang='lat'>;</span> <span class='ocrx_word' id='word_1_180' title='bbox 560 2086 683 2117; x_wconf 86' lang='lat' dir='ltr'>tertius</span> <span class='ocrx_word' id='word_1_181' title='bbox 720 2086 996 2118; x_wconf 82' lang='lat' dir='ltr'>Anacreonticus</span> 
     </span>
     <span class='ocr_line' id='line_1_30' title="bbox 292 2131 995 2177; baseline 0.009 -15"><span class='ocrx_word' id='word_1_182' title='bbox 292 2131 452 2171; x_wconf 84' lang='lat' dir='ltr'>Dimeter</span> <span class='ocrx_word' id='word_1_183' title='bbox 468 2133 720 2174; x_wconf 84' lang='lat' dir='ltr'>Catalecticus;</span> <span class='ocrx_word' id='word_1_184' title='bbox 743 2140 885 2177; x_wconf 85' lang='lat' dir='ltr'>quartus</span> <span class='ocrx_word' id='word_1_185' title='bbox 901 2135 995 2168; x_wconf 84' lang='lat' dir='ltr'>Ado-</span> 
     </span>
     <span class='ocr_line' id='line_1_31' title="bbox 293 2179 738 2223; baseline 0.009 -12"><span class='ocrx_word' id='word_1_186' title='bbox 293 2179 410 2212; x_wconf 80' lang='lat' dir='ltr'>nicus:</span> <span class='ocrx_word' id='word_1_187' title='bbox 431 2181 548 2223; x_wconf 82' lang='lat' dir='ltr'>sicque</span> <span class='ocrx_word' id='word_1_188' title='bbox 562 2183 738 2215; x_wconf 85' lang='lat' dir='ltr'>scribunt:</span> 
     </span>
    </p>

    <p class='ocr_par' dir='ltr' id='par_1_14' title="bbox 293 2229 992 2273">
     <span class='ocr_line' id='line_1_32' title="bbox 293 2229 992 2273; baseline 0.004 -11"><span class='ocrx_word' id='word_1_189' title='bbox 293 2229 504 2263; x_wconf 82' lang='lat' dir='ltr'>Miserarum</span> <span class='ocrx_word' id='word_1_190' title='bbox 523 2236 577 2263; x_wconf 88' lang='lat' dir='ltr'>est</span> <span class='ocrx_word' id='word_1_191' title='bbox 597 2240 707 2273; x_wconf 88' lang='lat' dir='ltr'>neque</span> <span class='ocrx_word' id='word_1_192' title='bbox 724 2233 835 2265; x_wconf 85' lang='lat' dir='ltr'>amori</span> <span class='ocrx_word' id='word_1_193' title='bbox 847 2233 929 2265; x_wconf 82' lang='lat' dir='ltr'>dare</span> <span class='ocrx_word' id='word_1_194' title='bbox 943 2234 992 2264; x_wconf 81' lang='lat' dir='ltr'>ln-</span> 
     </span>
    </p>

    <p class='ocr_par' dir='ltr' id='par_1_15' title="bbox 382 2280 480 2322">
     <span class='ocr_line' id='line_1_33' title="bbox 382 2280 480 2322; baseline 0 -10"><span class='ocrx_word' id='word_1_195' title='bbox 382 2280 480 2322; x_wconf 69' lang='lat' dir='ltr'>dum,</span> 
     </span>
    </p>

    <p class='ocr_par' dir='ltr' id='par_1_16' title="bbox 294 2329 992 2372">
     <span class='ocr_line' id='line_1_34' title="bbox 294 2329 992 2372; baseline 0.001 -10"><span class='ocrx_word' id='word_1_196' title='bbox 294 2329 419 2372; x_wconf 81' lang='lat' dir='ltr'>Neque</span> <span class='ocrx_word' id='word_1_197' title='bbox 434 2330 527 2362; x_wconf 86' lang='lat' dir='ltr'>dulci</span> <span class='ocrx_word' id='word_1_198' title='bbox 539 2331 627 2362; x_wconf 85' lang='lat' dir='ltr'>mala</span> <span class='ocrx_word' id='word_1_199' title='bbox 636 2330 715 2362; x_wconf 85' lang='lat' dir='ltr'>vino</span> <span class='ocrx_word' id='word_1_200' title='bbox 725 2331 858 2372; x_wconf 78' lang='lat' dir='ltr'>lavere,</span> <span class='ocrx_word' id='word_1_201' title='bbox 865 2335 925 2363; x_wconf 90' lang='lat' dir='ltr'>aut</span> <span class='ocrx_word' id='word_1_202' title='bbox 935 2340 992 2363; x_wconf 85' lang='lat' dir='ltr'>ex-</span> 
     </span>
    </p>

    <p class='ocr_par' dir='ltr' id='par_1_17' title="bbox 336 2378 845 2422">
     <span class='ocr_line' id='line_1_35' title="bbox 336 2378 845 2422; baseline 0.002 -11"><span class='ocrx_word' id='word_1_203' title='bbox 336 2378 492 2412; x_wconf 88' lang='lat' dir='ltr'>Animari</span> <span class='ocrx_word' id='word_1_204' title='bbox 506 2384 698 2413; x_wconf 82' lang='lat' dir='ltr'>metuentes</span> <span class='ocrx_word' id='word_1_205' title='bbox 714 2382 845 2422; x_wconf 66' lang='lat' dir='ltr'>patrum</span> 
     </span>
    </p>

    <p class='ocr_par' dir='ltr' id='par_1_18' title="bbox 423 2430 811 2471">
     <span class='ocr_line' id='line_1_36' title="bbox 423 2430 811 2471; baseline -0.005 -9"><span class='ocrx_word' id='word_1_206' title='bbox 423 2430 583 2463; x_wconf 82' lang='lat' dir='ltr'>Verbera</span> <span class='ocrx_word' id='word_1_207' title='bbox 597 2431 735 2471; x_wconf 63' lang='lat' dir='ltr'>hug-uae,</span> <span class='ocrx_word' id='word_1_208' title='bbox 744 2432 811 2461; x_wconf 76' lang='lat' dir='ltr'>&amp;e-</span> 
     </span>
    </p>

    <p class='ocr_par' dir='ltr' id='par_1_19' title="bbox 295 2477 996 2821">
     <span class='ocr_line' id='line_1_37' title="bbox 339 2477 994 2520; baseline -0.003 -8"><span class='ocrx_word' id='word_1_209' title='bbox 339 2483 357 2511; x_wconf 84' lang='lat'>1</span> <span class='ocrx_word' id='word_1_210' title='bbox 385 2480 575 2512; x_wconf 73' lang='lat' dir='ltr'>Miserarum</span> <span class='ocrx_word' id='word_1_211' title='bbox 602 2483 662 2520; x_wconf 75' lang='lat' dir='ltr'>est,</span> <span class='ocrx_word' id='word_1_212' title='bbox 683 2478 752 2520; x_wconf 60' lang='grc' dir='ltr'>εγω]</span> <span class='ocrx_word' id='word_1_213' title='bbox 775 2478 905 2519; x_wconf 78' lang='lat' dir='ltr'>Magna</span> <span class='ocrx_word' id='word_1_214' title='bbox 926 2477 994 2510; x_wconf 67' lang='lat' dir='ltr'>dis-</span> 
     </span>
     <span class='ocr_line' id='line_1_38' title="bbox 295 2529 994 2570; baseline -0.004 -8"><span class='ocrx_word' id='word_1_215' title='bbox 295 2531 406 2562; x_wconf 81' lang='lat' dir='ltr'>sensio</span> <span class='ocrx_word' id='word_1_216' title='bbox 421 2530 465 2562; x_wconf 88' lang='lat' dir='ltr'>de</span> <span class='ocrx_word' id='word_1_217' title='bbox 480 2535 606 2570; x_wconf 88' lang='lat' dir='ltr'>metro,</span> <span class='ocrx_word' id='word_1_218' title='bbox 625 2529 668 2562; x_wconf 90' lang='lat' dir='ltr'>de</span> <span class='ocrx_word' id='word_1_219' title='bbox 691 2530 811 2562; x_wconf 86' lang='lat' dir='ltr'>ordine</span> <span class='ocrx_word' id='word_1_220' title='bbox 826 2537 994 2565; x_wconf 85' lang='lat' dir='ltr'>versuum,</span> 
     </span>
     <span class='ocr_line' id='line_1_39' title="bbox 296 2578 994 2621; baseline -0.004 -10"><span class='ocrx_word' id='word_1_221' title='bbox 296 2579 410 2621; x_wconf 86' lang='lat' dir='ltr'>deque</span> <span class='ocrx_word' id='word_1_222' title='bbox 425 2579 492 2612; x_wconf 88' lang='lat' dir='ltr'>fine</span> <span class='ocrx_word' id='word_1_223' title='bbox 508 2585 543 2611; x_wconf 90' lang='lat' dir='ltr'>et</span> <span class='ocrx_word' id='word_1_224' title='bbox 559 2588 662 2621; x_wconf 84' lang='lat' dir='ltr'>scopo</span> <span class='ocrx_word' id='word_1_225' title='bbox 677 2579 775 2620; x_wconf 85' lang='lat' dir='ltr'>hujus</span> <span class='ocrx_word' id='word_1_226' title='bbox 791 2578 899 2611; x_wconf 78' lang='lat' dir='ltr'>odes.</span> <span class='ocrx_word' id='word_1_227' title='bbox 937 2578 994 2609; x_wconf 88' lang='lat' dir='ltr'>De</span> 
     </span>
     <span class='ocr_line' id='line_1_40' title="bbox 298 2627 996 2667; baseline -0.003 -7"><span class='ocrx_word' id='word_1_228' title='bbox 298 2629 457 2661; x_wconf 89' lang='lat' dir='ltr'>Carmine</span> <span class='ocrx_word' id='word_1_229' title='bbox 473 2629 640 2661; x_wconf 80' lang='lat' dir='ltr'>diximus:</span> <span class='ocrx_word' id='word_1_230' title='bbox 664 2628 707 2659; x_wconf 90' lang='lat' dir='ltr'>de</span> <span class='ocrx_word' id='word_1_231' title='bbox 724 2637 878 2659; x_wconf 77' lang='lat' dir='ltr'>versuum</span> <span class='ocrx_word' id='word_1_232' title='bbox 894 2627 996 2667; x_wconf 86' lang='lat' dir='ltr'>serie,</span> 
     </span>
     <span class='ocr_line' id='line_1_41' title="bbox 298 2677 995 2720; baseline 0 -12"><span class='ocrx_word' id='word_1_233' title='bbox 298 2679 376 2710; x_wconf 88' lang='lat' dir='ltr'>vide</span> <span class='ocrx_word' id='word_1_234' title='bbox 394 2680 476 2711; x_wconf 91' lang='lat' dir='ltr'>Not.</span> <span class='ocrx_word' id='word_1_235' title='bbox 492 2679 535 2711; x_wconf 87' lang='lat' dir='ltr'>ad</span> <span class='ocrx_word' id='word_1_236' title='bbox 549 2689 598 2711; x_wconf 84' lang='lat' dir='ltr'>vs.</span> <span class='ocrx_word' id='word_1_237' title='bbox 614 2681 646 2711; x_wconf 88' lang='grc'>9.</span> <span class='ocrx_word' id='word_1_238' title='bbox 658 2679 803 2720; x_wconf 87' lang='lat' dir='ltr'>denique</span> <span class='ocrx_word' id='word_1_239' title='bbox 817 2678 899 2720; x_wconf 88' lang='lat' dir='ltr'>quid</span> <span class='ocrx_word' id='word_1_240' title='bbox 910 2677 995 2710; x_wconf 76' lang='lat' dir='ltr'>velit</span> 
     </span>
     <span class='ocr_line' id='line_1_42' title="bbox 298 2726 994 2770; baseline -0.003 -10"><span class='ocrx_word' id='word_1_241' title='bbox 298 2728 421 2769; x_wconf 60' lang='lat' dir='ltr'>Poeta,</span> <span class='ocrx_word' id='word_1_242' title='bbox 435 2735 471 2760; x_wconf 86' lang='lat' dir='ltr'>et</span> <span class='ocrx_word' id='word_1_243' title='bbox 488 2740 555 2770; x_wconf 91' lang='lat' dir='ltr'>qua</span> <span class='ocrx_word' id='word_1_244' title='bbox 570 2733 683 2760; x_wconf 88' lang='lat' dir='ltr'>mente</span> <span class='ocrx_word' id='word_1_245' title='bbox 698 2728 837 2768; x_wconf 84' lang='lat' dir='ltr'>scribat,</span> <span class='ocrx_word' id='word_1_246' title='bbox 851 2727 939 2758; x_wconf 84' lang='lat' dir='ltr'>haud</span> <span class='ocrx_word' id='word_1_247' title='bbox 955 2726 994 2758; x_wconf 84' lang='lat' dir='ltr'>li-</span> 
     </span>
     <span class='ocr_line' id='line_1_43' title="bbox 298 2777 994 2821; baseline 0 -12"><span class='ocrx_word' id='word_1_248' title='bbox 298 2783 394 2820; x_wconf 87' lang='lat' dir='ltr'>quet.</span> <span class='ocrx_word' id='word_1_249' title='bbox 438 2779 584 2812; x_wconf 82' lang='lat' dir='ltr'>Quidam</span> <span class='ocrx_word' id='word_1_250' title='bbox 619 2782 743 2821; x_wconf 84' lang='lat' dir='ltr'>putant</span> <span class='ocrx_word' id='word_1_251' title='bbox 777 2777 994 2810; x_wconf 76' lang='lat' dir='ltr'>hortatoriam</span> 
     </span>
    </p>
   </div>
   <div class='ocr_carea' id='block_1_11' title="bbox 1046 1440 1751 2818">
    <p class='ocr_par' dir='ltr' id='par_1_20' title="bbox 1050 1440 1751 1828">
     <span class='ocr_line' id='line_1_44' title="bbox 1051 1440 1750 1484; baseline 0 -12"><span class='ocrx_word' id='word_1_252' title='bbox 1051 1450 1127 1472; x_wconf 87' lang='lat' dir='ltr'>esse</span> <span class='ocrx_word' id='word_1_253' title='bbox 1154 1442 1267 1482; x_wconf 89' lang='lat' dir='ltr'>Oden,</span> <span class='ocrx_word' id='word_1_254' title='bbox 1289 1452 1356 1484; x_wconf 88' lang='lat' dir='ltr'>qua</span> <span class='ocrx_word' id='word_1_255' title='bbox 1380 1442 1560 1474; x_wconf 83' lang='lat' dir='ltr'>Neobuien</span> <span class='ocrx_word' id='word_1_256' title='bbox 1582 1442 1619 1474; x_wconf 88' lang='lat' dir='ltr'>in</span> <span class='ocrx_word' id='word_1_257' title='bbox 1638 1440 1750 1473; x_wconf 85' lang='lat' dir='ltr'>Hebri</span> 
     </span>
     <span class='ocr_line' id='line_1_45' title="bbox 1051 1491 1749 1532; baseline 0.001 -11"><span class='ocrx_word' id='word_1_258' title='bbox 1051 1500 1164 1522; x_wconf 89' lang='lat' dir='ltr'>amore</span> <span class='ocrx_word' id='word_1_259' title='bbox 1180 1491 1360 1523; x_wconf 83' lang='lat' dir='ltr'>confirmet</span> <span class='ocrx_word' id='word_1_260' title='bbox 1379 1491 1542 1523; x_wconf 80' lang='lat' dir='ltr'>adversus</span> <span class='ocrx_word' id='word_1_261' title='bbox 1557 1491 1671 1532; x_wconf 78' lang='lat' dir='ltr'>patrui</span> <span class='ocrx_word' id='word_1_262' title='bbox 1687 1501 1749 1523; x_wconf 81' lang='lat' dir='ltr'>seu</span> 
     </span>
     <span class='ocr_line' id='line_1_46' title="bbox 1050 1539 1751 1581; baseline 0.003 -10"><span class='ocrx_word' id='word_1_263' title='bbox 1050 1539 1236 1580; x_wconf 84' lang='lat' dir='ltr'>cujuslibet</span> <span class='ocrx_word' id='word_1_264' title='bbox 1271 1540 1422 1572; x_wconf 82' lang='lat' dir='ltr'>censoris</span> <span class='ocrx_word' id='word_1_265' title='bbox 1457 1540 1751 1581; x_wconf 76' lang='lat' dir='ltr'>reprehensiones.</span> 
     </span>
     <span class='ocr_line' id='line_1_47' title="bbox 1050 1587 1749 1628; baseline 0.003 -9"><span class='ocrx_word' id='word_1_266' title='bbox 1050 1587 1121 1619; x_wconf 88' lang='lat' dir='ltr'>Alii</span> <span class='ocrx_word' id='word_1_267' title='bbox 1155 1589 1319 1620; x_wconf 85' lang='lat' dir='ltr'>ironicam</span> <span class='ocrx_word' id='word_1_268' title='bbox 1349 1588 1571 1628; x_wconf 79' lang='lat' dir='ltr'>arbitrantur,</span> <span class='ocrx_word' id='word_1_269' title='bbox 1599 1598 1662 1621; x_wconf 85' lang='lat' dir='ltr'>nee</span> <span class='ocrx_word' id='word_1_270' title='bbox 1689 1589 1749 1621; x_wconf 83' lang='lat' dir='ltr'>ab·</span> 
     </span>
     <span class='ocr_line' id='line_1_48' title="bbox 1050 1637 1749 1676; baseline 0.003 -8"><span class='ocrx_word' id='word_1_271' title='bbox 1050 1637 1179 1676; x_wconf 84' lang='lat' dir='ltr'>surde;</span> <span class='ocrx_word' id='word_1_272' title='bbox 1206 1642 1244 1669; x_wconf 90' lang='lat' dir='ltr'>ut</span> <span class='ocrx_word' id='word_1_273' title='bbox 1267 1638 1432 1670; x_wconf 76' lang='lat' dir='ltr'>Horatius</span> <span class='ocrx_word' id='word_1_274' title='bbox 1451 1638 1596 1670; x_wconf 82' lang='lat' dir='ltr'>irrideat</span> <span class='ocrx_word' id='word_1_275' title='bbox 1612 1639 1749 1671; x_wconf 79' lang='lat' dir='ltr'>mulier·</span> 
     </span>
     <span class='ocr_line' id='line_1_49' title="bbox 1050 1686 1750 1729; baseline 0.004 -12"><span class='ocrx_word' id='word_1_276' title='bbox 1050 1687 1161 1718; x_wconf 86' lang='lat' dir='ltr'>culam</span> <span class='ocrx_word' id='word_1_277' title='bbox 1175 1686 1400 1718; x_wconf 76' lang='lat' dir='ltr'>adolescentis</span> <span class='ocrx_word' id='word_1_278' title='bbox 1413 1697 1528 1719; x_wconf 86' lang='lat' dir='ltr'>amore</span> <span class='ocrx_word' id='word_1_279' title='bbox 1543 1689 1750 1729; x_wconf 79' lang='lat' dir='ltr'>perculsam,</span> 
     </span>
     <span class='ocr_line' id='line_1_50' title="bbox 1050 1736 1747 1781; baseline 0.003 -13"><span class='ocrx_word' id='word_1_280' title='bbox 1050 1746 1137 1778; x_wconf 87' lang='lat' dir='ltr'>opus</span> <span class='ocrx_word' id='word_1_281' title='bbox 1167 1736 1325 1768; x_wconf 90' lang='lat' dir='ltr'>diurnum</span> <span class='ocrx_word' id='word_1_282' title='bbox 1355 1736 1585 1774; x_wconf 82' lang='lat' dir='ltr'>deserentem.</span> <span class='ocrx_word' id='word_1_283' title='bbox 1606 1747 1647 1770; x_wconf 82' lang='lat' dir='ltr'>ac</span> <span class='ocrx_word' id='word_1_284' title='bbox 1676 1748 1747 1781; x_wconf 63' lang='grc' dir='ltr'>με</span> 
     </span>
     <span class='ocr_line' id='line_1_51' title="bbox 1050 1785 1691 1828; baseline 0.003 -10"><span class='ocrx_word' id='word_1_285' title='bbox 1050 1787 1152 1818; x_wconf 89' lang='lat' dir='ltr'>animi</span> <span class='ocrx_word' id='word_1_286' title='bbox 1167 1787 1371 1828; x_wconf 83' lang='lat' dir='ltr'>impotentia</span> <span class='ocrx_word' id='word_1_287' title='bbox 1385 1785 1551 1819; x_wconf 79' lang='lat' dir='ltr'>desidem.</span> <span class='ocrx_word' id='word_1_288' title='bbox 1687 1813 1691 1820; x_wconf 94' lang='lat'>.</span> 
     </span>
    </p>

    <p class='ocr_par' dir='ltr' id='par_1_21' title="bbox 1046 1836 1751 2324">
     <span class='ocr_line' id='line_1_52' title="bbox 1093 1836 1749 1878; baseline -0.002 -9"><span class='ocrx_word' id='word_1_289' title='bbox 1093 1838 1284 1870; x_wconf 77' lang='lat' dir='ltr'>Miserarum</span> <span class='ocrx_word' id='word_1_290' title='bbox 1301 1841 1348 1869; x_wconf 83' lang='lat' dir='ltr'>est</span> <span class='ocrx_word' id='word_1_291' title='bbox 1365 1847 1460 1878; x_wconf 74' lang='lat' dir='ltr'>neque</span> <span class='ocrx_word' id='word_1_292' title='bbox 1473 1836 1586 1870; x_wconf 75' lang='lat' dir='ltr'>Amori</span> <span class='ocrx_word' id='word_1_293' title='bbox 1604 1837 1679 1868; x_wconf 77' lang='lat' dir='ltr'>dare</span> <span class='ocrx_word' id='word_1_294' title='bbox 1701 1837 1749 1868; x_wconf 76' lang='lat' dir='ltr'>la·</span> 
     </span>
     <span class='ocr_line' id='line_1_53' title="bbox 1048 1887 1748 1928; baseline -0.001 -9"><span class='ocrx_word' id='word_1_295' title='bbox 1048 1889 1133 1927; x_wconf 74' lang='lat' dir='ltr'>dum,</span> <span class='ocrx_word' id='word_1_296' title='bbox 1147 1888 1216 1928; x_wconf 61' lang='lat' dir='ltr'>afa]</span> <span class='ocrx_word' id='word_1_297' title='bbox 1248 1887 1337 1920; x_wconf 87' lang='lat' dir='ltr'>Sane</span> <span class='ocrx_word' id='word_1_298' title='bbox 1350 1887 1467 1928; x_wconf 84' lang='lat' dir='ltr'>puella</span> <span class='ocrx_word' id='word_1_299' title='bbox 1488 1891 1525 1919; x_wconf 89' lang='lat' dir='ltr'>et</span> <span class='ocrx_word' id='word_1_300' title='bbox 1540 1887 1664 1919; x_wconf 87' lang='lat' dir='ltr'>mulier</span> <span class='ocrx_word' id='word_1_301' title='bbox 1678 1896 1748 1918; x_wconf 89' lang='lat' dir='ltr'>om·</span> 
     </span>
     <span class='ocr_line' id='line_1_54' title="bbox 1049 1936 1748 1977; baseline 0 -9"><span class='ocrx_word' id='word_1_302' title='bbox 1049 1937 1102 1968; x_wconf 88' lang='lat' dir='ltr'>nis</span> <span class='ocrx_word' id='word_1_303' title='bbox 1133 1937 1255 1968; x_wconf 85' lang='lat' dir='ltr'>misera</span> <span class='ocrx_word' id='word_1_304' title='bbox 1282 1941 1348 1975; x_wconf 82' lang='lat' dir='ltr'>est,</span> <span class='ocrx_word' id='word_1_305' title='bbox 1376 1946 1455 1977; x_wconf 79' lang='lat' dir='ltr'>quae</span> <span class='ocrx_word' id='word_1_306' title='bbox 1484 1936 1611 1968; x_wconf 79' lang='lat' dir='ltr'>nullam</span> <span class='ocrx_word' id='word_1_307' title='bbox 1635 1936 1748 1977; x_wconf 83' lang='lat' dir='ltr'>carpit</span> 
     </span>
     <span class='ocr_line' id='line_1_55' title="bbox 1048 1986 1750 2027; baseline -0.001 -9"><span class='ocrx_word' id='word_1_308' title='bbox 1048 1987 1255 2019; x_wconf 80' lang='lat' dir='ltr'>hilaritatem</span> <span class='ocrx_word' id='word_1_309' title='bbox 1268 1991 1304 2018; x_wconf 87' lang='lat' dir='ltr'>et</span> <span class='ocrx_word' id='word_1_310' title='bbox 1313 1986 1488 2027; x_wconf 84' lang='lat' dir='ltr'>gaudium,</span> <span class='ocrx_word' id='word_1_311' title='bbox 1497 1986 1608 2018; x_wconf 82' lang='lat' dir='ltr'>velex</span> <span class='ocrx_word' id='word_1_312' title='bbox 1621 1995 1750 2023; x_wconf 81' lang='lat' dir='ltr'>amore,</span> 
     </span>
     <span class='ocr_line' id='line_1_56' title="bbox 1049 2035 1749 2078; baseline -0.001 -10"><span class='ocrx_word' id='word_1_313' title='bbox 1049 2037 1104 2068; x_wconf 89' lang='lat' dir='ltr'>vel</span> <span class='ocrx_word' id='word_1_314' title='bbox 1119 2046 1141 2068; x_wconf 84' lang='lat' dir='ltr'>e</span> <span class='ocrx_word' id='word_1_315' title='bbox 1154 2037 1233 2068; x_wconf 84' lang='lat' dir='ltr'>vino</span> <span class='ocrx_word' id='word_1_316' title='bbox 1245 2046 1255 2075; x_wconf 85' lang='lat'><strong>;</strong></span> <span class='ocrx_word' id='word_1_317' title='bbox 1277 2045 1420 2078; x_wconf 84' lang='lat' dir='ltr'>quaeque</span> <span class='ocrx_word' id='word_1_318' title='bbox 1432 2036 1482 2068; x_wconf 82' lang='lat' dir='ltr'>ita</span> <span class='ocrx_word' id='word_1_319' title='bbox 1492 2035 1614 2069; x_wconf 85' lang='lat' dir='ltr'>metuit</span> <span class='ocrx_word' id='word_1_320' title='bbox 1629 2044 1749 2077; x_wconf 83' lang='lat' dir='ltr'>repre-</span> 
     </span>
     <span class='ocr_line' id='line_1_57' title="bbox 1049 2085 1751 2126; baseline -0.003 -8"><span class='ocrx_word' id='word_1_321' title='bbox 1049 2086 1227 2118; x_wconf 85' lang='lat' dir='ltr'>hensiones</span> <span class='ocrx_word' id='word_1_322' title='bbox 1241 2090 1279 2117; x_wconf 85' lang='lat' dir='ltr'>et</span> <span class='ocrx_word' id='word_1_323' title='bbox 1297 2085 1539 2126; x_wconf 82' lang='lat' dir='ltr'>castigationes</span> <span class='ocrx_word' id='word_1_324' title='bbox 1563 2085 1751 2122; x_wconf 78' lang='lat' dir='ltr'>hominum,</span> 
     </span>
     <span class='ocr_line' id='line_1_58' title="bbox 1047 2134 1747 2176; baseline -0.001 -9"><span class='ocrx_word' id='word_1_325' title='bbox 1047 2140 1085 2167; x_wconf 85' lang='lat' dir='ltr'>nt</span> <span class='ocrx_word' id='word_1_326' title='bbox 1113 2135 1196 2167; x_wconf 80' lang='lat' dir='ltr'>nihil</span> <span class='ocrx_word' id='word_1_327' title='bbox 1229 2134 1330 2176; x_wconf 82' lang='lat' dir='ltr'>genio</span> <span class='ocrx_word' id='word_1_328' title='bbox 1359 2134 1538 2176; x_wconf 81' lang='lat' dir='ltr'>quicquam</span> <span class='ocrx_word' id='word_1_329' title='bbox 1569 2134 1747 2176; x_wconf 78' lang='lat' dir='ltr'>indulgere</span> 
     </span>
     <span class='ocr_line' id='line_1_59' title="bbox 1046 2183 1748 2225; baseline -0.003 -9"><span class='ocrx_word' id='word_1_330' title='bbox 1046 2184 1148 2217; x_wconf 84' lang='lat' dir='ltr'>ausit.</span> <span class='ocrx_word' id='word_1_331' title='bbox 1180 2183 1327 2216; x_wconf 86' lang='lat' dir='ltr'>Pessimi</span> <span class='ocrx_word' id='word_1_332' title='bbox 1342 2183 1501 2225; x_wconf 75' lang='lat' dir='ltr'>profecto</span> <span class='ocrx_word' id='word_1_333' title='bbox 1515 2183 1665 2225; x_wconf 82' lang='lat' dir='ltr'>exempli</span> <span class='ocrx_word' id='word_1_334' title='bbox 1678 2192 1748 2215; x_wconf 88' lang='lat' dir='ltr'>mo-</span> 
     </span>
     <span class='ocr_line' id='line_1_60' title="bbox 1047 2233 1748 2271; baseline -0.004 -4"><span class='ocrx_word' id='word_1_335' title='bbox 1047 2236 1168 2271; x_wconf 88' lang='lat' dir='ltr'>nitum,</span> <span class='ocrx_word' id='word_1_336' title='bbox 1184 2234 1251 2266; x_wconf 87' lang='lat' dir='ltr'>nisi</span> <span class='ocrx_word' id='word_1_337' title='bbox 1263 2234 1423 2266; x_wconf 81' lang='lat' dir='ltr'>sareasmi</span> <span class='ocrx_word' id='word_1_338' title='bbox 1435 2234 1505 2266; x_wconf 86' lang='lat' dir='ltr'>sale</span> <span class='ocrx_word' id='word_1_339' title='bbox 1517 2233 1697 2267; x_wconf 82' lang='lat' dir='ltr'>condiatur</span> <span class='ocrx_word' id='word_1_340' title='bbox 1711 2236 1748 2264; x_wconf 73' lang='lat' dir='ltr'>et</span> 
     </span>
     <span class='ocr_line' id='line_1_61' title="bbox 1047 2283 1496 2324; baseline 0 -9"><span class='ocrx_word' id='word_1_341' title='bbox 1047 2285 1251 2324; x_wconf 80' lang='lat' dir='ltr'>corrigatur,</span> <span class='ocrx_word' id='word_1_342' title='bbox 1265 2289 1304 2315; x_wconf 89' lang='lat' dir='ltr'>ut</span> <span class='ocrx_word' id='word_1_343' title='bbox 1319 2287 1398 2315; x_wconf 82' lang='lat' dir='ltr'>ante</span> <span class='ocrx_word' id='word_1_344' title='bbox 1413 2283 1496 2316; x_wconf 85' lang='lat' dir='ltr'>dixi.</span> 
     </span>
    </p>

    <p class='ocr_par' dir='ltr' id='par_1_22' title="bbox 1046 2329 1745 2818">
     <span class='ocr_line' id='line_1_62' title="bbox 1091 2329 1745 2373; baseline -0.003 -11"><span class='ocrx_word' id='word_1_345' title='bbox 1091 2331 1204 2362; x_wconf 79' lang='lat' dir='ltr'>Amori</span> <span class='ocrx_word' id='word_1_346' title='bbox 1215 2333 1292 2362; x_wconf 77' lang='lat' dir='ltr'>dare</span> <span class='ocrx_word' id='word_1_347' title='bbox 1305 2333 1431 2373; x_wconf 76' lang='lat' dir='ltr'>ludum}</span> <span class='ocrx_word' id='word_1_348' title='bbox 1458 2332 1515 2363; x_wconf 89' lang='lat' dir='ltr'>Ita</span> <span class='ocrx_word' id='word_1_349' title='bbox 1527 2331 1642 2362; x_wconf 83' lang='lat' dir='ltr'>Plant.</span> <span class='ocrx_word' id='word_1_350' title='bbox 1657 2329 1745 2361; x_wconf 84' lang='lat' dir='ltr'>Bae-</span> 
     </span>
     <span class='ocr_line' id='line_1_63' title="bbox 1048 2377 1745 2420; baseline -0.003 -9"><span class='ocrx_word' id='word_1_351' title='bbox 1048 2378 1139 2411; x_wconf 71' lang='lat' dir='ltr'>ehid.</span> <span class='ocrx_word' id='word_1_352' title='bbox 1152 2388 1204 2410; x_wconf 82' lang='grc' dir='ltr'>ιν.</span> <span class='ocrx_word' id='word_1_353' title='bbox 1219 2382 1270 2410; x_wconf 89' lang='grc'>10.</span> <span class='ocrx_word' id='word_1_354' title='bbox 1290 2382 1323 2410; x_wconf 76' lang='lat'>¹1.</span> <span class='ocrx_word' id='word_1_355' title='bbox 1348 2381 1358 2397; x_wconf 90' lang='lat'>‘</span> <span class='ocrx_word' id='word_1_356' title='bbox 1371 2381 1446 2420; x_wconf 86' lang='lat' dir='ltr'>Ego</span> <span class='ocrx_word' id='word_1_357' title='bbox 1460 2378 1544 2411; x_wconf 87' lang='lat' dir='ltr'>dare</span> <span class='ocrx_word' id='word_1_358' title='bbox 1558 2377 1745 2411; x_wconf 80' lang='lat' dir='ltr'>melodum</span> 
     </span>
     <span class='ocr_line' id='line_1_64' title="bbox 1048 2426 1744 2464; baseline -0.001 -4"><span class='ocrx_word' id='word_1_359' title='bbox 1048 2437 1125 2460; x_wconf 86' lang='lat' dir='ltr'>meo</span> <span class='ocrx_word' id='word_1_360' title='bbox 1148 2431 1230 2459; x_wconf 87' lang='lat' dir='ltr'>nato</span> <span class='ocrx_word' id='word_1_361' title='bbox 1261 2428 1404 2464; x_wconf 83' lang='lat' dir='ltr'>institui.</span> <span class='ocrx_word' id='word_1_362' title='bbox 1434 2431 1473 2459; x_wconf 88' lang='lat' dir='ltr'>ut</span> <span class='ocrx_word' id='word_1_363' title='bbox 1503 2428 1617 2459; x_wconf 87' lang='lat' dir='ltr'>animo</span> <span class='ocrx_word' id='word_1_364' title='bbox 1645 2426 1744 2459; x_wconf 84' lang='lat' dir='ltr'>obse-</span> 
     </span>
     <span class='ocr_line' id='line_1_65' title="bbox 1047 2476 1745 2520; baseline -0.004 -10"><span class='ocrx_word' id='word_1_365' title='bbox 1047 2478 1161 2520; x_wconf 80' lang='lat' dir='ltr'>quium</span> <span class='ocrx_word' id='word_1_366' title='bbox 1183 2478 1326 2510; x_wconf 84' lang='lat' dir='ltr'>Sumere</span> <span class='ocrx_word' id='word_1_367' title='bbox 1346 2476 1465 2518; x_wconf 79' lang='lat' dir='ltr'>possit.</span> <span class='ocrx_word' id='word_1_368' title='bbox 1507 2477 1654 2518; x_wconf 82' lang='lat' dir='ltr'>AEqunm</span> <span class='ocrx_word' id='word_1_369' title='bbox 1669 2485 1745 2508; x_wconf 81' lang='lat' dir='ltr'>esse</span> 
     </span>
     <span class='ocr_line' id='line_1_66' title="bbox 1047 2525 1743 2569; baseline -0.004 -10"><span class='ocrx_word' id='word_1_370' title='bbox 1047 2531 1154 2569; x_wconf 83' lang='lat' dir='ltr'>puto:</span> <span class='ocrx_word' id='word_1_371' title='bbox 1170 2527 1229 2558; x_wconf 84' lang='lat' dir='ltr'>sed</span> <span class='ocrx_word' id='word_1_372' title='bbox 1243 2526 1341 2558; x_wconf 88' lang='lat' dir='ltr'>nimis</span> <span class='ocrx_word' id='word_1_373' title='bbox 1356 2526 1435 2558; x_wconf 89' lang='lat' dir='ltr'>nolo</span> <span class='ocrx_word' id='word_1_374' title='bbox 1447 2525 1588 2557; x_wconf 70' lang='lat' dir='ltr'>desidiae</span> <span class='ocrx_word' id='word_1_375' title='bbox 1602 2525 1644 2558; x_wconf 73' lang='lat' dir='ltr'>Ei</span> <span class='ocrx_word' id='word_1_376' title='bbox 1659 2525 1743 2557; x_wconf 84' lang='lat' dir='ltr'>dare</span> 
     </span>
     <span class='ocr_line' id='line_1_67' title="bbox 1047 2574 1743 2616; baseline -0.004 -8"><span class='ocrx_word' id='word_1_377' title='bbox 1047 2575 1188 2608; x_wconf 63' lang='lat' dir='ltr'>ludum?</span> <span class='ocrx_word' id='word_1_378' title='bbox 1222 2575 1447 2616; x_wconf 76' lang='lat' dir='ltr'>Theophrast.</span> <span class='ocrx_word' id='word_1_379' title='bbox 1464 2575 1554 2616; x_wconf 76' lang='lat' dir='ltr'>apud</span> <span class='ocrx_word' id='word_1_380' title='bbox 1573 2574 1701 2606; x_wconf 85' lang='lat' dir='ltr'>Athen.</span> <span class='ocrx_word' id='word_1_381' title='bbox 1717 2583 1743 2606; x_wconf 84' lang='grc' dir='ltr'>ι.</span> 
     </span>
     <span class='ocr_line' id='line_1_68' title="bbox 1047 2624 1743 2668; baseline -0.007 -8"><span class='ocrx_word' id='word_1_382' title='bbox 1047 2631 1101 2660; x_wconf 80' lang='grc'>13.</span> <span class='ocrx_word' id='word_1_383' title='bbox 1123 2628 1134 2646; x_wconf 90' lang='lat'>‘</span> <span class='ocrx_word' id='word_1_384' title='bbox 1145 2627 1228 2661; x_wconf 77' lang='lat' dir='ltr'>Quia</span> <span class='ocrx_word' id='word_1_385' title='bbox 1255 2625 1398 2668; x_wconf 85' lang='lat' dir='ltr'>negabit</span> <span class='ocrx_word' id='word_1_386' title='bbox 1425 2635 1485 2658; x_wconf 83' lang='lat' dir='ltr'>eos</span> <span class='ocrx_word' id='word_1_387' title='bbox 1508 2625 1596 2657; x_wconf 82' lang='lat' dir='ltr'>solos</span> <span class='ocrx_word' id='word_1_388' title='bbox 1625 2624 1743 2656; x_wconf 84' lang='lat' dir='ltr'>vivere</span> 
     </span>
     <span class='ocr_line' id='line_1_69' title="bbox 1046 2674 1742 2720; baseline -0.006 -11"><span class='ocrx_word' id='word_1_389' title='bbox 1046 2678 1103 2720; x_wconf 87' lang='lat' dir='ltr'>qui</span> <span class='ocrx_word' id='word_1_390' title='bbox 1119 2675 1257 2717; x_wconf 82' lang='lat' dir='ltr'>amant,’</span> <span class='ocrx_word' id='word_1_391' title='bbox 1272 2679 1337 2708; x_wconf 70' lang='grc' dir='ltr'>διο.</span> <span class='ocrx_word' id='word_1_392' title='bbox 1359 2675 1538 2717; x_wconf 82' lang='lat' dir='ltr'>Theophil.</span> <span class='ocrx_word' id='word_1_393' title='bbox 1555 2674 1638 2707; x_wconf 89' lang='lat' dir='ltr'>ibid.</span> <span class='ocrx_word' id='word_1_394' title='bbox 1653 2675 1664 2693; x_wconf 90' lang='lat'>‘</span> <span class='ocrx_word' id='word_1_395' title='bbox 1674 2674 1742 2707; x_wconf 76' lang='lat' dir='ltr'>Qui</span> 
     </span>
     <span class='ocr_line' id='line_1_70' title="bbox 1048 2722 1742 2767; baseline -0.007 -8"><span class='ocrx_word' id='word_1_396' title='bbox 1048 2730 1199 2759; x_wconf 81' lang='lat' dir='ltr'>amantes</span> <span class='ocrx_word' id='word_1_397' title='bbox 1212 2730 1362 2758; x_wconf 82' lang='lat' dir='ltr'>amentes</span> <span class='ocrx_word' id='word_1_398' title='bbox 1377 2734 1452 2758; x_wconf 84' lang='lat' dir='ltr'>esse</span> <span class='ocrx_word' id='word_1_399' title='bbox 1466 2729 1578 2767; x_wconf 81' lang='lat' dir='ltr'>putat,</span> <span class='ocrx_word' id='word_1_400' title='bbox 1591 2725 1667 2766; x_wconf 85' lang='lat' dir='ltr'>ipse·</span> <span class='ocrx_word' id='word_1_401' title='bbox 1683 2722 1742 2755; x_wconf 81' lang='lat' dir='ltr'>de-</span> 
     </span>
     <span class='ocr_line' id='line_1_71' title="bbox 1047 2776 1233 2818; baseline -0.005 -10"><span class='ocrx_word' id='word_1_402' title='bbox 1047 2776 1152 2818; x_wconf 80' lang='lat' dir='ltr'>sipit,&#39;</span> <span class='ocrx_word' id='word_1_403' title='bbox 1165 2777 1233 2809; x_wconf 62' lang='lat' dir='ltr'>&amp;m</span> 
     </span>
    </p>
   </div>
   <div class='ocr_carea' id='block_1_12' title="bbox 1853 2403 1916 3190">
    <p class='ocr_par' dir='ltr' id='par_1_23' title="bbox 1853 2403 1916 3190">
     <span class='ocr_line' id='line_1_72' title="bbox 1853 2403 1916 3190; baseline 0 0"><span class='ocrx_word' id='word_1_404' title='bbox 1853 2403 1916 3190; x_wconf 95' lang='lat' dir='ltr'> </span> 
     </span>
    </p>
   </div>
  </div>
 </body>
</html>
