1916 3190
255 228 339 271 260
732 246 776 283 Q.
808 245 1017 275 floRA'rn
1054 247 1226 279 FLAcct

422 340 555 382 Illum
575 344 675 394 aget
696 353 842 394 penna
861 343 1082 382 metuente
1104 342 1220 383 solvi
1259 364 1262 366 ·

764 407 907 449 Fama
928 412 1129 461 superste
1156 422 1192 450 S.

423 473 582 514 Latius
600 486 753 526 regnes
772 474 950 515 avidum
971 474 1191 518 domando

419 539 648 594 Spiritum,
670 553 803 594 quam
827 541 865 582 si
886 541 1075 595 Libyam
1094 535 1278 586 remotis'

417 606 617 648 Gadibus
630 608 809 662 jungas,
827 612 870 649 et
888 612 1071 663 uterque
1086 611 1258 652 Poenus

715 704 720 708 «
759 675 934 718 Serviat
948 678 1040 718 uni.

1648 548 1705 589 10

244 800 295 830 ola
310 800 436 831 dissolvi
451 801 637 840 refugiente.
682 800 827 841 Amplius
847 802 1055 833 dominaberis
1076 803 1218 842 cupidam
1241 804 1390 835 vincendo
1409 807 1555 843 mentem,
1570 814 1660 844 quom
1673 805 1702 835 si

244 841 377 883 Libyam
391 844 488 875 addas
501 843 680 884 longinquis
696 843 852 883 Gadibus,
866 847 959 884 atque
974 845 1029 876 uni
1044 845 1229 884 subjiciatur
1246 846 1372 886 gemina
1391 847 1563 886 Carthago.
1607 847 1701 878 Soeva

849 936 1090 950 eeeeeeeeeeee

243 1001 278 1033 in
293 1002 419 1040 fratres
441 1013 474 1033 α.
486 1002 704 1041 fraterni.--7
729 1003 900 1043 Porphyr.
918 1003 1017 1035 Harl.
1037 1007 1071 1035 ·1.
1098 1013 1216 1035 omnes
1240 1004 1401 1036 Torrent·
1417 1004 1568 1036 Bentleii
1582 1005 1700 1038 Graev.

245 1044 343 1076 Leid.
359 1044 481 1084 Regin.
501 1049 535 1075 et
561 1045 635 1084 ipse
661 1045 778 1076 Bentl.
802 1045 893 1085 «igin
916 1046 965 1077 sie
980 1046 1083 1077 etiam
1102 1045 1210 1078 Kidd.
1242 1055 1345 1086 penna
1367 1046 1450 1078 haud
1472 1050 1628 1079 met-ena
1643 1048 1700 1080 ed.

243 1086 353 1127 prima
377 1087 507 1118 Mureti
527 1086 618 1117 unde
643 1086 676 1117 in
691 1087 819 1119 Venet.
835 1090 932 1119 1559.
950 1092 987 1119 et
1002 1088 1088 1119 alias
1102 1088 1268 1130 quasdam
1286 1089 1445 1129 vulgatas,
1459 1090 1566 1121 venit.
1611 1090 1701 1122 Vide

241 1129 362 1160 Lamb.
379 1134 416 1160 et
440 1129 572 1160 Mutet.
585 1129 685 1161 Varr.
699 1129 813 1161 Lectt.
827 1138 853 1161 ι.
872 1133 904 1162 7.
927 1133 1076 1162 renuente
1097 1131 1179 1162 solvi
1204 1131 1339 1162 emend.
1354 1131 1546 1163 Sanam—9
1566 1131 1701 1164 Lausus

241 1180 354 1210 regnes
380 1180 466 1202 unns
493 1172 693 1203 Bersmanni
721 1177 758 1204 et
783 1172 883 1203 Dess.
906 1175 1027 1205 2.—11
1052 1173 1237 1205 Schrader.
1251 1174 1386 1206 emend.
1422 1177 1552 1214 uterque
1572 1177 1699 1215 pmii-ae,

243 1213 388 1246 Emend.
404 1223 482 1255 cap.
496 1223 545 1246 ιν.
561 1224 595 1256 p.
609 1216 750 1246 83.-12
773 1214 895 1247 Serviet
917 1215 974 1246 uni
994 1216 1093 1248 Harl.
1112 1219 1228 1248 1.-13
1254 1216 1412 1248 Lambini
1436 1216 1536 1248 codd.
1551 1217 1700 1258 qnidam,

897 1305 1039 1336 NO'PAE

239 1368 439 1400 victitarent
460 1377 499 1399 ac
519 1372 804 1404 sustentarentur,
821 1378 939 1400 recon-

238 1417 447 1449 ciliationem
463 1417 602 1458 insuper
617 1423 654 1449 et
670 1417 800 1448 veniam
818 1427 940 1458 procu·

238 1466 341 1497 ravit.
362 1465 451 1497 Vide
469 1466 572 1497 Dion.
589 1466 647 1498 lib.
665 1475 740 1497 mv.
761 1467 938 1498 Plutarch.

237 1516 271 1547 in
285 1516 368 1547 vita
386 1515 540 1555 Antonii,
554 1516 644 1548 Plin.
659 1524 727 1547 vn.
741 1519 795 1548 45.

280 1568 300 1597 7
324 1566 420 1597 Illum
442 1569 516 1604 aget
537 1575 650 1606 penno,
673 1565 742 1606 ξω]
764 1566 940 1598 Traducet

235 1616 325 1648 fama
341 1626 463 1648 nomen
479 1616 652 1648 Proenleii
668 1617 880 1659 gloriamque
897 1618 939 1649 ad

237 1671 413 1707 posteros:
435 1676 538 1707 penna
560 1670 716 1698 metuente
739 1667 832 1708 solvi,
855 1677 940 1698 nnn-

236 1725 336 1757 quam
367 1716 585 1747 dissolvenda
619 1716 835 1748 celebritate.
882 1717 939 1749 Sic

186 1788 190 1791 -
236 1766 330 1802 alibi,
354 1766 364 1783 ‘
379 1766 511 1806 culpari
538 1766 661 1797 metuit
686 1765 798 1806 fides:
820 1765 854 1798 id
871 1771 938 1807 est,

235 1821 336 1847 cavet
352 1816 498 1857 culpari,
511 1815 559 1847 ita
575 1820 612 1847 nt
627 1825 798 1857 uunquam
821 1817 937 1857 culpe-

237 1872 301 1898 tur.
344 1867 490 1899 Quintil.
513 1866 670 1898 Declam.
689 1876 741 1899 VI.
779 1867 789 1883 ‘
806 1866 847 1898 In
863 1868 939 1908 ipsa

236 1921 329 1947 astra
343 1917 521 1947 sublimem
535 1922 686 1957 pennata
702 1917 812 1948 virtus
827 1916 937 1953 fieret!

234 1964 352 1995 Sidon.
383 1964 498 2005 Apoll.
524 1974 605 1996 vm.
631 1969 682 1997 ll.
729 1967 839 1997 ‘Eum
856 1967 938 2007 jure

234 2023 392 2044 censeres
418 2018 495 2054 post
520 2015 729 2046 Horatianos
751 2021 788 2047 et
811 2016 950 2056 Pintia·-

234 2063 324 2094 ricos
345 2073 473 2104 cycnos
498 2064 615 2104 gloriae
642 2065 760 2105 pennis
783 2066 937 2098 evolatu-

237 2113 336 2145 rnnx.'

277 2166 298 2194 9
319 2163 432 2195 Latius
454 2172 576 2203 regnes,
597 2162 670 2204 ξιπ]
699 2163 782 2195 Tac.
813 2163 935 2196 Annal.

234 2222 292 2245 ιιι.
323 2212 366 2253 de
391 2213 430 2245 C.
459 2213 620 2244 Sallustio
650 2212 794 2253 Crispo:
834 2213 935 2253 ‘Ille,

234 2273 424 2304 quanquam
459 2271 594 2303 promto
630 2262 674 2295 ad
704 2264 933 2304 capessendos

232 2313 378 2345 honores
395 2313 735 2354 aditu‚Maecenatem
746 2314 933 2350 aemulatns,

232 2364 305 2395 sine
329 2363 498 2405 dignitate
521 2364 702 2396 Senatoria
727 2364 850 2396 multos
874 2363 938 2395 tri-·

233 2413 442 2455 umplialium
464 2413 761 2456 consulariumque
778 2414 934 2455 potentia

233 2464 371 2496 anteiit:
393 2463 550 2495 diversus
565 2473 584 2495 a
595 2468 749 2495 veterum
763 2463 934 2503 instituto,

233 2523 296 2554 per
322 2515 451 2546 cultum
477 2518 513 2545 et
538 2514 746 2552 munditias;
769 2514 933 2555 copiaque

233 2569 268 2594 et
282 2562 455 2595 affluentia
470 2564 550 2594 luxu
567 2563 728 2605 propior‚’
744 2566 807 2596 διε.
831 2563 933 2596 Hunc

232 2615 348 2655 itaque
360 2621 474 2647 monet
487 2615 610 2655 Poeta,
622 2616 837 2648 ambitionem
854 2613 933 2648 frae-

232 2673 326 2703 nare,
341 2665 476 2697 avidum
492 2675 551 2696 sen
573 2667 724 2707 pecuniae
747 2676 808 2698 seu
829 2666 931 2699 hono-

234 2714 279 2744 ris
305 2714 459 2754 spirituum
485 2715 637 2754 domare,
660 2716 839 2756 gloriosius
855 2725 931 2748 esse

233 2772 333 2805 qnam
363 2763 499 2795 dissitas
530 2765 685 2806 regiones
715 2765 778 2797 sub
807 2766 930 2807 jugum

993 1368 1142 1401 mittere.
1164 1369 1213 1400 Ut
1225 1379 1307 1410 ergo
1319 1369 1502 1402 Sallustius
1518 1369 1575 1400 ille
1592 1369 1697 1410 prior,

993 1428 1184 1460 quanquam
1215 1419 1388 1453 Numidiae
1414 1418 1619 1460 praefectus,
1636 1428 1697 1450 ne-

993 1477 1163 1509 quaquam
1186 1468 1266 1499 inde
1292 1468 1426 1500 beatior
1454 1468 1530 1505 fuit,
1559 1468 1609 1500 sic
1632 1477 1696 1500 uec

993 1518 1166 1563 posterior
1182 1517 1224 1549 ab
1237 1518 1311 1558 ipso
1330 1518 1526 1558 adoptatus,
1543 1518 1696 1560 quamvis

994 1567 1136 1609 Libyam
1153 1566 1295 1608 Africae,
1316 1572 1352 1600 et
1375 1569 1494 1601 Gades
1517 1568 1694 1609 Hispaniae

994 1618 1186 1658 provincias
1210 1617 1339 1661 domet,
1360 1629 1428 1651 non
1451 1619 1595 1658 proinde
1610 1618 1695 1651 felix

993 1666 1166 1697 habendus
1180 1676 1190 1697 ι
1214 1672 1251 1696 et
1263 1666 1293 1696 si
1306 1666 1339 1697 ei
1351 1662 1408 1696 ini
1421 1666 1538 1698 serviat
1553 1677 1594 1712 ae
1615 1668 1694 1699 snb·

988 1715 1133 1756 jiciatnr
1155 1718 1285 1756 uterque
1299 1715 1432 1754 Poenas,
1452 1721 1598 1758 utraque
1612 1717 1695 1750 Car·

993 1765 1107 1806 thago,
1120 1764 1280 1796 Africana
1304 1774 1405 1806 quam
1429 1764 1537 1805 Dido,
1554 1770 1592 1797 et
1613 1766 1693 1799 Hi·-

993 1815 1127 1856 panica,
1143 1824 1242 1856 quam
1259 1813 1454 1846 Hasdrubal
1470 1808 1636 1848 condidit.

1036 1867 1074 1896 ll
1116 1863 1276 1904 Gadibus]
1319 1865 1451 1897 Gadita
1489 1865 1695 1907 Ptolemaeo,

992 1913 1127 1946 Gaddir
1151 1923 1213 1946 seu
1228 1914 1340 1946 Gadir
1362 1917 1453 1957 apud
1480 1915 1619 1953 Paeneo,
1634 1916 1694 1948 lio·

991 1964 1047 1996 die
1072 1965 1185 2005 Cadiz,
1208 1965 1319 1997 insula
1345 1970 1383 1998 et
1409 1965 1489 1998 urbs
1516 1966 1693 2008 Hispania

991 2015 1133 2047 Baeticae
1150 2025 1170 2046 a
1182 2015 1295 2056 Tyriis
1309 2015 1460 2048 condita.
1482 2016 1620 2048 Ferrar.
1632 2016 1693 2056 ’γά-

989 2065 1084 2105 δειρα,
1115 2066 1210 2105 quasi
1236 2065 1297 2103 ’γῆς
1324 2066 1421 2106 δεῖριι,
1451 2069 1545 2098 terroe
1571 2067 1691 2098 cmix.

988 2113 1144 2144 Eustath.
1165 2114 1199 2143 in
1217 2114 1361 2154 Dionys.
1387 2115 1560 2146 Verior-em
1575 2119 1690 2147 tamen

988 2164 1228 2205 etymologiam
1256 2164 1454 2204 expiscatus
1469 2163 1618 2196 ‘videtur
1631 2165 1690 2206 qui

987 2214 1036 2245 sic
1055 2214 1170 2245 cauit:
1191 2214 1201 2230 ‘
1219 2213 1329 2245 Gadir
1353 2214 1461 2254 prima
1485 2212 1612 2245 fretum
1635 2224 1689 2246 so·

986 2264 1055 2295 lida
1084 2264 1315 2304 supereminet
1353 2273 1444 2303 arce,
1482 2262 1688 2306 Attollitque

987 2319 1091 2354 caput
1100 2314 1244 2354 geminis
1255 2314 1383 2345 inserta
1395 2314 1572 2345 columnis.
1597 2313 1687 2347 Haec

987 2362 1150 2395 Cotinnsa
1181 2363 1274 2403 prius
1304 2362 1420 2394 fuerat
1456 2363 1520 2395 sub
1551 2364 1687 2396 nomine

987 2413 1120 2454 priseo:
1153 2413 1414 2454 Tartessumque
1443 2412 1568 2444 dehine
1592 2413 1686 2454 Tyrii

987 2462 1105 2495 dixere
1131 2463 1257 2505 eoloni.
1293 2462 1446 2493 Barbara
1471 2461 1552 2503 quin
1581 2463 1684 2494 etiam

987 2507 1102 2546 Gades
1123 2513 1210 2544 hanc
1230 2513 1347 2553 lingna
1361 2511 1582 2553 frequentat:
1605 2512 1683 2544 Poe-

987 2573 1051 2595 nus
1065 2563 1192 2605 quippe
1208 2563 1318 2594 locum
1340 2561 1450 2593 Gadir
1472 2567 1574 2593 vocat
1589 2562 1684 2597 undi-

987 2622 1054 2654 que
1069 2610 1224 2653 septum!
1254 2610 1351 2642 Idem
1366 2615 1515 2642 testatur
1529 2610 1684 2644 Plin.1v.

985 2665 1041 2694 22.
1055 2667 1092 2694 et
1109 2660 1259 2702 Hesypli.
1281 2659 1421 2700 γάδειρα,
1443 2660 1568 2701 inquit,
1583 2660 1682 2692 Phoe·

985 2714 1078 2746 uices
1092 2718 1218 2745 vocant
1232 2710 1274 2742 τὰ
1288 2708 1540 2752 περιφράγματα,
1554 2714 1655 2751 septo.
