1916 3190
234 232 320 275 310
715 246 759 284 Q.
791 244 1002 275 HORA'rn
1038 243 1215 275 FuAccl

466 337 648 389 Cantus,
670 351 740 380 me
763 338 901 379 voluit
920 336 1065 378 dicere
1085 336 1284 378 lucidum

465 405 698 460 Fulgentes
720 405 892 455 oculos,
913 409 957 446 et
977 405 1088 445 bene
1108 404 1274 445 mutuis

640 474 801 515 Fidum
823 477 983 528 pectus
1006 472 1259 523 amoribus3

468 538 619 591 Quam
639 554 722 582 nec
741 541 854 582 serre
875 540 1035 594 pedem
1055 539 1259 581 dedecuit
1278 538 1440 589 choris,

465 606 563 649 Nec
586 612 751 650 certare
775 608 896 663 joco,
917 622 999 649 nec
1020 607 1127 649 dare
1147 606 1328 649 brachia

465 674 711 718 Ludentem
729 676 881 717 nitidis
905 675 1162 728 virginibus,
1183 687 1313 716 sacro

642 744 804 786 Dianae
824 743 1014 785 celebris
1034 742 1121 783 die.

1640 405 1695 446 15

1645 741 1702 784 20

238 888 302 919 tuae
316 886 490 929 Lycimnioe
519 897 628 920 suaves
652 889 799 928 modulos,
822 888 923 919 oculos
945 888 1109 918 admodum
1123 886 1301 928 rutilantes,
1316 886 1513 928 animumque
1527 885 1628 918 amori
1649 888 1702 917 tuo

238 939 323 971 oeque
338 931 521 973 etfideliter
534 932 768 971 respondentem
779 941 791 961 .·
818 940 910 970 qnam
926 930 1030 960 decuit
1049 933 1080 961 et
1102 929 1205 960 choris
1222 930 1382 965 interesse,
1394 929 1564 967 etfacetiis
1578 931 1703 960 conten-

238 973 322 1014 dere,
336 976 368 1005 et
379 974 545 1005 uallantem
560 982 628 1004 cum
641 974 755 1014 puellis
767 973 889 1004 ornatis
904 972 1029 1003 brachiu
1034 970 1187 1012 jungere,
1200 971 1234 1002 in
1247 971 1395 1011 religioso
1410 972 1574 1004 celebratae
1585 971 1704 1003 Diam

855 1066 1094 1079 eeeeeeeeeee

240 1136 335 1166 1590.
358 1133 476 1174 Steph.
495 1133 578 1164 Fab.
595 1133 704 1174 Rutg.
721 1133 819 1165 Glar.
841 1133 931 1165 Sivr.
964 1133 974 1151 ‘
990 1132 1106 1171 Maie3
1122 1141 1200 1164 nam
1216 1132 1249 1163 in
1266 1131 1332 1163 hoc
1348 1132 1484 1164 nomine
1497 1131 1555 1174 (ut
1571 1131 1604 1163 in
1619 1131 1707 1163 Lici·

238 1175 328 1218 nius)
342 1176 491 1208 secunda
501 1176 630 1217 syllaba
647 1176 774 1208 brevis.
796 1175 948 1218 Lycynioe
958 1175 1033 1208 Alt.
1049 1177 1082 1206 2.
1098 1184 1197 1207 versu
1212 1178 1266 1207 2³.
1283 1175 1434 1207 exhibet.
1456 1174 1598 1217 Lycinioe
1611 1175 1706 1216 Lips-

240 1222 273 1250 2.
291 1219 434 1250 Locher.
449 1219 574 1250 Venet.
592 1221 688 1251 1492.
708 1220 826 1250 Basill.
842 1218 920 1250 Ald.
965 1218 1124 1250 Licinnioe
1147 1228 1235 1250 unus
1259 1217 1381 1250 Lami».
1408 1218 1525 1258 plures
1547 1218 1709 1249 Torrent-

240 1261 325 1303 (vid.
345 1260 510 1304 Excurs.)
525 1262 687 1304 Lycinm'ae
699 1261 836 1294 Febric.
861 1261 1003 1293 laciniae
1014 1260 1086 1293 Ait.
1101 1264 1133 1293 1.
1162 1260 1231 1293 Sed
1241 1260 1416 1302 Licymnia
1431 1260 1550 1292 Bentl.
1563 1269 1607 1292 ex
1619 1259 1710 1301 opti·-

241 1303 304 1335 mis
329 1309 365 1336 et
381 1305 557 1346 antiquiss.
572 1304 662 1344 suis;
685 1310 720 1336 et
735 1305 784 1336 sic
801 1304 869 1335 duo
888 1303 1036 1335 Blandd.
1053 1304 1160 1345 Cruq.
1178 1304 1288 1345 Lipss.
1307 1307 1338 1336 l.
1363 1304 1442 1336 duae
1458 1303 1560 1335 editt.
1574 1303 1707 1343 Xylun-

240 1346 308 1386 dri,
325 1347 411 1379 Cun.
426 1348 552 1380 Sanad.
576 1352 613 1379 et
634 1347 755 1380 Jones.
801 1347 931 1379 Notum
948 1356 990 1378 ex
1008 1346 1151 1378 Homer.
1165 1347 1268 1378 Pind.
1286 1347 1434 1378 Pausan.
1452 1355 1576 1378 nomen
1591 1343 1710 1385 Λικύμ-

240 1400 315 1424 νιος,
331 1393 367 1421 et
381 1398 424 1420 ex
437 1390 555 1430 Virgil.
574 1390 649 1421 AEn.
665 1398 717 1420 ix.
733 1393 808 1421 646.
832 1389 1012 1430 Licymnia,
1027 1388 1084 1420 nbi
1101 1389 1178 1420 vide
1193 1388 1320 1429 Heyn.'
1336 1390 1426 1420 Jani.
1463 1389 1595 1420 Liciniae
1608 1387 1708 1419 Harl.

243 1434 275 1462 1.
288 1435 322 1464 2.
366 1431 510 1473 Lyciuioe
526 1432 628 1464 Harl.
649 1434 680 1463 θ.
704 1436 740 1463 et
763 1432 845 1463 Vet.
862 1431 1069 1463 Comb.—14
1093 1431 1242 1463 Mentel.
1257 1437 1306 1463 me
1319 1441 1352 1463 υ.
1368 1433 1400 1462 d.
1414 1431 1614 1462 lucida—18
1639 1430 1709 1461 Nec

905 1517 1048 1550 NOTAE

245 1581 323 1614 Ode
338 1590 376 1614 x.
393 1582 496 1623 hujus
513 1581 604 1614 libri.
649 1582 738 1614 Vide
753 1583 800 1615 ibi
817 1582 949 1615 Annot.

242 1632 432 1664 Maecenati
458 1641 554 1672 vero,
576 1642 654 1664 cum
677 1633 849 1665 scriberet
863 1634 950 1665 hanc

245 1682 346 1715 Oden
371 1683 551 1723 Horatius,
567 1683 717 1716 nondum
743 1688 819 1719 erat
841 1688 950 1726 nupta

246 1733 392 1766 Licinia.
435 1733 540 1765 Patet
558 1743 602 1765 ex
619 1743 660 1765 eo
675 1733 765 1776 quod
782 1734 951 1775 virginum

245 1784 358 1817 choris
375 1784 525 1816 Dianam
541 1785 726 1816 colentium
743 1784 778 1816 in
795 1784 870 1826 ejus
883 1783 952 1816 fes·

247 1840 283 1867 to
308 1835 439 1867 inserta
464 1835 602 1867 dicatur
626 1845 725 1867 mox:
752 1835 833 1867 inde
863 1835 953 1867 enim

247 1886 456 1918 arcebantur
485 1891 615 1928 nuptae.
674 1886 825 1919 Accedit
861 1885 954 1928 quod

247 1937 257 1954 ‘
276 1936 365 1967 bene
395 1937 522 1968 mutuis
539 1937 662 1968 Fidum
687 1943 812 1978 pectus
833 1938 955 1969 amori-

248 1984 329 2016 bns’
346 1985 401 2017 hic
413 1986 590 2018 laudatur:
609 1991 645 2018 at
657 1987 761 2027 longe
774 1987 876 2018 aliter
889 1987 957 2019 suit

249 2038 475 2076 posteaquam
485 2040 594 2077 nupta
604 2040 670 2068 est.
690 2037 812 2070 Senec.
823 2037 866 2068 de
878 2046 958 2077 pro-⁴

249 2085 318 2117 vid.
331 2088 450 2126 cap.8.
466 2084 586 2126 refert,
603 2086 613 2103 ‘
630 2086 814 2117 Maecenati
832 2085 955 2117 amori-

250 2135 314 2167 bus
330 2136 489 2174 auxio‚et
500 2145 642 2167 morosae
661 2136 775 2167 uxoris
786 2136 956 2177 quotidia-

252 2195 298 2217 na
308 2184 456 2226 repudia
465 2183 784 2224 deflenti,somnum
795 2195 857 2225 per
867 2195 956 2226 sym-

251 2235 452 2278 phoniarum
469 2241 608 2267 cantum
624 2245 667 2267 ex
682 2235 866 2277 longinquo
878 2236 956 2267 lene

252 2287 486 2319 resonantium
509 2286 690 2328 quesitum
713 2285 843 2318 fuisse!
888 2286 957 2317 Ubi

252 2336 287 2370 J.
300 2336 440 2378 Lipsius
453 2336 590 2367 anxium
605 2333 713 2367 fuisse
728 2335 958 2367 Maecenatem

254 2386 351 2426 dicit,
365 2385 456 2428 quod
479 2380 617 2418 uxorem
640 2382 791 2422 unumst.
805 2395 871 2418 nec
890 2384 959 2417 for-

255 2443 344 2470 tasse
360 2437 463 2469 solus.
492 2435 688 2478 Additque:
704 2436 875 2468 Caesarem
888 2435 959 2468 Au-

256 2492 392 2530 gustum
423 2496 462 2519 ea
490 2486 684 2528 suspicione
712 2486 867 2527 aspergit
894 2486 961 2519 Dio

255 2538 411 2570 librum
433 2542 442 2556 ‘
461 2537 562 2570 Quod
578 2536 731 2569 creditus
747 2536 962 2568 Gallicanam

258 2588 570 2630 peregrinationem
594 2587 797 2629 suscepisse,
818 2591 857 2619 ut
877 2586 962 2619 libe-

258 2638 340 2679 rius,
350 2643 386 2670 et
398 2638 516 2680 procul
528 2647 548 2670 a
561 2636 963 2679 vulgosermonibusque,

258 2688 430 2720 frueretur
444 2688 607 2721 Terentia
626 2686 853 2720 Maecenatis.'
892 2687 969 2720 Ita«

260 2748 328 2782 que
343 2742 379 2771 et
393 2739 437 2771 ob
453 2739 539 2771 bane
555 2749 693 2771 causam
706 2740 843 2772 occulte
855 2738 964 2771 infen-

259 2800 317 2824 sus
346 2790 478 2824 Caesari
511 2791 712 2824 Maecenas:
751 2790 843 2833 quod
871 2790 964 2824 idem

1003 1581 1153 1622 scriptor
1174 1580 1233 1613 lib.
1250 1590 1308 1613 ιν.
1333 1580 1458 1622 tangit,
1477 1580 1512 1612 in
1537 1580 1711 1614 Maecena·

1004 1631 1049 1663 tis
1059 1631 1168 1665 obitu.
1191 1631 1300 1663 Potes
1313 1636 1427 1663 tumen
1437 1639 1598 1672 angorem
1608 1631 1711 1670 hunc,

1005 1680 1131 1722 fateor,
1148 1681 1215 1713 alio
1233 1679 1378 1722 referre,
1393 1685 1430 1713 et
1450 1680 1493 1712 ad
1512 1681 1641 1714 nudum
1660 1680 1711 1722 ip-

1005 1742 1077 1764 sum
1094 1741 1257 1772 amorem,
1273 1732 1332 1775 qui
1347 1740 1484 1772 semper
1498 1731 1661 1773 querulus
1676 1735 1714 1763 et

1007 1782 1139 1818 anxius,
1157 1782 1348 1822 praesertim
1368 1782 1427 1814 ubi
1443 1791 1509 1814 non
1525 1781 1714 1822 responde-

1009 1839 1078 1867 tnr.
1121 1834 1210 1867 Haec
1236 1835 1332 1876 Lips.
1348 1835 1408 1867 cit.
1454 1834 1553 1867 Idem
1579 1835 1715 1867 Seneca

1010 1885 1122 1926 Epist.
1154 1887 1228 1918 114.
1268 1886 1392 1918 iterum
1421 1885 1467 1918 de
1496 1885 1713 1918 Maecenatez

1010 1940 1020 1954 ¹
1035 1936 1137 1968 Hunc
1152 1945 1226 1967 esse
1239 1937 1295 1978 qui
1309 1945 1452 1968 uxorem
1465 1936 1589 1968 millies
1602 1935 1717 1975 duxit,

1010 1996 1088 2018 cum
1126 1996 1227 2018 unam
1269 1986 1429 2019 habuerit
1444 1985 1469 2026 ;'
1514 1985 1714 2018 Terenti-m

1010 2046 1132 2076 nempe
1157 2046 1264 2076 suam,
1290 2046 1368 2069 cum
1389 2046 1458 2079 qua
1480 2035 1619 2068 assidua
1639 2035 1718 2077 jur·

1010 2085 1078 2126 gia,
1094 2085 1254 2124 divortia,
1269 2086 1460 2127 iterumque
1481 2085 1652 2127 conjugis,
1666 2085 1717 2117 in-

1010 2135 1086 2177 quit
1102 2135 1198 2175 Lips.
1214 2135 1299 2167 ibid.

1056 2187 1095 2216 18
1122 2185 1253 2216 Cartare
1265 2184 1354 2225 joco]
1374 2183 1478 2216 Scite
1506 2183 1716 2225 gesticulari,

1009 2241 1049 2268 ut
1075 2236 1214 2278 quidam
1245 2237 1542 2277 interpretantur:
1575 2235 1630 2266 vel
1656 2244 1717 2276 po·

1014 2286 1095 2325 tius,
1109 2288 1146 2316 ut
1163 2285 1231 2324 alii,
1246 2283 1373 2320 faceta.
1389 2284 1518 2326 lepida,
1534 2284 1718 2326 acntujac-

1012 2341 1087 2369 tare
1117 2335 1273 2371 dicteria,
1299 2336 1372 2367 sive
1399 2336 1521 2367 breves
1545 2340 1580 2366 et
1612 2335 1718 2367 salsa!

1013 2387 1262 2419 cavillationes.
1308 2386 1386 2419 Quo
1402 2385 1539 2427 quidem
1554 2385 1589 2417 in
1605 2389 1719 2417 certa-

1012 2437 1104 2469 mine
1120 2437 1175 2478 qui
1194 2436 1331 2468 vicisset
1345 2436 1424 2468 olim
1441 2436 1546 2468 etiam
1560 2435 1718 2468 'coronari

1013 2488 1206 2521 institutum
1221 2487 1298 2519 fuit.

1057 2541 1100 2570 20
1120 2538 1216 2570 Sacro
1231 2538 1349 2570 Dianae
1362 2536 1489 2568 celebris
1503 2536 1570 2578 die]
1595 2535 1636 2567 In
1650 2534 1720 2568 fre·

1017 2588 1135 2629 quenti
1152 2597 1193 2619 ac
1209 2586 1340 2619 celebri
1358 2587 1483 2618 Dianae
1499 2585 1604 2625 festo,
1619 2585 1720 2627 cujus

1017 2648 1113 2671 sacra
1143 2637 1312 2679 virginum
1342 2637 1453 2668 choris
1483 2646 1525 2668 ue
1554 2635 1722 2677 religios&

1018 2683 1178 2730 tripudiis
1208 2687 1328 2729 peragi
1357 2687 1470 2724 solitu,
1501 2686 1619 2719 Idibus
1649 2685 1720 2718 Au·

1017 2739 1120 2781 gusti.
1164 2737 1255 2769 Vide
1273 2747 1297 2771 ι.
1314 2737 1383 2770 Od.
1397 2739 1452 2770 21.
1468 2737 1527 2771 ubi
1542 2738 1552 2756 ‘
1571 2735 1719 2769 Dianam

1017 2794 1149 2823 tenerae
1161 2788 1269 2823 dieite
1285 2787 1457 2830 virgines:
