1916 3190
207 253 266 294 74

380 360 514 402 Serus
534 361 578 402 in
598 362 762 404 coelum
782 363 955 413 redeas,
978 363 1143 418 diuque

685 267 730 306 Q.
764 267 976 299 HORATH
1012 269 1186 301 FLACGI

379 428 533 470 Laetus
553 429 727 470 intersis
748 430 920 483 populo
942 429 1141 481 Quirini:

377 495 505 537 Neve
526 500 569 537 te
590 498 753 539 nostris
775 498 894 539 vitiis
914 498 1114 552 iniquum

719 564 868 620 Ocyor
890 578 998 607 aura

376 629 551 671 Tollat!
582 630 655 672 hic
675 644 861 685 magnos
882 633 1031 686 potius
1053 633 1310 688 triumphos,

376 696 468 738 Hic
487 710 611 738 ames
632 697 721 739 dici
743 698 880 741 Pater
898 703 1030 753 atque
1053 699 1297 754 Princeps:

1604 703 1662 743 50

374 762 477 805 Neu
498 764 620 806 sinas
644 765 804 808 Medos
825 767 1024 820 equitare
1045 767 1224 817 inultos,

724 832 790 874 Te
810 832 939 883 duce,
961 832 1126 875 Caesar.

201 926 354 967 remigi-es
366 927 401 959 in
414 929 534 968 coelum,
546 928 660 970 dinque
671 939 797 962 maneas
808 940 877 962 cum
889 931 1011 971 Populo
1023 931 1174 967 Romano,
1184 940 1281 971 neque
1293 930 1422 962 celerior
1435 933 1545 963 venius
1557 931 1662 971 rapiat

201 973 233 1001 te
247 970 364 1002 nostris
377 970 558 1002 criminibus
571 971 735 1009 infensum.
780 973 863 1004 Ama
874 974 979 1013 potius
993 974 1044 1005 hic
1065 974 1209 1013 ingentes
1226 973 1410 1014 triumphos,
1428 977 1459 1004 et
1480 975 1662 1014 appellatio-

200 1021 272 1043 nem
283 1012 425 1061 parentis
435 1013 630 1054 auctorisque
641 1024 655 1052 ;
676 1024 775 1056 neque
794 1015 943 1056 patiaris,
956 1026 974 1047 o
990 1017 1110 1056 Cesar,
1125 1018 1157 1047 te
1168 1015 1353 1056 imperante,
1366 1016 1479 1047 Medos
1491 1016 1615 1056 impune
1628 1016 1663 1047 in

201 1054 287 1095 equis
298 1063 425 1094 vagari.

813 1107 931 1121 eeeeee

934 1107 1052 1120 oooooo

200 1158 383 1198 Bentleio;
411 1158 531 1191 Vulnus
545 1160 654 1202 Desp.
670 1160 704 1192 in
723 1161 924 1194 Notis.—45
943 1162 1043 1194 Serus
1055 1162 1090 1194 in
1103 1163 1177 1194 coelo
1191 1161 1336 1195 Locher.
1348 1166 1384 1195 et
1397 1162 1503 1195 Basil.
1519 1164 1662 1194 1⁵31.—

199 1204 244 1233 46
267 1201 406 1234 Brodoei
422 1202 544 1242 codex,
564 1204 674 1244 populo
691 1204 854 1238 Quiritum
864 1215 878 1242 ;
908 1204 1072 1237 Januoct.
1089 1206 1169 1237 Vat.
1184 1207 1216 1236 1.
1239 1210 1309 1237 tres
1332 1205 1434 1238 codd.
1452 1205 1608 1237 Lambini
1624 1209 1662 1237 et

202 1244 300 1276 Carr.
329 1244 485 1286 Cruquii‚
504 1247 613 1286 populo
643 1246 789 1287 Quirino,
825 1247 883 1279 sed
907 1247 942 1278 in
971 1247 1035 1279 hoc
1064 1257 1081 1278 ο
1110 1252 1277 1279 mutatum
1306 1252 1359 1279 est
1387 1248 1421 1279 in
1448 1248 1474 1288 i,
1496 1252 1533 1279 et
1558 1249 1660 1288 gloss.

201 1295 372 1327 superscr.
393 1288 403 1304 ⁸
417 1288 591 1319 Romano?

635 1288 802 1321 Heinsius
818 1299 953 1332 quoque
975 1290 1019 1322 ad
1047 1289 1151 1322 Ovid.
1177 1291 1270 1322 Fast.
1286 1299 1336 1322 iv.
1351 1293 1426 1323 376.
1449 1299 1494 1321 ex
1514 1290 1660 1321 vetustis

201 1329 453 1370 exemplaribus
477 1330 572 1370 legit,
598 1332 709 1372 populo
727 1332 883 1370 Quirino,·
917 1336 953 1364 et
974 1333 1022 1364 ita
1048 1333 1151 1364 etiam
1178 1333 1324 1373 Cuning.
1341 1338 1377 1365 et
1403 1332 1598 1365 Broukhus.
1615 1332 1659 1363 ad

201 1371 362 1412 Propert.
379 1381 432 1404 ιν.
448 1376 588 1405 10.-48
613 1374 718 1414 ocyus
734 1375 833 1408 Gott.
879 1375 977 1407 Ocior
989 1385 1106 1408 omues
1121 1374 1223 1408 codd.
1238 1375 1409 1407 Torrentii
1426 1380 1461 1407 et
1477 1374 1557 1407 edd.
1573 1379 1659 1406 vett.

199 1416 284 1446 —51
310 1415 379 1447 Nec
393 1415 478 1447 sinas
493 1415 632 1448 Brodaei
647 1417 770 1449 codex.

857 1480 998 1514 NOTAE

198 1551 276 1584 cap.
290 1545 343 1576 10.
361 1547 398 1576 et
413 1546 468 1576 29.
485 1547 590 1577 antea
605 1545 666 1578 cit.
684 1545 789 1578 Ovid.
806 1546 901 1580 Fast.

199 1600 257 1625 ιιι.
280 1595 357 1626 707.
390 1595 540 1627 Coesaris
563 1594 810 1628 interfectores
832 1597 900 1629 tale

198 1642 295 1676 nefas
310 1644 398 1685 ausi,
409 1645 532 1687 inquit,
547 1647 558 1666 ‘
572 1646 688 1678 Morte
698 1646 820 1691 jacent
833 1656 902 1679 me-

198 1693 276 1726 rita.
310 1694 431 1727 Testes
447 1700 559 1727 estote
570 1696 743 1738 Philippu
761 1697 807 1728 Et
820 1706 901 1738 quo-

197 1753 271 1776 rum
283 1745 413 1786 sparsis
424 1745 558 1778 ossibus
567 1746 662 1778 albet
675 1747 806 1780 liumus.
823 1747 902 1780 Hoc

196 1796 377 1837 opus,haec
389 1797 596 1838 pietas,liaec
609 1797 718 1838 prima
729 1798 902 1830 elementa

196 1844 339 1878 fuerunt
355 1846 513 1888 Caesafis,
527 1847 645 1879 ulcisci
657 1847 755 1888 justa
769 1857 833 1890 per
848 1857 901 1880 ar-

197 1904 253 1926 ma
268 1896 427 1935 patrem!

240 1947 282 1976 45
306 1944 403 1976 Sem
417 1945 451 1976 in
465 1946 575 1977 coelum
593 1946 718 1986 redeas]
741 1947 798 1978 Sic
815 1948 901 1979 mul-

198 2000 253 2027 tos
277 2004 384 2027 annos
407 1995 567 2036 Augusto
585 2000 743 2036 exoptat,
757 1991 900 2037 ejusque

198 2046 415 2086 praesentiam
432 2055 600 2087 opemque
620 2046 759 2086 Populo
776 2047 899 2078 Roma-

196 2105 242 2127 no
264 2095 493 2127 necessariam
513 2101 617 2137 atque
644 2095 825 2127 amabilem
846 2105 898 2127 as-

198 2147 285 2179 serit
312 2147 436 2180 Poe'ta.
479 2147 568 2179 Vide
594 2148 739 2179 Sueton.
769 2146 897 2181 Octav.

196 2206 273 2238 cap.
289 2200 343 2233 56,

238 2251 282 2280 49
307 2249 444 2289 Magnos
457 2248 644 2291 triumphos]
667 2249 805 2281 Sueten.
828 2249 897 2281 Oc-

197 2303 266 2332 tav.
281 2309 358 2340 cap.
373 2302 428 2332 22.
441 2301 451 2318 ‘
464 2300 607 2331 Curules
624 2300 812 2341 triumphos
828 2304 898 2331 tres

196 2348 282 2390 egit,
309 2349 554 2390 Dalmaticum,
576 2348 774 2390 Actiacum,
794 2349 898 2381 Alex-

196 2399 389 2439 andrinum,
415 2400 580 2432 continuo
616 2400 731 2432 triduo
766 2410 896 2433 omnes.

196 2449 258 2480 Bis
280 2459 384 2482 ovans
409 2450 578 2491 ingressus
600 2450 718 2482 urbem
738 2454 804 2490 est,
820 2455 899 2492 post

194 2498 431 2541 Philippense,
453 2505 490 2532 et
506 2510 622 2533 rursus
646 2504 724 2542 post
747 2501 898 2533 Siculum

196 2547 347 2581 bellum?

238 2600 280 2628 60
296 2597 364 2629 Hic
377 2608 461 2631 ames
474 2600 539 2631 dici
552 2600 667 2641 Pater]
683 2601 736 2632 Ex
752 2600 896 2633 Sueton.

196 2646 323 2680 Octav.
346 2657 424 2690 cap.
439 2652 493 2682 58.
515 2652 609 2683 nullo
636 2652 745 2693 magis
766 2652 897 2684 honore

194 2697 332 2728 laetatus
348 2702 404 2729 est
423 2697 615 2740 Augustus,
633 2711 734 2743 quam
756 2711 834 2733 cum
852 2701 897 2733 ab

194 2747 360 2780 universis
377 2749 589 2792 maximoque
605 2761 771 2784 consensu
788 2753 896 2785 Pater

196 2798 327 2831 Patriae
350 2800 588 2831 consalutatus
614 2805 679 2833 cst.
732 2802 775 2833 Id
804 2802 895 2834 enim

196 2857 384 2889 cognomen
431 2847 604 2892 afferenti,
651 2851 894 2885 mandantibus

954 1546 1101 1586 cunctis,
1125 1544 1266 1577 Valerio
1286 1545 1445 1577 Messalae
1465 1544 1660 1586 lacrymans

952 1599 1004 1630 ita
1018 1598 1217 1639 responditz
1244 1599 1254 1617 ‘
1273 1598 1421 1639 Compos
1436 1597 1548 1630 factus
1563 1589 1659 1629 voio-

954 1658 1029 1680 rum
1045 1658 1208 1685 meorum,
1224 1648 1268 1680 P.
1283 1648 1323 1680 C.
1343 1647 1426 1689 quid
1442 1647 1533 1679 aliud
1547 1647 1658 1679 habeo

953 1699 1051 1730 Deos
1078 1698 1285 1730 immortales
1319 1698 1464 1739 precari,
1487 1707 1588 1740 qnam
1619 1701 1659 1729 ut

953 1748 1044 1780 hunc
1059 1757 1261 1780 consensum
1275 1751 1425 1779 vestrum
1441 1747 1484 1778 ad
1500 1747 1658 1779 ultimum

954 1799 1036 1835 vitm
1052 1797 1152 1829 finem
1168 1797 1250 1829 mihi
1267 1796 1422 1838 perferre
1437 1797 1542 1829 liceat
1550 1796 1574 1835 ζ’

997 1849 1103 1890 Atque
1114 1846 1283 1888 Princeps]
1307 1847 1444 1879 Cornel.
1458 1847 1571 1879 Tacit.
1585 1847 1658 1879 An-

954 1900 1023 1931 nal.
1054 1899 1172 1930 initio:
1206 1899 1216 1915 ‘
1233 1897 1357 1939 Lepidi
1388 1902 1493 1939 atque
1515 1897 1658 1930 Antonii

954 1958 1050 1979 arma
1063 1948 1096 1978 in
1109 1947 1303 1987 Augustum
1315 1956 1472 1979 cessere:
1486 1947 1543 1989 qui
1555 1956 1659 1980 cunc-

955 2005 991 2027 ta
1014 1996 1193 2027 discordiis
1218 1996 1377 2026 civilibus
1402 1996 1494 2027 fessa
1521 1997 1657 2030 nomine

953 2045 1127 2085 Principis
1145 2044 1206 2075 sub
1222 2044 1409 2085 Imperium
1425 2045 1586 2085 accepit.'
1610 2047 1658 2078 Et

953 2095 1021 2126 Dio
1036 2094 1095 2126 lib.
1110 2102 1189 2125 mu.
1215 2094 1264 2124 ita
1287 2093 1432 2125 scribit:
1461 2097 1472 2112 ‘
1487 2095 1658 2136 Princeps

952 2145 1101 2177 Senatus
1116 2143 1228 2175 dictus
1250 2148 1303 2175 est
1323 2148 1422 2176 sexto
1444 2144 1654 2186 Consulum

952 2205 994 2227 eo
1018 2204 1125 2234 more,
1149 2194 1208 2236 qui
1230 2194 1366 2235 integro
1385 2194 1568 2226 etiamnum
1584 2196 1654 2228 Po-

952 2245 1024 2287 puli
1043 2245 1078 2276 in
1094 2244 1230 2285 Repub.
1245 2247 1336 2275 statu
1354 2248 1515 2285 receptus
1532 2245 1633 2278 erat.'

994 2299 1035 2328 51
1060 2295 1188 2338 Medos]
1214 2294 1241 2325 A
1259 2294 1374 2327 Medis
1397 2295 1440 2327 ad
1462 2296 1600 2337 Persas,
1616 2301 1654 2330 et

951 2347 995 2381 ab
1017 2346 1069 2378 his
1095 2345 1137 2377 ad
1164 2345 1312 2377 Parthos
1337 2346 1474 2378 tandem
1500 2346 1654 2380 Orientis

952 2396 1139 2439 Imperium
1163 2396 1308 2428 transiit.
1351 2397 1444 2428 Hinc
1460 2397 1654 2438 promiscue

951 2449 1019 2481 tria
1035 2447 1199 2480 vocabula
1215 2447 1279 2479 ista
1299 2452 1506 2489 usurpantur
1525 2448 1653 2490 saepius

952 2499 997 2531 ab
1012 2498 1172 2531 Horatio.

993 2548 1131 2589 Inultos]
1153 2548 1250 2579 Tunc
1272 2547 1408 2588 populis
1431 2547 1506 2579 istis
1521 2546 1651 2579 inferre

949 2599 1074 2632 bellum
1090 2597 1323 2629 meditabatur
1338 2596 1526 2638 Augustus.
1561 2598 1650 2630 Vide

951 2650 1020 2683 od.
1037 2651 1090 2680 19.
1106 2647 1208 2688 hujus
1222 2647 1314 2679 libri.

994 2698 1162 2740 Equitare]
1202 2697 1367 2739 Equitatu
1398 2707 1460 2729 suo
1490 2698 1651 2730 Romanis

949 2750 1124 2782 insultare.
1169 2747 1235 2778 Vel
1269 2747 1360 2788 quod
1391 2746 1522 2779 urbana
1547 2749 1650 2780 etiam

947 2798 1083 2840 negotia
1119 2796 1306 2839 equitando
1344 2797 1465 2830 Parthi
1501 2796 1650 2839 obirent,

946 2849 1116 2884 Strabone
1132 2852 1235 2881 teste.
