1916 3190
240 216 326 259 186
726 222 769 267 Q'.
800 227 1011 258 nonnil
1046 228 1220 259 emico!

472 319 624 373 Frater
646 320 860 374 Megillae,
882 334 971 375 quo
992 322 1153 363 beatus

523 385 734 437 Vulnere,
756 400 846 441 qua
867 392 1021 441 pereat
1042 388 1218 440 sagitta.

412 453 574 495 Cessat
593 454 839 495 voluntas?
871 467 957 495 non
980 455 1070 496 alia
1089 454 1237 495 bibam

412 520 637 562 Mercede.
697 519 811 570 Quae
835 525 877 562 te
898 533 1087 574 cumque
1111 521 1262 562 domat
1282 519 1453 571 Venus,

472 586 578 628 Non
600 587 916 629 erubescendis
937 587 1082 629 adurit

1638 589 1695 629 15

529 653 739 707 Ignibus3
769 655 1042 708 ingenuoque
1063 668 1235 708 semper

414 720 580 762 Amore
600 734 764 775 peccas
782 735 792 762 ε
827 722 1036 776 quicquid
1057 723 1214 772 habes,
1238 734 1333 775 age,

419 788 609 842 Depone
632 789 734 830 tutis
756 789 1111 831 auribus—Ha!
1143 790 1286 839 miser,

246 917 377 949 Falerni
388 916 528 950 umeri?
572 918 724 951 Declaret
742 920 890 960 Opuntia:
905 921 1048 960 Megilloe
1056 921 1176 959 frater,
1192 931 1250 960 quo
1258 920 1344 959 felix
1359 920 1435 956 ictu,
1448 930 1507 960 quo
1522 920 1584 950 telo
1599 919 1696 950 inter-

245 963 309 991 eat.
361 959 489 990 Scilicet
506 961 629 991 renuis?
664 960 712 992 At
725 971 781 1000 ego
796 971 858 992 mm
872 962 937 993 alia
951 963 1127 994 conditione
1146 963 1269 1002 potabo.
1308 963 1401 993 Certe
1416 962 1555 1003 quisquis
1569 964 1599 992 le
1612 970 1698 991 amm·

245 1005 344 1039 tenet,
360 1001 442 1032 haud
454 1002 599 1042 pudenda
614 1002 752 1034 incendit
760 1003 892 1044 flamma
904 1014 914 1034 .·
924 1007 1015 1044 atque
1029 1004 1152 1035 liberali
1165 1014 1283 1044 semper
1291 1013 1394 1035 umore
1407 1003 1569 1044 delinquis.
1594 1003 1698 1041 Euge,

245 1045 454 1084 quodcumque
469 1043 529 1074 tibi
542 1043 758 1086 est,fidelibus
765 1046 854 1077 erede
864 1046 1025 1077 auriculis.
1046 1045 1120 1077 Ah!
1133 1045 1259 1086 infelix,
1269 1055 1358 1087 quam
1366 1055 1464 1086 praua
1474 1054 1543 1077 cm
1549 1044 1701 1083 voragine

851 1148 1095 1162 eeeeeeeeeeee

249 1224 289 1254 13
316 1223 424 1254 Cessat
436 1223 602 1263 eoluptas?
619 1222 767 1264 quinque
793 1224 895 1255 codd.
914 1224 1084 1264 Lambini,
1107 1225 1230 1266 optimi
1255 1229 1292 1256 et
1318 1224 1490 1257 vetustiss.
1514 1223 1698 1261 Torrentii‚

249 1265 366 1298 Graev.
385 1265 481 1297 Leid.
496 1270 532 1296 et
546 1265 671 1306 Regin.
683 1266 847 1307 Bentleii,
863 1267 1005 1299 Mente-l.
1025 1267 1173 1308 Franeq.
1187 1267 1255 1299 duo
1271 1267 1484 1306 Bersmauni,
1499 1266 1596 1298 Harl.
1612 1269 1645 1298 3.
1661 1270 1698 1298 et

250 1307 388 1348 quidam
404 1308 474 1348 alii,
491 1307 621 1338 solenni
635 1307 784 1340 librariis
802 1310 1076 1350 permutatione;
1100 1310 1197 1341 Harl.
1214 1313 1245 1341 1.
1260 1312 1291 1340 2.
1307 1311 1339 1341 4.
1352 1314 1384 1341 5.
1397 1312 1429 1341 6.
1444 1319 1520 1341 cum
1537 1308 1616 1340 edd.
1629 1318 1701 1339 om-

249 1350 348 1380 nibus
366 1351 610 1381 volunta—17
632 1351 756 1381 Ardore
772 1351 864 1391 Lips.
887 1354 918 1382 3.
943 1361 963 1382 a
986 1361 1031 1383 m.

1053 1354 1194 1392 pr.-—18
1219 1352 1275 1382 Ha
1290 1353 1386 1383 miser
1398 1356 1465 1383 tres
1478 1351 1600 1382 Bland.
1616 1351 1700 1382 Div.

249 1391 334 1423 silv.
350 1392 481 1423 Buslid.
497 1394 527 1422 1.
543 1394 576 1422 2.
595 1392 691 1423 Cnrr.
709 1393 848 1424 Martin.
859 1393 961 1424 Tons.
978 1398 1014 1425 et
1027 1394 1136 1424 Msld.
1149 1394 1315 1434 Cruquii;
1338 1399 1373 1425 et
1396 1394 1446 1425 sic
1468 1393 1548 1424 edd.
1562 1393 1699 1423 Venett.

250 1442 307 1475 ap.
323 1433 429 1466 Gesn.
450 1433 549 1466 Glar.
565 1434 683 1466 Lamb.
700 1435 803 1477 Cruq.
821 1440 857 1467 et
879 1436 983 1468 Baxt.
999 1436 1082 1467 item
1106 1436 1297 1468 Commeat.
1315 1435 1470 1478 Cruquii,
1486 1444 1562 1467 cum
1587 1434 1699 1466 Gloss.

907 1531 1047 1564 NOTAE

249 1589 328 1632 gula
352 1591 457 1624 verba
482 1592 626 1624 sonent!
671 1594 870 1627 Quinetiam
893 1599 948 1626 tot

247 1645 387 1684 cyathos
402 1644 615 1681 hauriebant,
639 1650 723 1686 quot
739 1646 852 1677 literas
867 1645 948 1677 ami-

248 1694 279 1725 ci
298 1694 350 1725 vel
367 1694 484 1726 amicae
497 1704 618 1726 nomen
630 1695 840 1727 continebat.
854 1696 948 1727 Mar-

247 1743 320 1774 tial.
338 1752 363 1774 1.
379 1746 432 1775 ⁷2.
458 1745 468 1762 ‘
488 1744 519 1776 N
525 1744 611 1775 aevia
631 1753 690 1776 sex
713 1745 858 1787 cyathis,
873 1754 948 1786 sep-

247 1796 318 1824 tem
333 1793 473 1826 Justina
487 1793 649 1827 bibatur!

293 1844 441 1884 O1mntioe
452 1844 569 1875 Frater
578 1843 734 1885 Megillae]
752 1845 820 1876 Per
833 1848 948 1877 notam

248 1892 503 1933 pulchritudine
513 1893 691 1934 Megillam
703 1895 776 1934 ejus
784 1893 891 1926 frater
899 1895 948 1925 in-

249 1941 396 1973 dicatur.
434 1941 582 1972 Oriundi
607 1947 706 1974 erant
735 1952 779 1974 ex
808 1943 949 1984 Opunte

230 2008 233 2010 >
250 1991 406 2022 Locridis
422 1991 515 2022 urbe.
942 2018 946 2021 .

267 2071 269 2073 ,
293 2042 332 2071 11
359 2039 429 2075 Quo
444 2039 551 2071 beatus
569 2039 718 2080 Vulnere]
743 2041 849 2081 Cujus
859 2050 950 2072 amo-

250 2098 288 2120 re
319 2093 501 2121 teneatur:
524 2098 593 2130 qua
618 2089 797 2130 Cupidinis
826 2091 952 2131 sagitta

250 2147 433 2180 percussus
459 2138 632 2179 langueat,
661 2148 763 2179 quam
786 2139 951 2180 virginem

253 2188 512 2225 aut‚mulierem
528 2188 706 2229 depereat.
743 2189 882 2230 Beatus]
904 2191 953 2222 Si-

253 2239 390 2282 quidem
408 2238 659 2271 redamabatur.

297 2291 336 2320 13
360 2289 471 2320 Cessat
485 2288 642 2329 voluntas]
670 2288 852 2321 Renuebat
868 2289 954 2321 indi-

254 2347 333 2370 care
359 2338 505 2370 Horatio
534 2337 686 2378 Megillae
711 2337 831 2378 frater,
852 2349 953 2380 quam

255 2389 450 2420 adamaret:
475 2392 512 2419 at
523 2387 581 2419 ille
595 2392 710 2419 monet
717 2388 777 2429 jus
793 2397 866 2420 esse
878 2398 955 2420 con-

253 2440 408 2470 vivarum
434 2438 468 2470 id
492 2437 534 2469 ab
561 2447 765 2479 unoquoque
789 2437 953 2470 sodalium

255 2491 414 2532 exigere:
441 2497 544 2531 quare
559 2488 614 2520 hic
628 2488 743 2520 statim
761 2492 881 2529 postea
895 2489 955 2520 ob·

255 2545 440 2580 temperat,
456 2548 602 2580 suosque
630 2547 775 2578 amores,
799 2538 887 2569 clam
908 2543 956 2570 ta·

255 2599 345 2628 men,
361 2595 396 2620 et
413 2590 446 2620 in
464 2599 581 2620 aurem
596 2588 764 2621 declarat.

302 2639 375 2670 Non
399 2639 462 2669 alia
477 2639 579 2670 bibam
594 2638 754 2679 Mercede]
777 2639 854 2671 Nisi
869 2638 956 2671 hanc

258 2689 405 2721 convivii
435 2690 545 2728 legem
575 2689 746 2726 observas,
771 2699 833 2721 nec
857 2689 955 2721 aliam

261 2749 334 2781 ego.
378 2738 413 2770 Si
440 2748 514 2780 quae
542 2740 585 2770 sit
607 2739 715 2770 amica
735 2744 793 2771 tua
823 2729 957 2772 recusas

1001 1594 1149 1636 aperire,
1169 1604 1234 1636 ego
1257 1603 1392 1636 quoqne
1415 1602 1508 1625 more
1533 1593 1699 1634 maj0rum

1001 1644 1118 1676 bibere
1131 1644 1344 1676 detrectabo.
1366 1642 1470 1685 Apud
1484 1643 1520 1676 J.
1536 1643 1629 1684 Lips.
1639 1643 1700 1674 cit.

1002 1702 1039 1728 et
1068 1697 1140 1728 haec
1170 1696 1316 1728 convivii
1347 1695 1403 1726 lex
1432 1693 1597 1726 habetur:
1633 1693 1643 1711 ⁴
1669 1693 1701 1724 A

1003 1747 1132 1778 summo
1158 1746 1199 1785 qd
1224 1746 1327 1777 imum
1350 1753 1442 1776 more
1465 1743 1629 1784 majorum
1652 1742 1703 1774 bi-

1004 1795 1132 1827 bunio-³
1168 1795 1260 1827 Item
1290 1795 1364 1826 haec
1391 1793 1519 1825 altera:
1545 1792 1556 1809 ‘
1574 1791 1702 1823 Decem

1004 1846 1119 1887 cyathi
1135 1855 1266 1877 summa
1282 1844 1376 1885 potio
1391 1841 1515 1875 sunto!
1618 1887 1620 1889 v

1048 1899 1087 1927 14
1113 1896 1194 1932 Quae
1205 1898 1235 1926 te
1246 1903 1370 1935 cumque
1381 1894 1486 1925 domat
1506 1889 1705 1931 Venetam]

1003 1946 1119 1977 Instat
1134 1945 1310 1984 Horatius,
1324 1953 1368 1975 ne
1382 1941 1561 1974 erubeseat
1582 1940 1640 1972 ille
1654 1939 1707 1971 in-

1005 1994 1122 2025 dicare
1153 1994 1332 2032 amasiam3
1355 1993 1452 2034 cujus
1480 2000 1563 2023 stne
1597 1998 1705 2028 amor,

1005 2046 1129 2082 utpote
1154 2042 1325 2081 ingenuae,
1351 2047 1387 2073 et
1413 2041 1576 2073 honestus
1601 2039 1648 2072 sit
1669 2042 1708 2071 et

1005 2091 1189 2131 gloriosus3
1213 2093 1376 2130 quantum
1402 2091 1478 2132 ipss
1494 2089 1630 2129 quidem
1645 2097 1706 2120 ex-

1006 2139 1193 2171 istimabat.

1050 2191 1090 2219 17
1115 2187 1271 2228 Quicquid
1292 2186 1396 2227 habes,
1414 2186 1536 2226 Depone
1557 2185 1636 2217 eutis
1650 2195 1706 2217 au-

1006 2237 1107 2278 ribus]
1140 2238 1304 2279 Quisquis
1325 2237 1370 2268 sit
1395 2245 1489 2268 amor
1516 2241 1607 2276 tuus,
1629 2239 1705 2267 tuto

1007 2288 1088 2320 mihi
1110 2287 1249 2318 declara
1276 2286 1372 2318 fideli
1400 2295 1601 2318 arcanorum
1630 2294 1706 2317 cus-

1009 2338 1101 2370 todi:
1126 2338 1211 2369 clam
1239 2337 1359 2369 saltem
1389 2335 1495 2377 aperi,
1518 2335 1547 2366 si
1566 2344 1634 2366 non
1656 2334 1707 2366 vis

1008 2389 1119 2430 palam
1134 2398 1142 2419 :
1159 2397 1203 2419 ne
1219 2386 1338 2418 dubita
1346 2385 1425 2417 mihi
1436 2389 1603 2417 secretum
1615 2393 1706 2416 eom-

1008 2438 1159 2477 mittere,
1173 2436 1263 2478 quod
1288 2436 1396 2467 invito
1411 2439 1447 2467 te
1469 2443 1639 2476 nunquam
1655 2442 1707 2466 re-

1008 2487 1139 2519 velsbo.

1053 2539 1095 2568 18
1117 2536 1197 2568 Ha!
1219 2534 1328 2576 miser]
1353 2535 1443 2575 Ergo
1466 2532 1620 2573 Megillae
1639 2531 1708 2565 fra-

1011 2592 1064 2619 ter
1089 2586 1208 2619 annuit
1230 2587 1365 2618 tandem
1392 2589 1428 2616 et
1452 2583 1594 2619 amicam
1612 2592 1708 2615 suam

1010 2637 1138 2669 indicat
1156 2636 1322 2668 Horatio:
1340 2639 1375 2666 at
1391 2634 1458 2674 uic,
1473 2634 1613 2665 audieus
1629 2643 1706 2675 quae

1010 2688 1055 2719 sit
1075 2688 1144 2726 illa,
1170 2685 1319 2728 erumpit
1346 2685 1379 2717 in
1403 2683 1707 2716 commiserationis

1011 2746 1111 2770 voces
1127 2737 1221 2769 istas.
