1916 3190
218 225 304 267 392
695 239 738 277 Q.
769 237 982 269 noRA'rn
1017 237 1192 271 nacci

449 329 538 371 Ter
557 331 595 372 si
613 335 814 384 resurgat
831 344 981 372 murus
1001 330 1167 373 acuens

449 396 649 440 Auctore
670 399 865 451 Phoebo,
888 403 952 442 ter
970 403 1122 454 pereat
1138 401 1251 442 meis

506 466 700 508 Excisus
721 465 926 520 Argivis;
957 471 1022 508 ter
1041 481 1158 509 uxor

561 533 707 589 Capta
726 535 867 576 virum
891 548 1144 591 puerosque
1165 537 1325 590 ploret.

452 601 561 643 Non
576 602 672 644 haec
687 602 863 656 jocosae
884 604 1153 645 conveniunt
1172 603 1280 657 lyrae
1297 616 1308 645 ε

450 669 746 721 Quo,Musa‚
768 672 911 713 tendis
926 672 946 712 'l
983 671 1132 713 desine
1154 671 1370 725 pervicax

1622 334 1678 375 65

1624 671 1681 712 70

221 819 262 840 ex
276 818 337 840 oere
351 808 464 840 moem‘a
477 811 675 849 reparentur,
679 808 812 847 favente
822 808 981 850 Apolline,
993 812 1041 841 ter
1054 819 1172 850 quoque
1185 809 1292 840 diruta
1303 811 1543 849 prosternantur
1556 818 1576 838 a
1591 808 1683 837 Groe-

221 852 268 882 cis
282 852 360 883 mihi
374 852 514 883 dilectis:
537 855 587 883 ter
600 852 724 894 captiva
738 852 852 891 conjux
861 853 994 892 plangat
1006 852 1156 883 maritum
1170 852 1315 893 acfilios.
1358 853 1406 883 At
1419 851 1539 882 ludenti
1552 849 1683 881 citharae

220 894 285 926 ista
299 894 425 926 minime
439 898 627 934 congruunt.
675 894 745 930 Quo
755 894 876 935 pergis,
890 905 907 925 ο
919 895 1014 925 Musa
1025 892 1042 926 :2
1063 904 1149 926 cessa
1168 904 1298 927 narrare
1314 895 1465 936 pertinax
1477 892 1569 925 verba
1583 891 1685 923 numi-

834 988 853 999 e
857 989 871 1000 e
875 986 1076 1000 mueaeeeo

224 1070 256 1100 3.
273 1071 304 1099 5.
327 1076 404 1098 curn
422 1065 494 1097 aliis
511 1065 613 1097 codd.
638 1070 675 1098 et
697 1065 864 1098 edm-66
888 1064 1030 1096 Dua-tore
1043 1063 1224 1095 Pulmanni
1246 1062 1383 1096 Diesth.
1401 1061 1512 1095 Mald.
1529 1061 1689 1102 Crnqnii,

224 1110 283 1141 lib.
296 1110 399 1150 antiq.
416 1119 472 1149 ap.
490 1107 601 1141 Achil.
614 1108 704 1141 stat.
722 1112 812 1140 teste
829 1108 991 1146 Mureto;
1016 1106 1105 1138 unde
1122 1106 1156 1137 in
1182 1106 1262 1138 edd.
1283 1106 1448 1148 quasdam
1471 1106 1576 1138 venit.
1599 1105 1686 1136 Pro-

224 1153 286 1184 bat
301 1158 337 1183 et
353 1151 550 1183 Broukhus.
567 1151 610 1182 ad
622 1152 787 1191 Propert.
800 1159 825 1182 ι.
839 1153 870 1182 7.
889 1153 918 1181 1.
933 1154 970 1181 et
982 1150 1099 1180 Bur-m.
1113 1149 1155 1180 ad
1170 1149 1268 1189 Virg.
1285 1149 1360 1180 AEn.
1376 1159 1412 1181 v.
1426 1151 1504 1181 633.
1547 1148 1686 1180 Auctore

225 1195 324 1226 Harl.
339 1198 366 1226 l.
384 1197 415 1226 2.
433 1197 465 1225 3.
477 1197 511 1225 4.
524 1198 556 1225 5.
569 1197 602 1227 6.
625 1203 744 1226 omnes
761 1194 818 1225 alii
834 1192 936 1224 codd.
952 1197 988 1224 et
1004 1191 1083 1223 edd.
1108 1191 1271 1224 Structore
1287 1192 1379 1232 conj.
1397 1192 1601 1225 Reum—67
1616 1191 1686 1221 Ex-

226 1238 342 1269 scissus
358 1237 481 1268 Lamb.
498 1236 681 1278 legendum
698 1235 891 1276 contendit,
912 1240 947 1267 et
973 1235 1021 1267 sic
1043 1234 1166 1266 Heius.
1210 1234 1300 1267 Vide
1313 1234 1426 1277 Heyn.
1442 1234 1485 1267 ad
1501 1234 1598 1275 Virg.
1611 1233 1687 1264 AEn.

224 1289 266 1312 n.
282 1281 447 1311 flam—69
469 1279 562 1311 Mira
586 1280 737 1311 varietas
762 1279 864 1311 codd.
881 1278 916 1310 in
933 1279 965 1310 h.
980 1288 1012 1310 v.
1028 1277 1084 1308 hoc
1100 1277 1132 1316 ,5.
1153 1277 1314 1310 conueniet
1338 1286 1455 1310 omnes
1482 1275 1625 1318 cruquii
1652 1281 1689 1308 et

227 1323 426 1362 Pulnnanni‚
447 1323 567 1363 plures
587 1323 771 1362 Torrentii,
787 1330 906 1354 omnes
922 1320 1089 1360 Bentleii,
1107 1325 1235 1361 praeter
1251 1325 1410 1362 quatuor,
1427 1319 1566 1362 quidam
1588 1319 1688 1350 Lam-

223 1365 311 1402 bini,
335 1366 480 1406 Franeq.
496 1364 588 1398 Altt.
605 1368 634 1396 1.
649 1368 681 1397 2.
709 1363 905 1400 Helmstad‚
930 1364 1040 1404 Lipss.
1057 1370 1139 1401 tres,
1157 1372 1244 1395 unus
1258 1363 1477 1403 Bersmanui,
1499 1363 1586 1394 Exc.
1606 1362 1688 1393 Sax-

225 1407 325 1439 Harl.
342 1410 372 1438 1.
389 1410 421 1438 2.
436 1410 468 1439 4.
484 1410 516 1439 5.
542 1407 666 1440 Venet.
683 1410 780 1439 1478.
802 1406 923 1438 Baaill.
941 1406 1077 1437 Fabi-ic.
1095 1405 1200 1447 Cruq.
1214 1407 1371 1440 vertent.
1394 1406 1556 1446 Rutgers.
1569 1404 1686 1435 Bentl.

226 1454 263 1482 et
278 1449 386 1482 Kidd.
408 1449 465 1481 hoc
481 1450 511 1489 ,5.
524 1450 687 1481 conveniat
703 1449 840 1490 quidam
856 1448 1045 1483 Torrentii,
1061 1447 1211 1481 Bentleii
1225 1449 1353 1479 Battel.
1370 1445 1472 1485 Bodl.
1490 1451 1527 1479 et
1542 1446 1688 1486 Vigorn.

225 1493 282 1524 hoc
293 1493 324 1532 ,5.
341 1492 521 1524 convenient
538 1492 631 1533 Lips.
646 1495 677 1524 4.
700 1492 766 1523 haec
780 1491 812 1530 ,5.
827 1490 990 1523 conveniet
1012 1490 1158 1521 Mentel.
1180 1495 1215 1522 et
1241 1491 1343 1522 Dess.
1369 1493 1402 1522 2.
1423 1487 1519 1527 hoaj.
1543 1488 1686 1520 convenit

223 1534 376 1566 Bentleii
391 1534 550 1567 Petrens.
568 1539 604 1566 et
620 1534 757 1576 qnidam
776 1534 855 1574 alii;
879 1533 946 1564 hoec
965 1533 996 1572 ,5.
1022 1533 1205 1564 convenient
1235 1532 1350 1574 plures
1370 1531 1549 1571 Lambini;
1580 1531 1629 1562 sic
1651 1533 1689 1562 et

226 1577 307 1609 edd.
323 1576 442 1609 Lamb.
458 1582 494 1609 et
510 1577 634 1610 Heius.
655 1577 722 1608 haec
736 1577 763 1616 ,5.
785 1576 972 1608 conveniunt
986 1575 1084 1606 Harl.
1101 1577 1132 1608 3.
1144 1578 1176 1607 6.
1202 1575 1339 1617 quidam
1357 1574 1527 1615 Lambini,
1542 1573 1687 1606 Locher.

226 1620 354 1652 Venet.
372 1622 468 1652 1492.
491 1620 574 1652 Vet.
593 1619 713 1652 Comb.
729 1620 874 1652 Ascens.
895 1618 1017 1659 steph.
1032 1617 1114 1649 Fab.
1130 1618 1260 1650 Dacer.
1279 1619 1382 1650 Baxt.
1398 1618 1543 1659 Cuniug.
1559 1615 1688 1649 Sanad.

889 1716 1031 1749 NOTAE
1070 1748 1072 1750 ,

228 1783 271 1815 ab
308 1783 398 1816 Jove
443 1782 675 1824 incipiendum
719 1782 932 1814 memoravit.

228 1834 322 1866 Hinc
345 1833 440 1866 Juno
468 1837 504 1864 et
527 1842 625 1864 soror
647 1832 722 1874 ejus
744 1837 779 1864 et
804 1832 934 1874 conjux

227 1888 383 1915 vocatur.
429 1883 493 1915 Est
509 1886 624 1914 autem
639 1883 662 1916 J
667 1892 731 1914 uno
747 1882 823 1915 aer:
850 1881 935 1914 dici-

228 1939 353 1975 turque
368 1943 477 1972 soror,
494 1934 576 1974 quia
593 1933 779 1965 seminibus
802 1933 936 1972 iisdem,

229 1983 351 2025 quibus
367 1985 505 2025 coelum,
520 1985 623 2015 etiam
638 1984 697 2016 aer
711 1989 765 2016 est
778 1994 937 2025 procrea·

229 2038 308 2065 tus:
331 2033 473 2074 conjux,
490 2034 570 2075 quia
585 2035 672 2066 coelo
685 2034 865 2076 subjectus
882 2040 935 2067 est
959 2046 962 2049 ’

231 2081 314 2114 aer!

271 2134 315 2164 66
338 2131 476 2166 Auctore
491 2131 623 2173 Phoebo]
663 2131 765 2164 Hunc
782 2133 935 2175 impense

228 2181 386 2223 Trojanis
400 2179 527 2213 favisse
542 2186 756 2222 compertum
772 2186 836 2215 est.
870 2185 934 2215 Le-

231 2236 318 2273 gunt
334 2230 472 2273 quidam
488 2231 638 2263 Ductore.

276 2279 470 2323 Teo-pereat]
493 2279 647 2312 Allusum
665 2280 802 2313 videtur
816 2281 859 2313 ad
876 2281 934 2313 tri-

231 2334 313 2376 plex
327 2332 382 2364 Ilii
395 2331 580 2371 excidium,
590 2331 698 2372 primo
711 2332 754 2363 ab
770 2330 934 2373 Hercule,

231 2384 357 2417 deinde
380 2393 404 2417 a
431 2382 578 2422 Graecis,
601 2386 722 2423 postea
745 2382 764 2414 a
788 2383 827 2415 C.
845 2383 934 2415 Fim-

231 2434 320 2476 bria,
335 2432 480 2476 Syllanis
496 2431 720 2473 temporibus,
732 2436 770 2463 ut
782 2436 862 2464 ante
876 2441 935 2464 an-

232 2485 363 2518 notavi.
405 2483 496 2515 Vide
511 2481 718 2524 Appianum.

275 2536 363 2568 Meis
381 2535 519 2567 Excisus
543 2533 692 2575 Argivis]
711 2532 858 2574 Argivos
873 2533 936 2566 Ju⁴

233 2596 277 2618 no
290 2586 432 2617 fovebat
446 2584 603 2625 maxime,
619 2583 710 2626 qnod
725 2584 799 2625 ipsa
815 2584 936 2625 praeci-

233 2645 302 2677 pue
326 2634 431 2675 Argis
454 2633 652 2674 colebatur;
682 2643 757 2676 quae
773 2634 855 2666 urbs
871 2633 935 2665 Ar·

233 2686 298 2727 giae
317 2684 547 2725 Peloponnesi
563 2684 710 2726 regionis
726 2685 885 2725 princeps
901 2687 937 2716 et

234 2739 339 2777 caput
351 2739 441 2765 erat.
481 2734 520 2765 In
536 2744 577 2766 ea
591 2734 736 2767 sedebat
753 2735 828 2767 Rex
844 2734 936 2777 Aga-

233 2795 393 2820 memnon
408 2785 543 2818 Graecae
559 2785 594 2817 in
612 2786 779 2827 Trojanos
795 2786 936 2829 expedi-

988 1781 1090 1813 tionis
1104 1782 1188 1814 Dux
1201 1785 1236 1814 et
1250 1780 1457 1822 Imperator.
1479 1779 1604 1822 virgil.
1615 1779 1692 1813 AEn.

988 1839 1016 1864 1.
1031 1833 1088 1864 2⁷.
1111 1832 1122 1849 ‘
1134 1832 1270 1864 Memor
1285 1830 1445 1863 Saturnia
1459 1829 1555 1869 belli,
1574 1827 1693 1863 Prima

989 1881 1082 1923 quod
1109 1881 1153 1913 ad
1175 1881 1310 1923 Trojam
1335 1890 1399 1922 pro
1421 1880 1511 1913 caris
1536 1885 1694 1922 gesserat

990 1931 1118 1971 Argis!

1032 1984 1074 2014 67
1101 1982 1162 2014 Ter
1175 1991 1256 2013 uxor
1268 1981 1382 2023 Capta,
1399 1981 1471 2024 esa]
1493 1981 1560 2014 Vel
1572 1980 1694 2024 Troja-

990 2040 1043 2062 uae
1060 2032 1221 2063 mulieres
1237 2031 1402 2074 quaelibet
1413 2040 1522 2064 caesos
1537 2036 1597 2064 aut
1612 2039 1695 2073 cap·

990 2085 1043 2112 tos
1060 2081 1199 2122 lugeant
1215 2087 1252 2113 et
1276 2082 1362 2122 ipsae
1378 2081 1539 2123 captivae,
1552 2082 1627 2114 aliae
1644 2082 1694 2114 vi-

989 2140 1044 2162 ros
1067 2141 1159 2171 suos,
1180 2132 1256 2163 aliae
1276 2132 1384 2164 filios:
1410 2132 1479 2172 vel,
1493 2142 1575 2164 uxor
1591 2133 1694 2173 Capta

988 2182 1102 2219 virum,
1122 2182 1266 2215 Hecuba
1291 2183 1478 2221 Priamum,
1501 2182 1694 2216 Androma-

990 2232 1053 2262 che
1071 2232 1276 2272 Hectorem,
1294 2243 1466 2274 puerosque
1486 2234 1600 2274 ploret,
1620 2233 1694 2266 haec

989 2279 1217 2322 Astyanacta,
1234 2282 1291 2312 illa
1308 2292 1388 2313 vero
1410 2283 1611 2323 Hectorem,
1626 2282 1694 2314 P·-

989 2329 1051 2368 rin,
1068 2330 1299 2370 Deiphobum,
1309 2331 1474 2371 Troilum,
1488 2334 1553 2364 &c-

1031 2382 1074 2411 69
1099 2379 1172 2410 Non
1190 2380 1256 2410 haec
1266 2379 1383 2418 jocosoe
1402 2376 1588 2412 conveniunt
1602 2382 1692 2423 1yroe,

987 2430 1057 2471 εμπ]
1080 2429 1231 2471 Egregie
1255 2439 1292 2461 se
1321 2429 1428 2462 Poeta
1450 2430 1694 2472 comprimitiu

988 2480 1064 2522 ipso
1094 2479 1230 2511 Poetici
1262 2479 1396 2511 ardoris
1427 2480 1571 2522 impetu,
1595 2481 1711 2524 quasi·

990 2535 1060 2563 tam
1076 2540 1181 2572 grave
1197 2534 1434 2571 argumentum
1451 2529 1540 2561 haud
1558 2530 1694 2571 Lyricis

990 2582 1145 2615 versibus
1163 2581 1250 2614 bene
1266 2582 1469 2613 conveniat:
1495 2581 1569 2622 ipse
1582 2585 1696 2614 tamen

989 2633 1033 2665 ad
1049 2633 1193 2665 Pisones
1218 2633 1268 2664 ita
1293 2632 1413 2664 docet:
1440 2631 1450 2649 ‘
1467 2631 1572 2663 Musa
1597 2632 1695 2665 dedit

987 2682 1113 2716 fidibus
1143 2683 1266 2724 Divos,
1302 2691 1496 2725 puerosque
1527 2683 1693 2726 Deorum,

989 2737 1036 2768 Et
1044 2737 1210 2778 juvenum
1227 2744 1338 2776 curas,
1354 2739 1389 2766 et
1404 2734 1515 2766 libera
1539 2734 1620 2766 vina
1641 2744 1694 2766 re-

989 2786 1106 2820 ferre.’
1129 2787 1175 2818 Et
1190 2785 1359 2819 Pindarus
1377 2785 1504 2827 aliique
1519 2794 1573 2818 res
1596 2793 1693 2828 quas-
