1916 3190
528 255 541 265 ·
606 255 877 288 csmumuu
909 255 1004 284 ms.
1034 253 1065 283 1.
1094 241 1166 283 31.

1517 237 1607 280 207-

330 354 435 394 Frui
453 352 620 406 paratis
638 356 685 392 et
703 349 852 392 valido
871 348 992 398 mihi,

330 419 489 470 Latois,
505 418 663 468 dones,
684 420 742 467 et,
761 428 927 471 precor,
945 415 1113 466 integra

160 539 276 568 tenues·
314 536 345 566 0
356 535 559 576 Laeonoefili,
574 535 615 566 do
626 533 703 565 mihi
716 533 829 571 ualere,
841 534 874 563 et
882 530 983 571 potiri
992 529 1155 571 acqui-itta
1162 539 1177 566 ;
1190 537 1246 560 nec
1256 537 1316 559 non
1330 537 1398 558 eum
1410 537 1488 558 sana
1502 529 1604 558 mente

763 614 840 626 ‘a‘
845 613 1002 626 ‘mm

160 674 248 703 —lo
267 671 366 703 Harl.
379 674 412 703 2.
432 675 469 702 et
483 670 624 701 Venett.
646 669 889 700 cichorea—1⁷
911 667 976 698 Vir
989 666 1125 708 quidam
1141 665 1264 697 doctus
1289 674 1344 705 ap.
1356 664 1476 697 Jones.
1503 666 1535 693 et
1550 673 1603 693 ta-

162 714 248 750 lide3
281 713 381 745 Fabr.
401 722 419 743 o
432 712 557 749 validm·
578 711 646 743 duo
660 710 762 743 codd.
778 708 990 758 Qersmanni,
1011 711 1047 740 at
1060 708 1262 739 validm—18
1283 706 1379 739 Leto&
1404 715 1447 738 ex
1475 710 1600 736 vetust.

813 803 954 836 NOTAE

163 871 289 910 culum,
310 870 388 902 Diis
414 870 456 901 ad
481 870 552 911 eJus
574 869 714 901 crimina
738 868 855 900 conni-

165 919 334 959 ventibus,
347 925 445 951 certe
459 929 670 961 nequaquam
685 918 857 950 vindican-

166 969 270 1002 tibus.
314 969 456 1001 Interim
478 978 559 1000 vero
584 970 640 1000 ille
664 977 792 1000 merces
815 968 857 999 ab

166 1019 311 1051 Oriente
329 1019 490 1050 advectas
512 1019 544 1049 in
561 1017 751 1050 Occidente
766 1027 857 1049 com·

167 1073 288 1102 mutat.
304 1068 413 1108 Syriis
433 1069 614 1108 unguentis
630 1068 707 1098 vina
722 1077 858 1106 compa-

169 1122 222 1147 rat
235 1126 413 1157 generosa,
436 1117 534 1147 laetus
548 1117 558 1133 ‘
571 1116 668 1156 bibit,
682 1126 721 1147 ac
737 1115 861 1147 fruitur

170 1166 231 1197 Dis
254 1164 376 1204 iratis,'
397 1174 463 1196 non
490 1174 585 1196 secus
606 1174 646 1196 ac
670 1166 800 1196 Marius
826 1174 861 1196 a·

171 1214 242 1255 pud
263 1214 423 1247 Juvenal.
446 1214 519 1246 Sat.
537 1223 562 1245 1.
574 1217 630 1245 49.
671 1213 759 1245 Atat
784 1223 861 1245 cum

170 1263 237 1294 iste
260 1263 341 1294 mibi
365 1263 458 1295 locus
483 1262 653 1303 objicitur,
674 1262 861 1303 ‘Cynthius

170 1321 287 1344 aurem
295 1311 413 1350 vellit,
425 1316 462 1343 et
472 1311 648 1342 admonuit
657 1311 667 1325 '
679 1321 796 1352 parum
808 1320 862 1342 so·

169 1361 275 1394 lerter
286 1371 326 1393 ae
341 1361 475 1392 naviter
489 1360 583 1391 illum
599 1370 619 1391 a
633 1370 688 1391 me
703 1359 792 1391 haud
814 1360 864 1391 ita

170 1408 303 1451 pridem
317 1409 551 1450 explanatum,
565 1408 667 1439 immo
683 1408 747 1440 vim
763 1413 800 1439 et
813 1408 862 1439 lu-

171 1468 245 1491 cem
260 1457 458 1490 diminutam
476 1458 612 1497 eximiae
628 1457 752 1500 alioqui
774 1457 862 1489 Sati-

169 1507 232 1542 riei
244 1509 438 1541 sententia.
459 1508 608 1540 Fatebor
621 1517 686 1548 ego
698 1507 789 1549 quod
806 1517 860 1539 res

171 1561 227 1593 est
252 1557 388 1590 candidi
418 1567 553 1599 semper
581 1558 706 1599 ingenii
722 1569 732 1589 2
767 1566 861 1588 mens

172 1612 244 1639 tum
258 1607 344 1640 laevs
357 1607 567 1639 dormitavit.
596 1607 776 1638 Enimvero
793 1606 862 1638 illic

170 1655 346 1689 ,luvenalis
368 1665 434 1688 non
456 1656 556 1687 modo
577 1656 769 1696 significare
791 1655 864 1686 vult

172 1705 321 1737 nntium
344 1705 479 1746 impune
502 1704 595 1735 ferre
621 1714 683 1735 sua
704 1703 804 1743 furta,
830 1707 866 1734 et

175 1754 282 1795 raptis
295 1753 376 1793 frui,
389 1760 429 1784 ut
441 1753 568 1784 ibidem
583 1758 792 1792 annotaram,
805 1753 864 1783 sed

175 1809 210 1835 et
223 1804 267 1834 de
280 1803 382 1835 exilio
396 1813 459 1834 suo
472 1804 594 1843 laetari,
608 1803 642 1834 in
657 1812 724 1843 quo
740 1811 760 1832 a
775 1802 866 1832 curis

175 1853 275 1893 Reip.
288 1852 469 1893 expeditus
483 1853 583 1892 genio
597 1852 735 1882 liberius
756 1850 868 1881 indul-

176 1905 248 1941 get,
272 1900 336 1932 ‘ab
350 1905 473 1933 octava
491 1901 596 1932 hora'
622 1900 771 1932 suaviter
795 1901 806 1917 ‘
819 1900 868 1931 bi-

177 1950 254 1989 bit:
275 1951 385 1982 otiose
406 1945 581 1991 epulatur.
594 1955 695 1990 atque
717 1949 803 1980 adeo
827 1958 869 1979 ex

178 1998 314 2030 infensis
334 1999 413 2030 Diis
428 1999 521 2039 capit
535 1998 813 2036 emolumentum,
825 2005 869 2027 ex

177 2049 230 2081 ira
250 2048 422 2080 numinum
443 2048 509 2078 sibi
531 2047 627 2088 qnasi
651 2045 792 2077 delicias
819 2043 869 2075 fa·

179 2098 241 2130 eit.
284 2097 374 2129 Vide
387 2097 498 2138 Epist.
517 2095 559 2126 ad
576 2095 649 2126 Pis.
662 2096 738 2125 445.
753 2093 868 2134 ibique

182 2144 287 2180 Not-⁴

220 2195 276 2226 He
284 2197 416 2235 μασι-ιιι
428 2193 529 2233 olivoe,
541 2192 613 2233 ξω]
636 2194 709 2234 Ego
718 2202 800 2225 vero
815 2202 869 2224 me

178 2243 363 2275 feliciorem
377 2243 443 2274 illis
461 2242 651 2273 hominibus
665 2242 870 2278 existimem,

179 2292 312 2325 modico
333 2298 370 2324 et
392 2291 537 2333 parabili
556 2290 634 2323 cibo
649 2292 872 2332 victitantem,

180 2342 210 2373 si
233 2341 335 2374 modo
355 2342 548 2382 largiantur
569 2341 627 2372 Dii
644 2341 766 2372 bonam
781 2342 871 2373 vale-

182 2391 355 2430 tudinem;
374 2389 520 2422 fortunae.
537 2390 648 2422 tenuis
668 2400 764 2421 usum
780 2396 872 2422 tran-

181 2442 387 2483 quillumhae
403 2441 548 2482 poeseos
562 2441 826 2473 oblectamenta.

226 2489 343 2530 Olina]
362 2491 413 2522 Ex
429 2490 519 2522 Piin.
532 2499 594 2522 xv.
606 2493 638 2522 3.
651 2490 763 2522 Otivae
772 2491 805 2521 in
817 2490 873 2521 AE-

183 2544 290 2580 gypto
315 2539 571 2578 carnosissimae,
589 2539 654 2570 olei
678 2543 794 2570 tamen
816 2539 874 2569 ha-

183 2589 267 2620 beut
287 2589 467 2629 exiguum:
490 2590 525 2620 in
549 2589 648 2631 Syria
673 2599 787 2630 parvm
811 2597 874 2619 nec

186 2638 325 2678 cappari
350 2638 506 2678 majores,
518 2648 621 2670 carne
637 2637 874 2669 commendau-

187 2691 254 2717 tnr.
276 2687 286 2703 ⁸
300 2687 408 2719 Quam
423 2688 466 2718 ob
476 2698 609 2720 causam
622 2688 752 2720 Italicis
768 2693 875 2718 trans·

187 2736 326 2767 marinae
355 2736 582 2776 praeferuntur
609 2738 643 2768 in
673 2737 770 2773 cibis,
799 2746 874 2768 cum

909 867 984 898 oleo
1002 867 1203 897 vincantur:
1227 869 1263 896 et
1288 865 1322 895 in
1344 864 1420 904 ipsa
1434 862 1537 894 Italia
1550 871 1607 894 ce-

910 915 992 947 teris
1009 915 1146 946 Picenae
1168 920 1204 946 et
1225 913 1395 945 Sidicinae.
1437 912 1516 943 Sale
1539 911 1606 942 illae

910 966 1054 1006 primum
1083 964 1300 999 condiuntur,
1327 968 1364 994 et
1389 965 1428 993 ut
1455 960 1609 1002 reliqua»,

910 1023 1060 1053 amurca,
1091 1011 1235 1054 (muria)
1263 1020 1416 1051 sapave:
1447 1019 1510 1042 nec
1539 1019 1608 1041 non

913 1064 1035 1104 aliquae
1051 1063 1126 1093 oleo
1141 1061 1518 1101 suo...herbarutnque
1532 1059 1611 1091 viri-

914 1114 1006 1144 dium
1034 1122 1157 1152 sapore
1177 1111 1380 1143 condiuntur
1390 1109 1413 1149 ;'
1436 1109 1609 1150 praecipue

915 1162 1078 1196 soeniculi,
1107 1162 1142 1193 in
1167 1160 1385 1193 Narbonensi
1408 1159 1534 1200 Gallia,
1559 1159 1609 1190 in·

915 1213 989 1254 quit
1004 1212 1204 1251 Dalecamp.

957 1265 1000 1294 1⁶
1032 1261 1196 1302 eichorn]
1233 1261 1382 1301 Κιχόρια,
1413 1260 1547 1302 κιχόρω,
1574 1264 1612 1291 et

913 1312 1063 1354 κιχόρεια,
1078 1313 1218 1352 pluralis
1232 1321 1354 1352 nempe
1374 1311 1518 1347 numeri,
1534 1320 1611 1351 quae

913 1367 1067 1402 agrestes
1082 1362 1210 1400 berbae,
1223 1361 1312 1393 sicut
1333 1366 1370 1392 et
1390 1361 1504 1396 malva,
1523 1361 1613 1392 inter

914 1412 1009 1444 cibos
1036 1416 1073 1443 et
1098 1412 1213 1443 edulia
1236 1416 1403 1450 veterum,
1429 1410 1557 1451 pariter
1575 1414 1613 1440 et

913 1462 1017 1502 olive,
1033 1467 1254 1493 recensentur
1274 1471 1295 1493 a
1316 1461 1388 1494 Jul.
1402 1460 1546 1492 Polluce
1560 1467 1611 1490 vr.

914 1514 947 1542 9.
990 1509 1080 1542 Vide
1094 1510 1286 1542 casaubon.
1302 1510 1337 1541 iu
1355 1509 1480 1541 Athen.
1492 1518 1548 1540 ιιι.
1559 1511 1613 1540 32.

915 1559 973 1591 ubi
984 1558 1136 1590 Alexidis
1154 1569 1286 1590 versum
1300 1559 1351 1590 ita
1363 1559 1525 1599 corrigit:
1546 1560 1614 1590 Τῶν

915 1610 995 1648 ’γαῦν
1014 1608 1175 1649 κιχορείων
1200 1609 1256 1639 οὔκ
1284 1606 1399 1647 ἔπραξά
1423 1607 1454 1638 o'
1475 1606 1545 1638 οὐδὲ
1567 1606 1613 1638 ἔν.

918 1659 1027 1689 Porro
1043 1667 1110 1699 qua
1125 1659 1253 1689 ratione
1269 1658 1370 1697 coqui
1394 1661 1530 1688 veteres
1544 1657 1614 1688 ole-

919 1717 956 1738 ra
971 1708 1038 1737 ista
1053 1711 1216 1746 pararent
1230 1711 1266 1737 et
1280 1705 1473 1745 condirent,
1489 1705 1614 1736 edisse-

919 1755 969 1786 rit
987 1755 1137 1786 Galenus
1165 1764 1209 1784 ex
1244 1754 1453 1784 Erasistrato
1481 1753 1541 1784 lib.
1571 1753 1616 1784 de

920 1803 1079 1834 Sectione
1094 1804 1200 1834 Venae
1215 1802 1257 1833 ud
1275 1803 1529 1834 Erasistrateos.
1561 1802 1616 1834 ld.

921 1852 1064 1884 casaub.
1090 1852 1181 1883 Ibid.
1226 1852 1357 1883 Latinis
1381 1856 1520 1883 vocatur
1547 1860 1616 1882 am·

921 1901 1059 1938 bubeia,
1081 1900 1230 1940 intybum
1251 1905 1289 1932 et
1313 1900 1479 1940 intybum.
1523 1899 1616 1931 Non.

923 1950 1066 1981 Marcel.
1079 1959 1122 1981 ex
1133 1950 1240 1981 Lucil.
1252 1950 1326 1981 Sat.
1339 1950 1398 1981 tib.
1410 1958 1446 1981 v.
1468 1949 1479 1966 ⁴
1494 1950 1618 1989 virgil.

923 1999 1051 2039 Georg.
1068 2007 1119 2030 iv.
1130 2001 1204 2030 12⁰.
1228 1999 1238 2015 ‘
1251 1998 1395 2039 Quoque
1410 1998 1511 2029 modo
1527 1998 1617 2038 potis

922 2047 1111 2088 gauderent
1122 2047 1240 2088 intyba
1260 2046 1362 2079 rivis:
1407 2047 1618 2087 Pomponius

921 2098 955 2129 in
969 2098 1157 2129 Placenta:
1178 2098 1188 2114 ‘
1203 2097 1335 2130 Rustici
1351 2098 1456 2129 edunt
1470 2097 1619 2130 libenter

922 2152 1015 2178 atros
1028 2145 1188 2187 intybos!

964 2197 1122 2237 Levesqtoe
1138 2196 1263 2237 malva]
1286 2197 1372 2230 Qum
1392 2200 1547 2228 ventrem
1568 2197 1618 2227 le-

923 2251 1005 2277 vant
1018 2256 1157 2286 gravem
1174 2251 1277 2287 atque
1293 2247 1481 2277 emolliunt.
1513 2246 1617 2285 Apud

924 2295 1050 2327 Athen.
1066 2304 1106 2327 ιι.
1123 2298 1175 2326 18.
1220 2295 1380 2336 Diphilus
1401 2295 1521 2332 tradit,
1536 2295 1618 2325 rnal-

925 2354 999 2376 vam
1016 2354 1091 2376 esse
1107 2344 1188 2375 boni
1199 2345 1311 2382 succi;
1326 2344 1486 2374 arteriam
1502 2343 1619 2382 lenire,

924 2403 1022 2425 acres
1047 2394 1082 2424 in
1112 2394 1263 2433 corporIs
1292 2391 1472 2432 superficie
1500 2400 1620 2422 succos

926 2444 1083 2477 educere,
1099 2450 1214 2472 renum
1230 2444 1265 2471 et
1281 2441 1401 2471 vesicae
1418 2439 1618 2470 irritationi-

927 2491 989 2521 bus
1005 2490 1179 2529 prodesse,
1201 2489 1337 2520 excerni
1357 2488 1470 2527 facile,
1491 2489 1620 2520 medio-

927 2539 1032 2570 criter
1045 2539 1147 2576 alere,
1171 2537 1392 2577 hortensique
1415 2537 1620 2577 sylvestrem

928 2598 1001 2619 esse
1026 2587 1212 2618 meliorem.
1256 2586 1389 2627 Ibidem
1409 2586 1620 2628 Hermippus

927 2635 1124 2668 Callimach.
1140 2636 1150 2652 ‘
1164 2635 1544 2667 malvain.utilissimam'
1558 2647 1619 2679 ap-

928 2687 1044 2727 pellat.
1092 2685 1169 2717 Quo
1192 2688 1306 2716 antem
1326 2685 1424 2716 modo
1447 2686 1482 2717 in
1505 2687 1618 2719 cibum

929 2741 1078 2776 paretur,
1114 2735 1214 2766 docet
1249 2734 1442 2767 Dioscorid.
1480 2745 1520 2769 11.
1545 2739 1618 2768 144.
