1916 3190
270 220 327 262 80

754 236 796 274 Q.
829 234 1039 267 HoRATu
1073 236 1249 268 FLACCI

443 327 553 370 Post
572 329 714 383 ignem
735 331 916 372 aetheria
936 332 1066 373 domo

498 395 785 447 Subductum‚
805 397 974 438 macies
994 402 1037 438 et
1056 408 1174 440 nova
1193 399 1378 439 febrium

440 458 588 505 Terris
608 464 806 506 incubuit
826 465 988 506 cohors
1005 476 1016 516 ;

1669 402 1726 442 30

499 529 758 584 Semotique
777 532 902 585 prius
922 532 1052 574 tarda
1071 534 1317 574 necessitas

441 597 545 639 Leti
563 597 774 652 corripuit
794 598 991 651 gradum.

498 663 725 717 Expertus
745 677 937 706 vacuum
958 665 1174 707 Daedalus
1198 665 1304 707 aera

443 729 608 771 Pennis
627 743 713 772 non
730 731 895 772 homini
915 732 1047 773 datis.

1668 732 1728 775 35

499 797 710 852 Perrupit
729 797 990 841 Acheronta
1011 799 1264 841 Herculeus
1283 799 1423 841 labor.

273 896 353 935 Post
366 905 471 944 ignem
485 905 559 936 coelo
573 909 748 946 surreptum
763 909 865 937 terras
885 906 1002 938 incasit
1017 906 1132 937 macies
1153 911 1184 938 et
1198 907 1382 948 frequentia
1395 906 1570 938 morborum
1583 901 1709 937 insolita
1720 915 1731 941 ,-

271 950 365 986 atque
377 956 447 978 sera
461 947 627 978 necessitas
640 948 751 979 utonis
765 951 858 979 antea
871 949 980 980 dilatoe
993 958 1118 988 passum
1131 950 1326 980 acceleras-it.
1370 949 1523 981 Doedalus
1538 959 1595 989 per
1609 948 1732 979 inanem

270 989 373 1020 uei-em
387 990 491 1021 volare
506 989 639 1021 tentavit
653 990 713 1021 alis
726 989 844 1021 homini
857 1000 918 1022 non
932 991 1093 1023 concessis.
1143 991 1200 1023 Vis
1216 991 1367 1023 Herculis
1378 991 1438 1023 sibi
1448 991 1597 1031 patffecit
1610 990 1730 1022 aditum

890 1081 1069 1095 ‘'um“
1072 1084 1131 1096 m

271 1145 422 1181 Fabricii
435 1157 445 1186 ς
483 1146 663 1179 Subiectum
691 1148 781 1189 conj.
809 1148 1047 1190 Cnning.—33
1070 1149 1156 1181 Loeti
1176 1149 1244 1181 dno
1270 1150 1392 1191 optimi
1415 1149 1514 1182 codd.
1536 1148 1730 1188 Torrentii;

271 1188 348 1220 Leti
363 1189 399 1220 in
415 1190 540 1220 ceteris
556 1190 808 1230 ejusdem—34
831 1192 994 1232 Expertus
1008 1191 1049 1223 'st
1065 1193 1187 1224 maluit
1203 1193 1237 1224 H
1241 1193 1330 1224 arins
1355 1193 1468 1233 Epist.
1483 1193 1571 1224 Crit.
1583 1202 1618 1233 p.
1632 1194 1731 1223 93.—

273 1233 318 1262 36
340 1231 493 1272 Perrupit
506 1231 689 1264 Acherunta
700 1232 755 1264 ed.
769 1233 940 1266 Lambini.
984 1234 1196 1276 Per-rupitque
1221 1235 1320 1266 Harl.
1334 1239 1366 1267 6.
1383 1235 1632 1266 vetustissimus
1648 1235 1732 1266 Bar-

271 1273 337 1304 thii
348 1283 424 1305 cum
437 1274 606 1306 nonnullis
618 1274 698 1306 edd.
710 1275 819 1317 antiq.
833 1280 870 1308 et
879 1277 927 1307 sic
937 1277 1159 1316 conjectabat
1170 1278 1290 1319 aliquis
1303 1277 1346 1309 ad
1357 1287 1465 1318 marg.
1476 1277 1531 1308 ed.
1539 1276 1733 1308 Pulmanui.

272 1314 441 1357 copulam
456 1325 525 1348 non
542 1322 731 1358 agnoscunt
746 1318 871 1350 Bland.
884 1319 989 1351 Mart.
1009 1320 1105 1352 Cal-r.
1120 1320 1228 1352 ceteri
1250 1320 1348 1352 Harl.
1371 1324 1408 1351 et
1432 1325 1503 1352 tres
1527 1320 1731 1351 Torreat.—

927 1404 1068 1437 NOTAE

269 1463 417 1512 Scribit·
438 1464 705 1508 Theophrastus,
739 1467 869 1500 idcirco
904 1468 975 1500 dici

270 1513 518 1547 Prometheum
549 1516 740 1548 hominibus
766 1516 901 1550 dedisse
923 1519 974 1559 ig-

270 1572 350 1596 nem
378 1564 467 1596 coelo
492 1563 686 1607 dereptum,
714 1566 794 1609 quia
820 1567 975 1599 Philoso-

270 1614 385 1656 phiam
414 1623 456 1646 ac
478 1615 592 1647 lumen
613 1616 694 1648 vitae
717 1616 975 1658 intellectualis,

268 1672 350 1704 qnae
372 1662 489 1694 divina
515 1669 582 1704 est,
604 1665 807 1698 mortalibus
834 1667 975 1699 invexit.

270 1712 326 1745 Ex
339 1712 426 1756 :Cim
449 1714 552 1746 Tusc.
575 1723 610 1745 v.
635 1719 672 1746 et
700 1715 788 1748 aliis.
833 1716 974 1749 Prome-

270 1763 372 1795 theus
389 1763 545 1795 Caucaso
569 1762 691 1795 affixus
713 1762 868 1806 fingitur,
885 1766 974 1808 quod

270 1824 315 1851 ex
328 1824 369 1846 eo
386 1819 502 1847 monte
525 1816 692 1848 altissimo
714 1817 861 1850 siderum
876 1824 975 1850 natu-

270 1874 344 1897 ram
359 1875 400 1896 ac
415 1870 544 1897 motum
560 1866 711 1899 studiose
727 1870 976 1910 contemplare-

270 1919 346 1947 tur:
372 1914 486 1954 ibique
510 1916 696 1947 coelestium
720 1919 908 1958 cognitioni
927 1929 977 1951 se·

271 1963 354 1994 dulo
382 1962 609 1994 incumberet.
653 1965 700 1995 Et
728 1967 825 2006 quod.
851 1968 976 1999 exinde

269 2010 448 2043 'fulminum
471 2011 638 2050 rationem
660 2018 895 2053 perscrutatus
919 2017 976 2047 ho-

270 2061 420 2094 minibus
443 2061 643 2102 indicasset,
664 2061 809 2095 fabulati
831 2068 911 2096 snut
926 2065 975 2105 ig-

269 2121 350 2144 nem
364 2112 538 2143 eoelestem
554 2111 597 2142 ab
611 2121 650 2143 eo
673 2117 868 2154 surreptum
885 2124 924 2146 ac
939 2114 974 2146 in

271 2166 383 2194 terras
398 2161 562 2193 delatum.
606 2162 766 2203 Denique
783 2163 898 2195 vultur
912 2172 974 2194 seu

268 2211 387 2253 aquila
401 2220 460 2243 cor
474 2210 565 2242 illius
582 2211 741 2243 vellicans
764 2213 893 2254 optime
907 2213 974 2254 sig-

271 2261 392 2294 nificat
417 2261 628 2292 anxietatem
648 2261 751 2293 animi
772 2266 905 2294 natnrae
921 2272 974 2294 ar-

272 2321 359 2344 cana
384 2311 538 2343 rimantis
559 2315 596 2343 et
619 2312 775 2350 uonlsine
792 2313 909 2345 labore
924 2314 974 2345 in-

272 2361 489 2403 vestigantis.
532 2361 665 2393 Eccles.
680 2371 708 2394 1.
731 2362 795 2394 ‘In
805 2364 913 2396 multa
925 2372 977 2395 sa-

271 2412 403 2454 pientia
413 2412 523 2443 multa
537 2410 729 2453 indignatio
743 2434 752 2443 .
763 2434 771 2443 .
783 2435 792 2444 .
806 2435 816 2445 .
827 2412 925 2445 labor
939 2417 977 2446 et

272 2461 413 2494 afflictio
428 2460 587 2503 spiritus:
615 2466 652 2494 et
672 2462 730 2504 qui
755 2463 853 2496 addit
867 2463 976 2496 scien-

272 2512 368 2551 tiam,
381 2510 479 2543 addit
494 2514 531 2542 et
546 2510 725 2543 laborem!

315 2565 359 2594 29
382 2562 462 2593 Post
476 2562 583 2601 ignem
603 2561 747 2603 etheria,
759 2562 831 2604 asa]
858 2562 976 2596 Anim-

273 2612 416 2644 adverte
432 2620 594 2651 expressa
606 2610 730 2643 fabulis
752 2612 838 2644 Adae
854 2622 977 2654 pecca-

273 2666 360 2700 tum,
386 2661 586 2702 peccatique
609 2663 792 2703 stipendia,
818 2667 974 2704 mortem,

272 2710 422 2750 morbos,
444 2712 630 2750 molestias,
652 2715 718 2745 &c.
742 2714 794 2744 Ex
812 2713 978 2754 Hesiodo,

274 2770 356 2795 eum
369 2761 482 2803 ignem
498 2761 629 2795 furatus
644 2767 735 2796 esset
753 2763 978 2797 Prometheus

1029 1468 1071 1500 ad
1089 1467 1285 1500 animandas
1307 1472 1439 1500 statuas
1455 1476 1474 1499 e
1490 1467 1563 1499 luto
1585 1476 1606 1499 a
1619 1477 1657 1499 se
1672 1467 1734 1500 fic-

1029 1523 1096 1559 tas,
1109 1519 1220 1550 iratus
1234 1518 1374 1559 Jupiter
1394 1518 1589 1550 Pandoram
1612 1518 1647 1549 in
1663 1523 1732 1549 ter-

1028 1578 1084 1600 ras
1113 1569 1215 1610 misit,
1245 1578 1321 1610 quae
1351 1570 1472 1609 aperta
1493 1566 1620 1608 pyxide
1643 1568 1733 1599 mala

1028 1618 1139 1650 omnia
1155 1616 1305 1649 diffudit.

1071 1670 1113 1699 32
1138 1668 1241 1699 Tarda
1256 1666 1437 1707 necessitas]
1453 1665 1658 1697 Melioribus
1671 1675 1733 1697 sae-

1028 1718 1116 1750 culis
1140 1718 1211 1750 vita
1233 1722 1309 1748 erat
1331 1716 1454 1748 homini
1470 1715 1674 1747 diuturnior.
1699 1716 1733 1747 S.

1029 1767 1192 1808 cyprian.
1217 1768 1283 1808 Ep.
1300 1776 1342 1798 ιι.
1365 1767 1399 1798 S.
1426 1765 1575 1807 August.
1598 1766 1641 1797 de
1658 1765 1733 1797 Civ.

1030 1826 1074 1848 u.
1103 1819 1156 1849 14.
1199 1817 1309 1848 Porro
1341 1825 1385 1847 ex
1407 1815 1523 1847 Sacris
1549 1815 1733 1847 Codicibus

1029 1871 1195 1899 noverant
1233 1866 1367 1898 Ethuici
1402 1864 1655 1906 productiorem
1693 1874 1733 1896 ac

1029 1917 1218 1958 longiorem
1231 1915 1334 1947 fuisse
1346 1915 1451 1946 vitam
1462 1914 1582 1955 primis
1594 1914 1734 1946 homiui-

1030 1965 1103 1996 bus.
1122 1966 1213 1996 Plin.
1230 1965 1381 1996 Prooem.
1392 1963 1452 1996 lib.
1469 1971 1547 1995 xlv.
1563 1963 1573 1981 ‘
1587 1962 1733 1996 Quando

1028 2014 1190 2053 voluptas
1222 2014 1336 2044 vivere
1361 2014 1481 2054 coepit,
1499 2014 1571 2045 vita
1585 2014 1659 2055 ipsa
1673 2013 1733 2046 de-

1027 2061 1110 2093 siit)

1071 2113 1114 2142 34
1136 2109 1305 2150 Doedalus]
1331 2110 1366 2141 Is
1390 2109 1489 2141 faber
1515 2110 1734 2144 Atheniensis

1028 2159 1254 2202 peritissimus
1280 2164 1355 2191 erat
1375 2165 1412 2191 et
1428 2157 1591 2202 perquam
1607 2163 1735 2203 ingeni-

1029 2219 1128 2242 osus:
1153 2210 1261 2241 multa
1289 2209 1424 2251 quidem
1454 2210 1616 2243 invenit:
1654 2212 1734 2243 navi

1028 2260 1156 2302 primus
1181 2260 1310 2291 (licitur
1338 2261 1429 2300 vela,
1453 2262 1590 2300 malum,
1612 2267 1734 2294 anten-

1027 2319 1089 2342 nas
1106 2310 1316 2351 imposuisse.
1360 2310 1549 2342 Pausanias
1561 2311 1595 2343 in
1607 2312 1735 2343 Boeoti·

1029 2360 1088 2392 cis.
1127 2360 1219 2392 Plin.
1237 2370 1305 2393 vu.
1319 2363 1372 2393 66.
1388 2362 1461 2402 jam
1477 2362 1536 2395 cit.
1580 2362 1666 2393 Inde
1682 2361 1733 2393 fa-

1028 2410 1136 2442 bulati
1152 2416 1232 2443 sunt
1248 2411 1427 2443 Daedalum
1441 2411 1561 2452 pennis
1578 2411 1641 2443 sibi
1653 2421 1734 2443 cera

1028 2461 1217 2502 'compactis
1235 2461 1387 2493 avolasse
1405 2461 1538 2492 Minoia
1560 2470 1666 2502 regna
1681 2460 1733 2493 fu-

1029 2511 1195 2552 gientem,
1207 2510 1249 2542 de
1264 2520 1332 2552 qno
1347 2510 1446 2551 Virg.
1463 2510 1595 2542 AEueid.
1611 2519 1661 2541 vr.
1679 2513 1732 2543 14.

1031 2560 1136 2594 Ovid.
1153 2562 1242 2594 Met.
1261 2570 1347 2592 vm.
1370 2559 1512 2592 Diodor.
1533 2560 1602 2592 Sic.
1628 2568 1663 2591 v.
1679 2564 1731 2594 18.

1029 2614 1094 2645 &c.

1071 2665 1114 2694 36
1141 2661 1290 2703 Pemcpit
1305 2660 1485 2693 Acheronta
1500 2660 1675 2693 Herculeus
1684 2661 1731 2694 la-

1031 2713 1101 2755 bor]
1123 2713 1158 2745 Is
1188 2712 1382 2745 Inferorum
1414 2711 1536 2744 fluvius
1560 2720 1622 2753 pro
1648 2712 1731 2753 ipsis

1030 2762 1160 2796 Inferis
1175 2772 1243 2796 non
1266 2772 1345 2796 rsro
1370 2762 1510 2804 ponitur
1527 2761 1674 2803 synecd.
1688 2761 1730 2794 de
