1916 3190
269 234 354 279 354
746 252 789 290 Q.
822 251 1033 282 nouA'ru
1069 252 1243 284 rmcm

496 344 566 386 Tu
587 344 730 387 flectis
752 358 919 397 amnes,
941 351 986 388 tu
1008 360 1125 389 mare
1145 348 1406 390 barbarum:

494 411 563 453 Tu
585 414 802 466 separatis
822 414 984 456 uvidus
1006 416 1049 456 in
1063 414 1185 469 jugis

554 480 690 521 Nodo
711 480 891 522 coerces
912 482 1115 535 viperino

610 548 888 590 Bistonidum
910 548 1006 591 sine
1027 548 1178 590 fraude
1199 549 1367 590 crines:
1656 553 1718 595 20

263 651 402 681 mortem.
447 648 493 680 Tu
508 649 615 679 domas
622 637 752 689 fluvios,
764 651 795 679 et
808 658 892 679 mare
906 648 1118 688 longinquum.
1157 648 1202 680 Tu
1214 648 1343 679 secretis
1354 647 1387 679 in
1402 649 1553 680 montibus
1567 651 1717 683 Thracia-

261 699 331 723 rum
353 691 516 723 mulierum
541 691 666 732 capillos
687 691 765 722 nodo
785 691 961 732 serpentino
983 692 1064 722 citra
1083 691 1259 732 periculum
1278 691 1469 732 constringis
1489 693 1561 724 vino
1576 694 1716 726 madens.

868 773 1111 786 eeeeeeeeeee

259 830 294 861 in
319 839 361 862 ea
386 830 523 870 regione
548 839 719 871 nunquam
745 828 912 860 Horatius
939 828 1066 870 posuit.
1110 829 1203 860 Vera
1221 828 1311 860 haud
1327 828 1428 860 dubie
1444 828 1547 860 lectio
1563 831 1723 869 ezulo-15>

259 882 338 904 nam
364 877 401 904 et
418 872 470 904 'sic
494 873 630 915 quidam
653 872 754 904 codd.
781 871 951 911 Lambini,
982 872 1093 904 Pulm.
1119 871 1299 903 Gemblac.
1325 875 1354 903 1.
1376 871 1444 902 duo
1463 872 1631 905 Torreat.
1643 878 1716 906 tres

258 915 408 946 Blandd.
423 916 527 956 Cruq.
543 915 658 946 Bentl.
676 914 793 945 Graev.
809 914 906 945 Leid.
923 918 960 945 et
973 914 1096 953 Regin.
1110 914 1212 945 Dess.
1226 916 1256 945 1.
1280 914 1374 954 Lips.
1392 917 1421 944 l.
1436 916 1466 945 2.
1493 913 1564 946 dno
1578 913 1714 948 Boram.

257 957 381 990 Heius.
398 958 481 989 Fab.
496 957 615 997 Steph.
631 957 748 988 Diatr.
764 964 806 987 11.
823 965 856 996 p.
868 959 921 987 55.
946 957 1073 987 Dacer.
1091 956 1207 986 Bentl.
1220 956 1308 987 Cun.
1323 956 1404 987 San.
1419 961 1455 987 et
1467 956 1556 988 Siw-
1598 958 1714 990 Etiam

257 1008 336 1030 mox
353 1009 400 1031 vs.
416 1003 470 1031 30.
487 999 580 1041 quid.
595 999 681 1030 Mas.
697 998 819 1029 vitiose
835 997 1047 1028 exhibebant
1062 997 1196 1029 leviter)
1218 998 1311 1030 Jani.
1355 998 1416 1029 tem·
1434 996 1534 1029 aaa.
1551 1002 1579 1030 Ι.
1592 1001 1626 1030 2.
1640 1004 1671 1032 3.
1683 1004 1715 1033 4.

257 1044 290 1072 5.
304 1045 337 1074 6.
361 1042 487 1084 aliique
501 1041 598 1073 multi
611 1040 713 1072 codd.
747 1040 809 1071 leni
824 1040 917 1079 Jani,
933 1040 1075 1071 Mitsch.
1089 1040 1231 1080 Bipont.
1245 1040 1392 1071 wetzel.
1407 1037 1543 1071 Wakef.
1559 1047 1596 1072 et
1607 1042 1715 1076 Kidd.

254 1083 354 1115 Inter
370 1085 434 1116 lem·
449 1088 485 1115 et
499 1084 558 1116 levi
575 1083 630 1114 vix
646 1082 851 1114 discernitur
867 1082 900 1113 in
916 1081 1016 1114 codd.
1032 1082 1283 1124 antiquis.—16
1304 1081 1449 1122 Licurgi
1462 1092 1533 1114 var.
1558 1084 1638 1115 lect.
1658 1094 1716 1125 ap.

254 1125 433 1158 Jani.-18
458 1127 506 1158 Tu
519 1126 673 1166 separatis
695 1125 817 1157 vividus
838 1125 990 1157 Florent.
1008 1127 1104 1157 1482.
1149 1125 1195 1156 Tu
1209 1134 1237 1156 s.
1253 1124 1380 1156 invidus
1395 1134 1479 1156 unus
1495 1125 1711 1168 Bersmanrst,

254 1166 329 1201 Ait.
344 1172 373 1201 1.
385 1173 422 1201 et
434 1166 506 1202 Alt.
522 1172 553 1201 2.
567 1178 587 1200 a
600 1178 646 1200 m.
660 1178 711 1210 pr.
727 1168 829 1200 Dess.
844 1170 964 1199 2.—2o
982 1167 1089 1199 Mald.
1102 1166 1474 1209 Cruqtiii,sinesronde;
1486 1177 1572 1199 uuus
1584 1169 1708 1202 Bland.

917 1243 948 1275 N
954 1242 1058 1275 OTAE

254 1305 363 1338 feram
380 1316 515 1348 quoque
526 1305 738 1338 vindicatum
751 1305 881 1337 Bacchi
897 1315 958 1337 nu-

252 1364 341 1396 men,
358 1356 540 1396 prostratis
563 1360 729 1396 quotquot
745 1355 823 1386 huic
840 1355 960 1386 adver-

251 1405 318 1436 sari
347 1404 554 1445 refragarive
587 1405 657 1435 ausi
691 1408 771 1435 sunt
792 1414 801 1434 :
839 1404 959 1445 quales

251 1455 443 1494 Pentheus,
459 1455 502 1486 de
515 1464 580 1495 quo
596 1463 674 1485 mox
689 1463 698 1492 ;
714 1457 749 1484 et
767 1453 958 1493 Lycurgus,

251 1505 310 1547 qui
325 1509 444 1545 spreto
459 1504 517 1535 illo
534 1513 651 1545 poenas
668 1503 743 1540 luit,
759 1512 820 1534 seu
838 1502 958 1535 aJove

249 1554 407 1594 privatus
424 1554 531 1585 oculis
550 1553 688 1594 vitaque
711 1552 799 1593 ipsa,
823 1556 860 1583 ut
876 1551 960 1583 θοή·

247 1605 301 1636 bit
318 1604 503 1645 Homerus,
519 1613 579 1635 seu
593 1604 637 1635 ab
653 1604 729 1644 ipso
751 1601 956 1634 interfectus

248 1654 402 1695 Baccho,
424 1658 462 1686 ut
478 1654 597 1684 volunt
613 1652 682 1684 alii.
724 1652 761 1683 Is
784 1651 956 1683 Thracum

248 1704 325 1735 Rex
354 1703 462 1735 multa
489 1712 552 1744 per
580 1701 819 1734 temulentiam
850 1709 955 1742 prave

249 1753 419 1785 committi
435 1753 567 1792 videns,
581 1751 711 1784 abscidi
724 1751 842 1783 vineta
850 1751 957 1792 jussit

248 1804 374 1843 omnia,
399 1804 583 1845 vinumque
608 1802 763 1834 aboleri:
783 1800 861 1833 hinc
878 1810 955 1842 por·

246 1863 286 1884 ro
301 1852 449 1885 fabulati
465 1857 556 1890 sunt,
583 1852 698 1884 ultore
713 1851 864 1891 Baccho,
881 1861 955 1883 ver-

247 1913 321 1934 sum
338 1904 372 1934 in
389 1903 538 1935 furorem
556 1912 658 1934 crura
669 1901 734 1933 sibi
758 1906 954 1943 amputasse

246 1951 336 1983 falce
354 1953 524 1985 vinitoria.
546 1952 676 1993 Hygin.
690 1956 726 1983 et
739 1952 955 1984 Plutarchus.

246 2001 361 2033 Aliter
378 2004 489 2042 paulo,
504 2002 594 2044 quod
612 2002 769 2033 nimirum
787 2002 819 2033 in
836 2011 952 2034 carce-

247 2060 320 2082 rem
345 2051 499 2083 Bacchas
518 2057 554 2083 et
571 2051 712 2092 Satyros
736 2051 952 2092 conjecisset,

248 2101 406 2141 Lycurgo
433 2101 575 2132 exitium
603 2101 783 2142 accidisse,
812 2107 952 2134 narrant

247 2149 478 2191 Apollodorus
493 2151 551 2181 lib.
570 2160 626 2183 ιιι.
642 2156 678 2182 et
696 2151 879 2191 Euripides
895 2162 951 2183 an-

248 2206 307 2232 tea
333 2202 472 2234 citatus.
518 2202 622 2233 Ovid.
653 2203 756 2233 Trist.
782 2212 819 2234 v.
842 2206 874 2234 3.
897 2207 950 2236 39.

246 2253 256 2268 ‘
269 2246 359 2282 Os'sa
372 2250 575 2292 bipenniferi
588 2252 637 2283 sic
649 2252 717 2282 sint
730 2253 818 2283 male
832 2262 953 2292 pressa

248 2301 411 2343 Lycurgi,
427 2299 537 2342 Impia
556 2311 619 2333 nec
647 2310 749 2342 poena
779 2301 951 2333 Pentheos

247 2349 371 2382 umbra
399 2350 520 2383 vacet!
565 2351 729 2392 Propi-rtt
751 2360 806 2382 iu.
828 2353 880 2383 17.
896 2354 950 2384 24.

245 2400 255 2416 ‘
270 2400 510 2443 Vesnnnmque
537 2410 626 2432 nova
660 2401 886 2442 nequicquam
915 2401 950 2432 in

246 2450 316 2481 vite
329 2450 538 2492 Lycurgum,
552 2450 728 2482 Pentheos
739 2451 775 2482 in
793 2450 949 2491 triplices

246 2499 366 2532 funera
380 2506 479 2542 grata
495 2499 640 2542 greges)

291 2552 330 2581 17
356 2550 520 2592 Tuflectis
534 2549 654 2590 amnes]
681 2549 830 2591 Gangen
845 2553 881 2582 et
892 2550 950 2582 In-

247 2598 327 2630 dum
343 2598 463 2631 fluvios
488 2601 686 2640 intelligunt
708 2600 868 2642 quidam:
893 2601 950 2632 alii

246 2648 437 2689 Hydaspen
467 2654 504 2682 et
534 2651 718 2690 Orontem,
748 2660 833 2692 quos
861 2650 949 2682 Bac-

245 2698 327 2728 chus
339 2699 475 2730 transiit
492 2700 524 2730 in
542 2700 676 2731 Indiam
693 2709 853 2741 pergens.
877 2699 950 2732 Alii

245 2748 458 2792 Strymonem
484 2751 639 2783 Thraciae
669 2750 822 2793 fluvium,
849 2751 947 2793 cujus

1012 1306 1138 1338 accolae
1155 1304 1266 1337 Edoni
1282 1315 1357 1338 cum
1374 1316 1433 1338 suo
1448 1307 1540 1348 Rege
1556 1307 1716 1348 Lycurgo

1012 1356 1156 1396 primum
1174 1356 1344 1395 reluctati,
1359 1360 1481 1397 postea
1497 1366 1576 1388 vero
1591 1357 1715 1389 domiti

1011 1415 1032 1436 a
1048 1406 1197 1444 Baccho,
1213 1406 1286 1446 ejus
1303 1415 1339 1436 se
1354 1405 1486 1446 legibus
1503 1416 1543 1437 ac
1559 1406 1711 1447 discipli-

1010 1461 1059 1485 Μ
1071 1448 1309 1486 subdiderunt.
1333 1456 1442 1486 Favet
1454 1455 1557 1488 Ovid.
1567 1456 1713 1496 Trina,

1009 1507 1042 1536 8.
1066 1506 1120 1535 21.
1144 1509 1152 1522 ⁴
1167 1505 1243 1536 Nec
1266 1503 1376 1545 patria
1391 1509 1444 1535 est
1458 1505 1611 1537 habitata
1625 1506 1712 1539 tibi:

1009 1554 1067 1585 sed
1085 1553 1253 1595 adusque
1274 1554 1425 1585 nivosum
1449 1554 1632 1595 Strymona
1655 1566 1713 1587 ve-

1008 1603 1101 1639 nisti,
1127 1603 1415 1645 Marticolamque
1441 1604 1569 1645 Geten,
1596 1605 1713 1638 Persi-

1009 1652 1134 1694 daque,
1170 1656 1208 1684 et
1239 1653 1310 1684 late
1339 1653 1545 1694 spatiantem
1570 1653 1711 1687 flumine

1010 1702 1178 1743 Gangem,
1203 1702 1249 1734 Et
1265 1712 1494 1745 quascumque
1507 1703 1593 1736 bibit
1609 1705 1712 1737 deco-

1008 1754 1061 1785 lor
1076 1752 1183 1785 Indus
1198 1752 1326 1794 aquas!

1055 1803 1103 1834 Tu
1124 1812 1210 1834 mare
1228 1802 1407 1843 barbarum]
1429 1802 1586 1835 Indicum
1603 1813 1711 1842 mare,

1010 1852 1225 1893 populosque
1252 1851 1354 1884 Indos
1380 1852 1443 1884 snb
1464 1853 1587 1894 jugum
1613 1858 1710 1894 tunm

1009 1902 1142 1934 misisti.
1166 1903 1219 1935 Ex
1236 1903 1381 1936 Diodor.
1404 1902 1510 1935 Sicul.
1524 1913 1558 1935 v.
1574 1906 1604 1936 1.
1630 1904 1710 1937 Tri·

1009 1953 1191 1994 umphator
1222 1955 1380 1987 Bacchus
1419 1957 1474 1985 est
1501 1955 1708 1997 appellatus,

1006 2003 1164 2044 quoniam
1191 2005 1250 2036 ille
1282 2005 1409 2046 primus
1439 2003 1483 2036 de
1508 2004 1604 2036 Indis
1630 2015 1707 2037 cum

1006 2053 1123 2092 spoliis
1154 2054 1277 2094 opimis
1307 2055 1341 2086 in
1371 2053 1516 2094 patriam
1548 2063 1708 2087 reversus

1006 2103 1238 2143 triumphavit.

1050 2155 1091 2183 18
1116 2153 1165 2184 Tu
1179 2153 1332 2194 separatis
1352 2153 1464 2184 uvidus
1477 2152 1705 2195 iujugis,&ae.]

1006 2202 1076 2233 Per
1091 2206 1126 2233 te
1143 2202 1193 2242 fit,
1216 2208 1253 2234 ut
1280 2203 1492 2234 Bacchantes
1515 2202 1642 2243 viperis
1664 2211 1706 2233 ac

1004 2252 1219 2291 serpentibus
1228 2252 1411 2293 implicitos
1419 2251 1567 2283 habeant
1578 2251 1704 2290 crines,

1005 2301 1078 2331 sine
1108 2302 1176 2332 ullo
1200 2302 1322 2333 damno
1349 2312 1422 2333 suo.
1466 2300 1595 2332 Scribit
1620 2301 1704 2332 Plu-

1005 2351 1142 2381 tarchus
1158 2350 1191 2380 in
1216 2350 1423 2389 Alexandro,
1448 2350 1605 2381 mulieres
1622 2350 1704 2382 istan

1005 2395 1116 2440 Orgia
1153 2400 1289 2431 Baccho
1323 2400 1536 2431 celebrantes
1564 2398 1703 2440 impune

1002 2453 1178 2490 serpentes
1194 2453 1358 2481 tractasse
1372 2459 1382 2480 ε
1399 2449 1517 2480 volunt
1529 2449 1585 2480 alii
1597 2449 1703 2481 alludi

1003 2499 1047 2530 ad
1063 2497 1226 2537 fabulam,
1249 2509 1316 2541 qua
1337 2499 1492 2530 Bacchus
1513 2497 1626 2530 infans
1644 2509 1703 2530 an-

1004 2549 1125 2590 guibus
1151 2558 1173 2580 a
1198 2549 1318 2580 Parcis
1344 2549 1477 2580 cinctus
1503 2547 1625 2586 fertur,
1644 2549 1702 2590 qui

1001 2600 1086 2631 nihil
1114 2599 1293 2632 intulerint
1314 2599 1407 2639 mali,
1430 2597 1490 2630 sed
1513 2607 1574 2630 ora
1603 2599 1702 2640 pueri

1002 2650 1204 2681 lamberent.

1045 2702 1087 2731 20
1108 2699 1326 2740 Bistonidum]
1353 2697 1383 2730 A
1410 2698 1552 2730 Bistone
1577 2701 1702 2738 stagno

1003 2750 1059 2782 vel
1090 2749 1167 2782 lacu
1193 2749 1279 2782 dicti
1301 2748 1449 2781 Bistonii
1479 2753 1516 2781 et
1539 2747 1700 2785 Bistones
