1916 3190
325 241 412 283 162

805 255 850 292 Q.
883 253 1093 284 HoRATn
1130 254 1305 285 rnAcct

925 430 1055 473 ODE
1085 430 1238 474 XXI.

322 559 428 592 anet
444 563 498 591 ter
511 569 632 592 novem
647 560 777 593 nobiles
795 570 920 603 pueros
943 567 1047 603 atque
1065 562 1194 603 puellas
1206 560 1360 602 Apollini
1377 564 1412 594 et
1425 561 1562 603 Dianas,
1583 561 1617 593 in
1639 569 1779 603 quornm

365 613 489 645 Tutela
504 614 691 655 Imperium
708 614 751 646 P.
770 615 812 646 R.
835 619 924 654 erat,
942 615 1115 656 Hymnum
1133 625 1192 657 pro
1208 615 1443 647 incolumitate
1459 615 1559 656 liujus
1575 615 1714 656 Imperii
1730 607 1781 646 si-

367 675 433 707 que
450 666 597 708 Augusti
613 672 767 707 cantare,
784 667 887 699 Ludis
901 668 1142 710 Saecularibus,
1159 673 1198 701 nt
1213 669 1295 700 Vet.
1309 668 1506 700 Scholiastae
1526 667 1685 706 videtur-3
1709 665 1806 703 for-T·

364 724 456 751 tasse
471 720 589 751 horum
605 720 723 752 Natali
738 719 805 752 die.
850 719 963 762 (Nihil
987 721 1041 753 hic
1058 725 1122 761 est,
1139 722 1232 763 qnod
1249 722 1293 754 ad
1319 721 1436 754 Ludos
1457 722 1646 754 Saeculares
1659 728 1785 753 conve·

364 771 449 811 niat,
461 772 542 813 quin
557 782 653 814 aeque
666 773 841 805 commode
853 773 896 805 ad
910 773 1146 816 quodcumque
1158 784 1290 806 sacrum
1305 774 1474 816 Apollinis
1491 784 1532 806 ac
1545 774 1665 806 Dianae
1678 777 1784 820 queat

363 823 495 857 referri.
541 825 668 857 Choros
684 834 865 867 puerorum
882 830 919 858 et
940 827 1126 868 puellarum
1150 827 1186 858 in
1203 827 1278 859 aliis
1293 836 1427 869 quoque
1442 826 1550 860 sacris
1565 835 1654 863 esse,
1676 825 1782 858 docet

365 885 400 910 v.
413 887 446 918 g.
461 887 511 910 ιν.
529 877 597 911 Od.
617 881 647 910 l.
662 881 716 910 25.
741 877 860 920 Gesn.)

494 963 708 1004 D1ANAM
730 968 893 1005 tenerae
917 964 1054 1006 dicite
1074 965 1278 1018 virgines,

494 1028 742 1080 Intonsum,
763 1030 904 1083 pueri,
926 1029 1060 1072 dicite
1081 1030 1339 1084 Cynthium,

364 1142 478 1176 Molles
498 1145 622 1186 puelle,
636 1145 740 1178 canite
754 1144 916 1182 Diananu
936 1144 1168 1186 adolescentuli,
1187 1145 1292 1178 canite
1306 1144 1483 1187 Apollinem
1497 1144 1659 1187 crinitum,
1673 1147 1706 1176 et
1720 1143 1781 1176 La-

930 1244 1049 1258 oooooo

1052 1244 1170 1258 eeeeee

363 1320 449 1352 Post
463 1315 676 1394 Scliwsten
693 1319 867 1353 Acronem
886 1321 1038 1363 plurimi,
1054 1326 1092 1354 ut
1114 1322 1254 1355 Masson
1279 1326 1316 1355 et
1342 1321 1494 1355 Baxter.
1515 1322 1606 1354 hanc
1631 1321 1734 1355 oden
1749 1322 1783 1355 in

320 1361 425 1394 Ludis
441 1363 673 1396 Saecuaribus
696 1368 869 1395 cantatam
897 1374 973 1395 esse
1001 1369 1148 1405 putant;
1173 1371 1208 1396 et
1236 1366 1452 1402 Sanadonus,
1476 1374 1578 1406 quem
1603 1365 1720 1397 Jones.
1746 1370 1783 1397 et

321 1404 473 1437 Francis.
489 1410 691 1446 sequuntur,
707 1406 799 1438 illam
817 1406 955 1437 tertiam
980 1412 1114 1447 partem
1140 1408 1252 1439 Carm.
1277 1407 1442 1439 Saecular.
1466 1406 1562 1438 facit.
1605 1407 1695 1438 Vide
1712 1406 1778 1438 Ar-

319 1456 411 1487 gum.
425 1448 538 1480 Carm.
548 1449 635 1480 Saec.
670 1449 868 1490 Epigraphe
886 1449 921 1479 in
937 1449 1112 1480 veteribus
1125 1450 1298 1482 Torrentii
1315 1449 1410 1481 libris
1423 1454 1491 1489 est,
1507 1449 1654 1490 Hymnus
1667 1450 1703 1480 in
1718 1450 1782 1481 Di-

318 1499 410 1521 anam
425 1494 457 1522 et
472 1491 651 1531 Apollinem
659 1501 671 1528 ,·
716 1501 800 1522 unus
824 1491 980 1532 ejusdem
1012 1491 1127 1531 habet,
1149 1492 1301 1534 Hymnus
1322 1492 1363 1523 aa
1391 1492 1531 1523 Chorum
1555 1493 1594 1523 de
1616 1491 1726 1523 Diana
1749 1495 1782 1524 et

319 1533 483 1572 Aponium
507 1534 540 1564 in
557 1534 632 1565 aliis
648 1533 750 1565 codd.
768 1534 821 1565 De
836 1534 1072 1573 Apollinaribus
1085 1545 1098 1571 ;
1121 1534 1208 1573 sive,
1233 1540 1270 1566 ut
1297 1534 1371 1565 vult
1397 1533 1600 1570 Lambinus,
1622 1533 1780 1566 Soeculare

320 1575 455 1607 Carmen
466 1586 480 1614 ,·
511 1576 569 1608 alii
585 1586 641 1618 ap.
656 1575 749 1618 Jaui,
770 1576 823 1608 Aa
848 1576 1025 1617 Apollinem
1050 1581 1081 1608 et
1096 1577 1237 1608 Dianam
1251 1578 1321 1608 laus
1332 1586 1502 1617 puerorum
1516 1578 1547 1608 et
1560 1575 1779 1616 virginum.-

976 1673 1119 1707 NOTAE

359 1747 512 1780 Metrum
527 1747 617 1780 idem
633 1748 722 1791 quod
740 1758 840 1790 supra
857 1749 936 1781 Ode
951 1758 986 1781 v.

359 1798 501 1839 Triplex
531 1797 623 1839 apud
660 1798 842 1830 Horatium
873 1798 1021 1831 Carmen

315 1847 488 1880 Saeculare
504 1848 703 1889 inscriptum
721 1849 876 1889 legimus.
908 1850 1021 1881 Unum

318 1903 432 1929 tamen
471 1898 575 1929 Ludis
603 1899 832 1931 Saecularibus
857 1899 1021 1931 decanta-

318 1952 411 1985 tum3
427 1947 511 1977 illud
526 1957 649 1988 nempe
664 1949 753 1989 quod
772 1953 824 1980 est
838 1955 914 1990 post
931 1951 1022 1990 Epo-

318 1996 398 2027 dos:
433 1995 501 2026 alia
528 1994 608 2034 duo,
633 1996 689 2036 (ut
712 1998 830 2029 volunt
855 1998 1022 2039 quidam)

317 2045 382 2076 hoc
406 2044 551 2084 scilicet,
573 2049 610 2076 et
626 2044 704 2076 Ode
719 2054 770 2076 vr.
794 2047 888 2077 Libri
906 2049 1020 2087 quarti

316 2093 407 2126 ludis
429 2092 697 2134 Apollinaribus,
719 2094 762 2125 de
789 2104 933 2135 quornm
956 2096 1022 2127 ori·

318 2145 396 2184 gine
418 2143 492 2176 fuse
514 2143 652 2175 disserit
675 2144 875 2175 Macrobius
899 2145 1019 2176 Satur-

309 2194 386 2226 -nal.
413 2203 439 2226 1.
463 2196 514 2225 17.
562 2193 624 2224 Est
650 2193 705 2224 hic
728 2193 834 2234 igitur
861 2193 1018 2234 Hymnus

320 2244 470 2285 Apollini
485 2248 521 2275 et
535 2245 659 2276 Dinnae
677 2243 751 2274 Diis
771 2244 969 2275 aven-uncis
983 2250 1019 2276 et

318 2293 512 2334 ἀλεξικάκοις
527 2294 720 2333 dedicatus,
736 2298 775 2325 ut
789 2294 876 2324 inula
892 2293 925 2325 in
941 2294 1017 2326 hos-

319 2351 372 2378 tes
401 2349 574 2385 avertnnt,
601 2344 734 2386 Populo
760 2353 842 2375 vero
867 2344 1018 2376 Romano

319 2396 550 2435 securitatem,
585 2395 784 2433 sanitatem,
812 2393 1017 2436 frugumque

318 2445 564 2478 abundantiam
579 2444 800 2485 impertiant:
826 2443 1018 2485 Augustum

318 2500 430 2527 autem
458 2494 656 2536 Principem
682 2493 741 2525 din
767 2501 916 2526 servent.
964 2494 1019 2525 De

320 2545 487 2577 Saeculari
503 2544 663 2576 Carmine
680 2544 778 2584 plura
792 2553 854 2574 suo
868 2543 954 2575 loco.

365 2598 381 2626 1
406 2594 562 2635 Dianam]
592 2594 690 2626 Hanc
703 2593 792 2626 forte
810 2594 956 2635 priorem
971 2592 1022 2624 in·

322 2649 433 2685 vocat,
445 2645 523 2686 quia
538 2645 632 2686 prior
645 2649 726 2676 nata
740 2643 943 2685 parturienti
955 2642 1022 2674 fra·

324 2700 409 2726 trem
433 2695 602 2734 geminum
619 2695 811 2736 Apollinem
836 2694 935 2725 matri
959 2694 1022 2725 La-

322 2750 411 2776 tonae
435 2745 628 2777 obstetricis
650 2744 798 2776 officium
822 2744 1024 2786 praestitisse

322 2796 443 2828 fertur.
490 2796 598 2827 Dicite
620 2795 776 2836 virgines]
801 2795 864 2827 His
888 2791 1023 2827 manda*-

1076 1749 1176 1783 batur
1204 1749 1409 1782 cantandum
1438 1748 1586 1781 Carmen
1614 1746 1649 1778 in
1674 1746 1778 1778 liono-

1076 1809 1145 1831 rem
1158 1800 1326 1840 Deorum,
1337 1798 1418 1842 quia
1430 1798 1441 1817 ‘
1453 1802 1547 1830 casta
1561 1796 1702 1838 placent
1714 1796 1778 1828 Su-

1077 1848 1196 1890 per18.'

1117 1901 1138 1930 2
1168 1898 1347 1940 tutonem]
1380 1896 1533 1930 Pindaro
1562 1893 1775 1936 ἀκειρεκόμην,

1075 1959 1135 1981 non
1151 1959 1221 1980 raso
1235 1948 1358 1989 capillo.
1404 1947 1571 1979 Nimirum
1594 1945 1640 1978 ob
1662 1945 1777 1978 radios

1074 2000 1201 2030 solares
1215 2010 1224 2030 z
1243 1999 1321 2030 vide
1337 1997 1497 2030 Muci-ob.
1512 2000 1593 2029 ante
1605 1995 1666 2028 cit.
1680 1999 1719 2027 et
1732 1994 1778 2027 ob

1073 2052 1275 2087 perpetuam
1291 2048 1525 2087 juventutem.
1561 2044 1687 2078 Tibnu.
1703 2052 1729 2076 ι.
1745 2046 1778 2076 4.

1073 2097 1126 2126 36.
1140 2096 1150 2113 ‘
1165 2095 1255 2127 Solis
1269 2100 1400 2126 aeterna
1413 2099 1467 2126 est
1478 2093 1611 2125 Phoebo
1629 2092 1780 2125 Baccho·

1073 2154 1139 2186 que
1149 2145 1339 2185 juventus:
1363 2144 1409 2175 Et
1423 2143 1527 2175 decet
1542 2135 1700 2174 intonsus
1711 2142 1778 2175 cri-

1071 2195 1123 2226 nis
1139 2198 1323 2235 utrumque
1341 2191 1480 2224 Deum!

1117 2242 1228 2283 Pueri]
1250 2243 1326 2275 Liv.
1343 2242 1404 2274 lib.
1421 2250 1532 2274 xxxl.
1546 2246 1556 2262 ‘
1570 2241 1718 2274 Carmen
1733 2242 1778 2275 ab

1073 2298 1126 2326 ter
1137 2294 1278 2326 novenis
1292 2293 1479 2335 virginibus
1491 2293 1568 2326 cani
1583 2302 1646 2334 per
1657 2293 1779 2326 urbem

1065 2343 1267 2384 jusserunt.’
1304 2345 1348 2376 Et
1364 2343 1423 2375 lib.
1443 2350 1598 2375 xxxvn.
1620 2343 1632 2361 ‘
1648 2342 1778 2375 Decem

1073 2393 1224 2434 ingenui,
1238 2393 1358 2425 decem
1374 2393 1538 2435 virgines,
1553 2393 1692 2434 patrimi
1706 2403 1777 2428 om=

1073 2453 1133 2475 nes
1146 2444 1376 2485 minimique,
1388 2444 1430 2475 ad
1445 2444 1481 2476 id
1497 2442 1701 2480 sacrificinm
1718 2443 1778 2475 ad-

1073 2492 1197 2525 bibiti)
1221 2493 1377 2525 Zosimus
1389 2493 1520 2525 Histor.
1534 2491 1644 2524 Novae
1656 2492 1776 2525 lib.xr.

1074 2543 1084 2560 ‘
1100 2542 1167 2574 'l'er
1183 2551 1303 2574 novem
1327 2542 1425 2583 pueri
1440 2542 1602 2581 illustres,
1618 2541 1778 2574 totidem·

1074 2602 1139 2634 que
1168 2591 1316 2632 puellae!
1354 2592 1450 2623 Flav.
1473 2591 1645 2632 Vopiscus
1667 2589 1777 2623 Aure·

1074 2643 1156 2674 lian.
1184 2643 1194 2660 ‘
1214 2641 1374 2673 Patrimis
1400 2640 1634 2682 matrimisque
1659 2640 1776 2682 pueris

1076 2693 1222 2725 Carmen
1237 2690 1405 2723 indicite.'

1119 2742 1228 2774 Dicite
1258 2741 1442 2784 Cynthium]
1484 2739 1692 2783 Apollinem,
1717 2739 1775 2780 qui

1076 2797 1176 2825 natus
1191 2792 1280 2834 apud
1292 2792 1463 2832 cyathum
1475 2794 1625 2824 montem
1639 2789 1674 2821 in
1686 2788 1776 2821 Delo
