1916 3190
259 246 347 289 414

740 261 784 299 Q.
816 258 1026 289 noRA'rn
1064 259 1239 291 nascer

488 350 630 406 Atqui
651 353 839 402 sciebat,
860 365 963 406 quae
985 352 1073 393 sibi
1094 353 1306 394 barbarus

462 410 465 412 v
485 419 647 461 Tortor
667 425 864 474 pararet:
895 431 985 460 non
1001 419 1129 462 aliter
1148 424 1294 462 tamen

1660 423 1717 464 50

541 487 744 528 Dimovit
762 487 997 528 obstantes
1025 486 1318 541 propinquos,

598 554 655 595 Et
675 554 888 608 populum
909 554 1077 596 reditus
1096 557 1351 604 morantem,

256 667 372 701 abiret.
419 669 558 702 Noverat
569 673 671 702 tamen
688 681 758 711 quae
769 670 830 702 sibi
842 672 1002 702 statuerat
1013 670 1161 702 immanis
1173 670 1328 708 carnifex.
1372 670 1420 701 At
1432 669 1631 701 nihilominus
1645 678 1717 709 cog-

254 714 345 743 natos
365 712 576 754 dehortantes,
595 714 770 754 plebemque
791 712 943 745 discessui
964 712 1163 745 obsistentem
1192 713 1337 744 amolitus
1358 716 1418 753 est,
1438 722 1499 743 non
1516 722 1608 760 'secus
1629 723 1666 743 ac
1688 713 1718 743 si

863 798 1002 810 mom

1004 797 1103 810 00000

255 861 320 893 zel.
337 860 474 894 Wakef.
487 862 608 895 Comb.
624 868 661 895 et
675 863 781 895 Kidd.
803 864 912 895 viriles
929 863 966 896 Τ.
981 864 1014 896 h.
1028 874 1061 905 p.
1076 865 1182 895 vultus
1198 863 1294 905 Lips.
1311 866 1428 895 4.--51
1454 862 1602 895 Demovie
1618 862 1714 902 Lips.

254 905 287 935 4.
308 904 469 936 obstantes
493 905 610 937 amicos
637 906 737 937 Harl.
768 909 799 938 l.
824 910 858 937 4.
895 906 1044 947 Franeq.
1071 906 1241 946 Lambini,
1267 915 1384 938 omnes
1407 906 1603 944 Pulmanni,
1630 915 1715 936 unus

253 945 378 979 Bland.
393 950 429 978 et
443 947 554 979 Mald.
572 948 727 989 Cruquii,
740 947 809 979 duo
826 948 1046 988 Bersmanni,
1070 948 1142 980 Ait.
1159 951 1189 979 1.
1205 948 1301 989 Lips.
1313 950 1349 979 2.
1375 957 1396 979 a
1409 957 1455 980 m.
1481 957 1532 989 pr.
1561 947 1658 989 Lips.
1681 950 1714 980 4.

909 1030 1055 1063 NOTAE

244 1093 365 1134 Jussit.
411 1094 497 1126 Haec
524 1099 559 1126 et
582 1094 651 1126 alia
673 1094 746 1127 Cic.
771 1092 874 1126 Offic.
900 1102 957 1126 111.

251 1153 285 1176 n.
302 1147 378 1176 113.
423 1145 544 1176 Florus
563 1145 638 1186 jam
661 1145 720 1178 cit.
745 1154 788 1177 11.
810 1147 844 1176 2.
868 1144 957 1177 ‘Sed

250 1193 310 1226 ille
326 1194 463 1236 quidem
477 1205 538 1236 par
550 1200 656 1228 tantae
670 1195 862 1228 calamitati
877 1194 958 1227 fuit.

251 1244 343 1276 Nam
370 1253 433 1276 nec
462 1245 597 1278 Punico
623 1254 763 1278 carcere
790 1244 958 1278 infractus

251 1299 318 1334 est,
335 1305 399 1327 nec
414 1296 590 1336 legatione
606 1300 779 1337 suscepta.
819 1296 959 1336 Quippe

249 1345 399 1385 diversa,
427 1356 530 1388 quam
555 1347 806 1378 mandaverant
829 1346 958 1387 hostes,

247 1397 405 1435 censuit;
430 1407 473 1428 ne
489 1407 558 1438 pax
574 1397 690 1437 fieret,
712 1406 756 1428 ne
773 1401 958 1428 commuta-

249 1445 343 1477 tione
355 1446 568 1486 captivorum
582 1447 806 1488 reciperetur.
817 1446 885 1478 Sed
893 1455 956 1477 nec

249 1494 310 1526 illo
327 1496 522 1528 voluntario
543 1497 587 1528 ad
602 1497 720 1528 hostes
737 1505 815 1528 suos
831 1496 958 1536 reditu,

249 1554 316 1578 nec
338 1546 460 1578 ultimo
482 1547 554 1578 sive
576 1546 727 1578 carceris
750 1546 823 1577 sive
846 1546 958 1577 crucis

250 1596 421 1637 supplicio
437 1595 633 1629 deformata
647 1596 808 1638 majestas
819 1607 836 1635 ς.
857 1595 959 1627 immo

248 1646 300 1678 his
317 1646 474 1678 omnibus
497 1646 744 1686 admirabilior,
765 1645 846 1687 quid
865 1645 957 1676 aliud

250 1709 350 1741 quam
368 1700 479 1732 victus
494 1700 538 1732 de
554 1698 759 1739 victoribus,
774 1702 878 1740 atque
893 1699 956 1731 eti-

250 1759 316 1791 am,
335 1750 417 1792 quia
439 1750 613 1791 Carthago
635 1759 702 1781 non
727 1753 893 1790 cesserat,
913 1749 957 1782 de

249 1800 387 1836 fortuna
402 1801 624 1842 triumphavit
636 1800 661 1832 ?’

291 1854 335 1883 49
357 1851 458 1892 Atqui
486 1852 618 1891 sciebat,
643 1861 724 1892 quoe,
746 1850 818 1892 ξω]
841 1851 955 1884 Cicer.

250 1901 295 1933 ad
312 1902 429 1933 Famil.
445 1911 494 1933 vr.
509 1904 541 1933 6.
556 1901 600 1933 de
616 1902 729 1942 seipso
746 1902 792 1933 ita
809 1901 928 1933 scribit
945 1913 953 1933 :

249 1955 259 1968 ⁸
276 1951 326 1981 Ut
350 1951 382 1981 in
405 1950 528 1982 fabulis
550 1950 791 1992 Amphiaraus,
817 1951 867 1982 sic
889 1960 955 1992 ego

249 1999 401 2040 prudens
435 2005 472 2032 et
500 2001 612 2032 sciens
641 2001 684 2032 ad
714 2005 848 2041 pestem
877 2006 956 2031 ante

251 2049 368 2079 oculos
395 2050 540 2089 positam
567 2060 640 2081 sum
658 2050 860 2092 profectus.'
903 2051 957 2081 De

250 2098 386 2138 Regulo
409 2107 489 2129 vero
507 2099 569 2130 cit.
594 2099 696 2131 Offic.
722 2109 779 2131 ιιι.
809 2100 956 2141 ‘Neque

249 2156 331 2179 vero
347 2150 416 2178 tum
433 2147 628 2188 ignorabat,
647 2159 683 2179 se
705 2150 747 2180 ad
764 2150 956 2181 crudelissi-

250 2206 342 2228 mum
357 2197 503 2236 hostem,
521 2201 558 2228 et
573 2196 617 2227 ad
641 2198 811 2238 exquisita
828 2199 955 2238 suppli-

251 2247 307 2278 cia
323 2245 518 2287 proficisci)
559 2246 637 2277 Val.
652 2246 748 2277 Max.
763 2255 789 2277 ι.
807 2249 837 2277 1.
864 2249 873 2263 ‘
887 2247 954 2277 Re-

252 2295 352 2336 gulus
384 2304 428 2327 ex
464 2295 597 2327 victore
633 2295 885 2336 speciosissimo
911 2296 955 2326 ad

251 2345 481 2377 miserabilem
497 2345 625 2386 captivi
640 2345 811 2388 fortunam
829 2344 955 2376 deduc-

253 2399 309 2426 tus
325 2418 333 2426 .
353 2418 360 2426 .
379 2415 388 2425 .
404 2417 414 2426 .
444 2394 683 2435 Carthaginem
712 2395 862 2436 repetiit,
889 2404 955 2426 non

252 2447 391 2487 ignarus
408 2446 449 2478 ad
471 2456 571 2488 quam
591 2446 760 2486 crudeles,
787 2455 955 2487 quamque

253 2498 355 2529 etiam
383 2498 508 2530 merito
531 2497 595 2530 sibi
621 2495 763 2530 infestos
788 2498 881 2536 Deos
902 2507 955 2529 re-

253 2547 472 2579 verteretur!

299 2597 379 2632 Quoe
408 2597 469 2629 sibi
497 2597 648 2629 barbarus
678 2597 794 2629 Tortor
814 2597 956 2639 pararet]

253 2646 386 2678 Tullius
401 2647 436 2677 in
451 2647 666 2689 Pisonem,n.
677 2650 734 2679 43.
750 2648 760 2665 ‘
774 2647 825 2679 M.
842 2647 957 2688 Regu·

253 2697 325 2728 lum
354 2696 522 2738 illigatum
558 2698 592 2729 in
629 2697 785 2730 machina
814 2697 956 2730 resectis

255 2746 430 2789 palpebris
461 2748 747 2790 Carthaginenses
782 2748 956 2789 vigilando

254 2797 487 2830 necaverunt.³
531 2799 609 2830 Val.
626 2798 720 2831 Max.
740 2807 792 2831 rx.
807 2801 839 2830 2.
863 2800 874 2818 ‘
890 2799 957 2831 Re-

1011 1094 1125 1135 gulum
1142 1095 1317 1136 palpebris
1331 1094 1485 1136 resectis,
1500 1094 1669 1137 machina,
1681 1094 1716 1128 in

1010 1155 1079 1187 qua
1094 1146 1244 1188 undique
1261 1146 1430 1187 praeacuti
1446 1146 1574 1178 stimuli
1589 1145 1718 1178 emine-

1010 1196 1105 1237 bant,
1128 1196 1294 1228 inclusum
1324 1196 1502 1238 vigilantia
1522 1195 1655 1238 pariter
1678 1201 1717 1227 et

1010 1247 1171 1279 continuo
1198 1252 1313 1279 tractu
1337 1245 1463 1279 doloris
1482 1245 1718 1278 necaverunt!

1009 1297 1153 1329 Tertull.
1169 1297 1211 1329 ad
1227 1297 1401 1339 Martyras
1418 1306 1496 1337 cap.
1510 1300 1543 1329 4.
1565 1297 1576 1315 ‘
1589 1295 1717 1328 Maluit

1008 1348 1160 1380 hostibus
1177 1348 1288 1387 reddi,
1309 1353 1346 1380 et
1368 1348 1404 1380 in
1423 1357 1515 1380 arcae
1533 1356 1640 1388 genus
1656 1347 1716 1379 sti-

1012 1403 1125 1438 patus,
1135 1399 1284 1440 undique
1298 1397 1510 1429 extrinsecus
1519 1396 1623 1428 clavis
1635 1405 1716 1427 con-

1011 1447 1098 1479 fixus
1115 1453 1165 1478 tot
1181 1445 1300 1479 cruces
1325 1446 1454 1478 sensit.'
1496 1446 1617 1477 Aurei.
1636 1445 1715 1476 Vic-

1012 1501 1068 1528 tor
1088 1497 1132 1528 de
1148 1497 1242 1528 Viris
1265 1496 1396 1527 Illustr.
1426 1495 1492 1527 ‘In
1516 1504 1630 1527 arcam
1653 1495 1716 1536 lig·

1011 1556 1112 1579 neam
1129 1547 1319 1587 conjectus,
1333 1545 1440 1578 clavis
1454 1545 1639 1580 introrsum
1656 1545 1715 1577 ad-

1013 1597 1114 1633 actis.
1130 1596 1256 1637 vigiliis
1274 1605 1316 1628 ac
1337 1596 1458 1635 dolore
1482 1597 1624 1639 punitus
1639 1595 1715 1628 est!

1014 1647 1067 1678 Ex
1084 1646 1256 1688 Appiano,
1279 1640 1458 1687 positus'in
1472 1655 1580 1678 cavea
1595 1646 1714 1677 stimu-

1015 1697 1066 1729 los
1076 1696 1226 1738 undique
1237 1695 1401 1727 habente.
1422 1695 1546 1728 senec.
1557 1695 1600 1728 de
1608 1695 1715 1727 Tran-

1011 1748 1106 1791 quill.
1123 1747 1238 1779 Animi
1263 1756 1288 1779 1.
1305 1749 1358 1779 15.
1379 1747 1389 1764 ⁸
1403 1745 1458 1778 An
1473 1744 1575 1778 fleam
1601 1747 1716 1788 Regu-

1010 1799 1094 1834 lum,
1127 1797 1218 1840 quod
1257 1801 1311 1829 tot
1346 1796 1453 1828 clavis
1490 1795 1672 1837 configitur
1683 1795 1716 1828 ?’

1009 1849 1132 1881 Suidas
1143 1859 1151 1879 :
1168 1852 1177 1867 “
1188 1848 1338 1889 Regulus
1348 1846 1592 1888 Carthaginem
1603 1855 1716 1878 rever*

1010 1909 1067 1931 sus
1083 1899 1174 1931 omni
1189 1898 1434 1940 suppliciorum
1459 1906 1587 1939 genere
1609 1897 1717 1930 coufi-

1009 1950 1112 1981 citur.
1159 1950 1248 1982 Nam
1275 1957 1402 1991 praeter
1425 1953 1569 1981 caeteros
1583 1948 1716 1980 crucia·

1011 2003 1080 2039 tus,
1092 1999 1298 2031 domuncula
1309 2003 1454 2040 angusta
1465 1999 1629 2039 inclusus,
1640 2008 1715 2040 quae

1011 2050 1236 2089 magnitudini
1254 2049 1407 2090 corporis
1430 2049 1505 2090 ejus
1528 2042 1716 2090 responde·

1011 2104 1077 2139 ret,
1091 2101 1182 2132 intus
1199 2100 1328 2132 crebris
1345 2100 1452 2132 clavis
1466 2099 1590 2132 ferreis
1606 2104 1716 2131 traus-

1008 2149 1089 2190 fixa,
1105 2151 1232 2191 periit:
1261 2160 1336 2181 cum
1361 2159 1424 2182 nec
1446 2150 1606 2183 immotus
1621 2157 1713 2181 stare

1010 2205 1138 2240 posset,
1169 2204 1205 2231 et
1226 2200 1405 2240 quieturus
1436 2203 1530 2231 statu
1559 2197 1712 2239 corporis

1010 2255 1195 2290 utcumque
1227 2250 1402 2288 inclinato,
1427 2250 1460 2280 in
1484 2249 1614 2281 ferreas
1637 2257 1713 2278 cus-

1010 2298 1108 2337 pides
1138 2298 1326 2329 incederet.
1373 2298 1464 2329 Gell.
1493 2307 1544 2330 vr.
1576 2300 1610 2329 4.
1640 2301 1649 2315 ⁶
1670 2295 1711 2326 lu

1010 2350 1100 2377 atras
1116 2351 1152 2377 et
1168 2346 1354 2386 profundas
1365 2346 1528 2377 tenebras
1544 2345 1710 2385 Regulum

1010 2395 1257 2427 includebant:
1282 2404 1322 2426 ac
1354 2394 1414 2425 diu
1444 2398 1531 2434 post,
1555 2393 1612 2424 ubi
1638 2398 1712 2426 erat

1010 2446 1102 2476 visus
1118 2445 1168 2476 sol
1183 2443 1453 2483 ardentissimus,
1468 2448 1611 2484 repente
1627 2443 1711 2475 edu-

1010 2495 1157 2533 cebant3
1174 2498 1211 2526 et
1226 2494 1386 2526 adversus
1403 2494 1491 2525 ictus
1507 2493 1588 2525 solis
1603 2503 1711 2535 oppo-

1008 2547 1110 2579 situm
1137 2546 1374 2587 continebant,
1401 2551 1505 2588 atque
1531 2545 1710 2577 intendere

1010 2597 1044 2629 in
1073 2597 1195 2629 coelum
1221 2597 1337 2629 oculos
1361 2596 1545 2638 cogebant.
1590 2596 1714 2637 Palpe-

1011 2647 1088 2680 bras
1104 2656 1239 2690 quoque
1262 2647 1347 2689 ejus,
1374 2656 1416 2679 ne
1433 2647 1618 2679 connivere
1634 2655 1712 2687 pos·

1010 2701 1075 2738 set,
1101 2707 1232 2729 sursum
1255 2707 1295 2728 ac
1315 2697 1472 2728 deorsum
1490 2696 1646 2729 diductas
1661 2695 1711 2728 in-

1011 2747 1183 2780 suebant!
1227 2748 1280 2779 Ex
1293 2747 1473 2779 Tuberone
1483 2747 1569 2779 haec.
1585 2747 1595 2764 ‘
1606 2744 1711 2778 Tudi·

1011 2803 1109 2831 tanus
1125 2802 1250 2836 autem,
1275 2807 1393 2830 somno
1416 2797 1474 2830 diu
1490 2796 1711 2839 prohibitum,
