1916 3190
249 245 306 286 70

726 257 771 296 Q·
803 256 1016 288 HORATII
1051 255 1231 290 FLAom

425 348 637 391 Vidimus
657 348 824 391 flavum
843 349 1059 400 Tiberim,
1081 350 1259 392 retortis

423 416 590 459 Littore
613 415 804 458 Etrusco
823 417 1040 458 violenter
1060 416 1207 468 undis,

424 482 496 524 Ire
519 482 746 537 dejectum
767 487 1050 525 monumenta
1068 483 1199 538 regis,

764 550 1041 604 Templaque
1059 549 1245 594 Vestae:

423 615 523 658 Iliae
545 616 651 658 dum
674 629 721 658 se
742 617 923 658 nimium
941 619 1137 671 querenti

424 683 454 725 J
458 687 580 725 aetat
599 683 815 737 ultorem3
847 697 986 738 vagus
1007 689 1053 726 et
1073 685 1254 727 sinistra

255 811 366 839 verunt
388 808 422 839 in
446 808 529 840 mari
548 808 719 849 superfuso.
761 808 1080 851 Aspeximusflavum
1096 810 1233 843 Tiberim
1247 811 1294 843 ire
1312 813 1506 852 prostratum
1518 813 1715 842 monumenta

256 848 356 889 Regis
373 851 497 889 Numoe,
510 854 543 883 et
565 852 663 882 aedem
684 852 797 892 Vosne,
810 852 900 892 aquis
917 862 1030 892 magno
1053 853 1171 894 impetu
1190 853 1320 895 reflexis
1341 864 1361 885 α
1383 854 1454 894 ripa
1468 853 1611 885 Truciam
1631 863 1715 894 spec-

256 894 342 924 tante
351 903 362 924 .·
377 894 451 925 dum
464 893 515 925 hic
520 894 657 935 fluvius,
666 895 746 926 Jove
757 895 954 936 indignante,
962 895 1094 927 nimium
1104 896 1269 937 indulgens
1280 897 1373 928 uxori
1384 897 1456 929 ltiae
1469 897 1587 928 dolenti
1593 899 1715 937 preter

257 1073 427 1105 Tor-rentii
439 1074 666 1105 dammam—18
677 1074 959 1116 Cuningfflavom.
988 1075 1086 1108 Harl.
1098 1078 1130 1108 2.
1143 1076 1271 1108 remotis
1281 1085 1344 1117 pro
1351 1077 1576 1108 nemim-1⁵
1593 1076 1644 1108 tre
1653 1077 1720 1108 dis·

248 1116 368 1155 jectum
384 1116 511 1148 Sanad.
524 1121 559 1148 et
572 1116 718 1157 Cuning.
729 1127 772 1148 ex
783 1118 970 1149 eodm—19
985 1121 995 1136 ⁴
1006 1119 1085 1150 Jove
1099 1129 1160 1150 non
1168 1118 1318 1159 probante
1333 1119 1448 1160 placet
1459 1118 1533 1151 fere
1547 1128 1617 1161 prae
1630 1129 1720 1151 cour-

259 1159 382 1191 mentis
396 1159 647 1200 Interpretum‚
662 1160 727 1191 nisi
743 1165 781 1192 tu
797 1161 878 1202 quid
896 1162 973 1192 novi
987 1161 1115 1193 habes.’
1144 1162 1202 1194 Ita
1216 1162 1338 1194 scribit
1348 1161 1543 1195 Gronovius
1558 1163 1592 1194 in
1606 1161 1721 1204 Epist.

912 1256 944 1287 N
950 1256 1053 1288 0⁷1·AE

262 1341 342 1364 vero
357 1331 445 1363 bene
462 1330 635 1372 palumbes
657 1340 725 1363 non
746 1331 803 1363 hie
818 1331 963 1372 intelligi

261 1387 399 1424 queant,
414 1392 498 1424 quas
514 1382 549 1413 in
566 1381 744 1414 arboribus
762 1387 897 1414 constat
913 1383 962 1413 ni-

260 1432 412 1464 dificare.
470 1432 562 1465 Quid
592 1442 694 1473 porro
724 1434 812 1474 quod
843 1432 964 1465 scribit

259 1482 443 1515 Suetonius
473 1482 599 1515 Octav.
624 1492 703 1524 cap.
727 1485 782 1515 94.
827 1483 964 1514 Caesare

262 1533 394 1574 sylvam
411 1532 581 1573 caedente,
602 1533 758 1565 arborem
781 1533 904 1574 palmae
928 1533 964 1564 in

262 1592 363 1615 omen
379 1583 532 1615 victoriae
555 1583 686 1614 servari
702 1583 847 1624 jussam,
863 1593 882 1614 e
898 1591 966 1624 qua

261 1633 393 1665 soboles
410 1637 511 1664 enata
523 1633 639 1674 paucis
654 1633 774 1665 diebus
791 1634 839 1665 sic
851 1633 965 1665 adole·

262 1682 325 1724 vit,
340 1687 379 1714 ut
398 1692 464 1714 non
488 1682 588 1714 modo
605 1683 835 1724 aequipararet
850 1682 966 1714 matri-

263 1741 351 1772 cem,
366 1732 426 1763 sed
443 1737 479 1764 et
492 1732 689 1774 obtegeret,
701 1734 711 1750 ‘
727 1732 966 1775 frequentare-

263 1789 388 1824 turque
405 1782 638 1815 columbarum
654 1783 766 1815 nidis.'

308 1835 348 1864 13
373 1833 506 1864 Flavum
523 1833 676 1874 Tiberim]
700 1834 768 1865 Seu
784 1843 825 1864 ex
841 1833 970 1865 eluvio-

265 1891 309 1914 ne
338 1882 525 1922 turbidum,
553 1888 590 1914 nt
618 1882 679 1921 fit;
714 1892 774 1914 seu
805 1884 908 1925 quod,
932 1888 971 1915 ut

265 1931 387 1963 scribit
402 1931 524 1971 Virgil.
546 1932 677 1963 AEneid.
694 1941 760 1964 vn.
775 1936 828 1964 31.
853 1935 862 1951 ‘
881 1935 967 1964 Vor-

267 1981 390 2013 ticibus
400 1981 540 2021 rapidis,
556 1986 591 2012 et
604 1982 713 2012 multa
723 1980 834 2012 flavus*
844 1983 968 2013 arena!

310 2032 454 2063 Retortis
466 2031 591 2062 Littere
606 2031 737 2062 Etrusco
748 2031 898 2062 violenter
912 2042 968 2062 un-

267 2082 333 2122 dis]
358 2081 551 2113 Retroactis
567 2081 709 2112 Romam
727 2090 844 2112 versus
861 2081 968 2122 aquis,

268 2131 482 2173 repulsisque
506 2130 548 2162 ab
573 2130 662 2161 ostio
682 2129 784 2161 maris
805 2130 970 2172 Tyrrheni

269 2184 343 2215 sive
358 2182 506 2222 Etrusci,
521 2181 555 2212 iu
569 2181 658 2222 quod
675 2179 804 2212 influit:
830 2191 896 2222 qua
911 2190 969 2213 ex-

268 2224 456 2265 undatione
477 2231 674 2263 vastitatem
696 2230 772 2262 urbi
796 2230 886 2262 visus
908 2231 970 2262 mi-

270 2284 345 2317 nari
358 2282 509 2315 Tiberis.
546 2281 624 2314 Huc
643 2281 794 2322 pertinet
808 2281 899 2323 quod
917 2291 969 2313 re-

269 2335 340 2368 fert
357 2335 428 2367 Dio
442 2334 501 2366 lib.
516 2342 601 2366 ΠΝ.
614 2332 754 2365 flumina
768 2333 923 2375 quaedam
936 2334 970 2366 in

270 2385 375 2418 Italis
399 2384 588 2417 contrarias
615 2384 649 2415 in
675 2389 793 2425 partes
816 2383 970 2424 fluxisse,

270 2435 419 2476 Augusti
445 2433 657 2475 temporibus
671 2444 680 2465 ε
715 2433 892 2476 piscesque
921 2434 972 2464 in-

270 2485 501 2517 numerabiles
527 2494 548 2515 e
568 2484 654 2516 mari
677 2484 714 2517 in
739 2485 971 2516 continentem

272 2536 404 2577 ejectos
421 2545 481 2576 per
495 2534 585 2566 ostia
598 2534 750 2567 Tiberim·

317 2590 357 2619 15
381 2587 587 2618 monumenta
598 2586 714 2627 Regis]
736 2586 858 2618 Numae
872 2586 972 2618 Pom·

273 2638 360 2680 pilii,
375 2638 515 2669 secundi
527 2639 758 2670 Romanorum
770 2637 890 2679 Regis,
905 2637 973 2668 Pa·

273 2690 406 2728 latium,
430 2689 517 2729 quod
535 2694 570 2720 et
587 2689 688 2721 Curia
709 2688 922 2730 Pompilisna
938 2693 974 2720 et

274 2740 397 2782 Regia,
411 2739 605 2770 vocabatur.
629 2740 835 2781 Intelligunt
849 2739 905 2771 alii
919 2746 974 2770 ce·

276 2796 347 2823 tera
378 2790 502 2823 Nnmae
530 2799 637 2830 opera
666 2800 726 2821 seu
757 2794 975 2822 monumenta

1018 1332 1166 1374 publica.

1060 1385 1102 1415 16
1128 1384 1311 1424 Templaque
1346 1381 1463 1423 Vestoe]
1496 1382 1551 1414 Ex
1573 1382 1719 1424 Dionys.

1019 1434 1136 1466 Halic.
1151 1434 1208 1466 lib.
1223 1443 1263 1465 ιι.
1288 1434 1430 1475 Templa
1445 1433 1514 1464 duo
1530 1433 1646 1464 Romae
1661 1433 1721 1464 ha-

1018 1483 1125 1515 bebat
1141 1483 1261 1523 Vesta,
1276 1483 1418 1515 alterum
1431 1492 1451 1514 a
1466 1482 1622 1521 Romulo,
1636 1482 1722 1514 alte-

1018 1543 1093 1565 rum
1109 1543 1129 1565 a
1145 1533 1259 1566 Numa
1274 1533 1446 1574 Pompilio
1461 1531 1636 1564 conditum
1650 1541 1721 1564 me·

1019 1583 1076 1615 dio
1105 1584 1218 1625 spatio
1240 1583 1447 1625 Capitolium
1465 1583 1557 1614 inter
1572 1586 1608 1613 et
1623 1582 1723 1613 Pala-

1021 1633 1119 1674 tium,
1152 1634 1228 1666 unis
1262 1633 1430 1666 moenibus
1460 1638 1605 1674 utroque
1634 1632 1723 1665 colle

1019 1684 1162 1716 incluso.

1067 1732 1207 1774 Templa]
1229 1732 1380 1765 Abusive
1394 1741 1457 1774 pro
1472 1731 1547 1764 aede
1563 1740 1640 1774 quae
1656 1740 1724 1763 non

1023 1789 1099 1816 erat
1111 1788 1268 1824 augusta,
1277 1783 1350 1815 sive
1362 1782 1503 1824 augurio
1513 1784 1727 1822 consecrata,

1023 1838 1059 1865 at
1073 1837 1251 1873 augustum
1267 1837 1342 1864 erat
1357 1832 1447 1864 illins
1462 1831 1600 1864 atrium.

1071 1884 1189 1925 Vestoe]
1226 1884 1306 1925 EJus
1337 1882 1429 1915 aedes
1460 1887 1537 1915 erat
1564 1881 1726 1922 rotunda,

1021 1934 1111 1973 qnod
1137 1938 1241 1973 terra,
1258 1943 1333 1974 quae
1357 1932 1505 1965 rotunda
1528 1937 1593 1973 est,
1614 1932 1725 1965 Vesta

1022 1983 1116 2014 dicta
1129 1983 1346 2024 fuit‚quippe
1362 1994 1438 2024 quoe
1455 1984 1558 2016 rebus
1570 1983 1726 2016 omnibus

1024 2033 1191 2064 vestitur:
1217 2033 1271 2063 vei
1288 2034 1367 2073 quia
1392 2033 1423 2063 vi
1447 2043 1508 2064 sua
1530 2038 1611 2065 stat.
1655 2033 1726 2065 Alii

1024 2081 1136 2113 aliter.
1178 2080 1267 2112 Vide
1292 2081 1366 2112 Cic.
1388 2081 1431 2112 de
1458 2081 1543 2114 Nat.
1569 2083 1679 2116 Deor.
1698 2091 1724 2114 1.

1024 2140 1058 2162 n.
1073 2133 1127 2163 67.

1067 2185 1108 2213 17
1134 2181 1223 2223 Itiae]
1247 2182 1351 2215 Matri
1364 2183 1512 2222 Romuli,
1525 2193 1595 2215 sum
1612 2185 1726 2225 uxori,

1024 2232 1247 2273 conquerenti·
1259 2232 1302 2264 de
1317 2242 1401 2265 nece
1411 2233 1434 2266 J
1439 2233 1497 2265 ulii
1506 2234 1653 2266 Caesaris
1663 2235 1728 2267 sibi

1024 2283 1280 2323 consanguinei.
1324 2283 1387 2315 Ilia
1410 2284 1508 2324 jussu
1537 2284 1665 2317 Amulii
1691 2285 1726 2316 in

1024 2333 1191 2374 Tiberim,
1206 2339 1245 2366 ut
1261 2335 1381 2367 volunt
1404 2334 1553 2376 quidam,
1567 2335 1726 2376 praecipi-

1025 2389 1112 2422 tata,
1131 2385 1209 2417 huic
1235 2385 1380 2427 proinde
1400 2384 1506 2417 fluvio
1530 2389 1639 2426 nupta
1657 2384 1725 2416 fer-

1025 2442 1103 2468 tur:
1121 2435 1164 2467 ab
1176 2444 1285 2477 eoque
1300 2434 1531 2477 indulgentius
1543 2443 1643 2476 aeqno
1653 2434 1727 2466 vin-

1026 2485 1176 2522 dicatur.

1070 2537 1111 2567 18
1134 2534 1274 2566 Sinistra
1288 2534 1424 2566 Labitur
1442 2533 1528 2575 ripa]
1558 2534 1727 2576 Msjorem

1027 2594 1110 2627 ergo
1125 2585 1218 2618 urbis
1234 2589 1380 2626 partem,
1395 2595 1471 2626 quae
1491 2584 1535 2616 ad
1556 2585 1727 2617 sinistram

1027 2640 1093 2677 est,
1108 2635 1224 2668 :sorum
1246 2635 1380 2667 scilicet
1398 2636 1600 2675 Romanunm,
1623 2640 1727 2677 utque

1027 2686 1191 2719 Aventini
1217 2685 1437 2727 Palatinique
1463 2686 1600 2718 collium
1625 2686 1728 2718 imam

1029 2737 1200 2778 regionem
1216 2735 1394 2768 exundans
1410 2739 1521 2768 vastat
1533 2735 1679 2769 Tiberis.
