1916 3190
263 229 350 271 224
743 243 789 282 Q.
818 243 1037 296 nonunt·
1064 246 1239 279 nacci

492 337 744 392 Utcumque
763 343 935 380 mutata
955 343 1158 393 potentes

546 403 688 446 Veste
710 405 867 446 domos
887 406 1067 448 inimica
1087 407 1267 462 linquis.

432 470 495 513 At
515 471 671 525 vulgus
690 471 868 513 infidum
889 477 934 514 et
953 475 1156 516 meretrix
1177 480 1291 517 retro
1658 479 1718 529 25

434 538 618 593 Peijura
638 539 780 580 cedit:
801 538 1040 593 diffugiunt
1058 541 1184 583 cadis

489 603 603 646 Cum
621 604 733 646 faece
754 606 936 647 siccatis
956 608 1106 657 amici,

548 671 679 713 Ferre
691 672 847 726 jugum
869 674 1035 726 pariter
1056 674 1212 717 dolosi.

431 738 592 780 Serves
612 740 775 781 iturum
796 741 1016 783 Caesarem
1038 743 1083 782 in
1105 743 1277 784 ultimos

433 804 567 848 Orbis
589 806 842 858 Britannos,
860 811 903 849 et
914 809 1128 862 juvenum
1149 822 1303 851 recens
1659 813 1717 854 30

259 934 443 970 magnatum
456 932 586 964 adverso
601 933 732 964 deseris.-
751 933 841 974 plebs
853 914 1179 974 antea-Yinetabiusfft
1194 936 1346 968 meretrix
1356 936 1479 978 perfidu
1489 937 1719 976 sonet-afugit:

259 983 354 1005 amzct
367 984 485 1015 quoque
501 975 618 1014 jugum
639 975 732 1006 simul
750 980 876 1015 portare
892 976 1085 1014 fraudantes
1105 978 1285 1017 abscedunt,
1301 982 1374 1018 post
1390 979 1543 1010 exhausta
1557 979 1718 1018 adfaecem

258 1024 351 1056 usque
365 1017 460 1048 dolia.
508 1018 538 1048 Ο
555 1018 709 1057 Fortuna,
722 1017 903 1049 incolumem
914 1021 1035 1058 praesta
1052 1020 1209 1051 Goesarem
1223 1019 1381 1061 proficisci
1393 1021 1595 1052 meditantem
1608 1022 1718 1052 adver-

841 1110 997 1123 OOOO‘OOO
1001 1112 1017 1123 Ι
1021 1111 1098 1124 ‘OG‘

259 1168 413 1205 gen—24
438 1165 534 1197 Unus
551 1163 756 1196 Bersmanni
778 1168 815 1196 et
831 1164 936 1196 Dess.
950 1168 981 1197 2.
996 1166 1161 1207 linquent,-
1183 1175 1246 1208 pro
1269 1176 1337 1208 quo
1363 1166 1476 1199 Benti.
1499 1168 1590 1210 conj.
1611 1150 1726 1210 vertis,

260 1208 294 1239 h.
308 1217 340 1239 e.
363 1208 532 1244 concutis,
559 1206 693 1248 affligis,
717 1207 934 1248 improbante
956 1207 1049 1240 Jani.
1093 1208 1183 1240 Vide
1210 1209 1250 1241 1..
1265 1210 1333 1241 Bos
1360 1209 1542 1243 Animadv.
1563 1211 1605 1242 ad
1629 1208 1716 1244 Hor.

261 1258 297 1291 p.
314 1252 367 1282 32.
411 1252 421 1268 ⁸
434 1250 634 1291 Legendum
652 1250 811 1291 conjicio,
826 1250 868 1281 Te
883 1249 918 1281 S.
932 1254 963 1282 et
974 1261 1004 1281 α.
1018 1261 1045 1282 r.
1060 1250 1099 1282 F.
1111 1261 1139 1283 c.
1157 1251 1195 1283 V.
1208 1261 1332 1292 pamm,-
1343 1262 1375 1284 η.
1389 1253 1504 1285 sociam
1514 1253 1660 1294 abnegat,
1675 1254 1716 1287 U.

260 1302 302 1324 m.
325 1301 358 1333 p.
378 1293 488 1324 Mente
503 1291 618 1332 domos,
638 1293 692 1332 ἆγε.
739 1293 818 1324 Hoc
839 1301 962 1324 sensu:
988 1293 1090 1324 Fides
1107 1298 1142 1325 te
1158 1294 1255 1335 colit,
1275 1295 1440 1332 Fortuna,
1462 1297 1717 1338 qualiscumque

260 1334 382 1375 fueris,
397 1336 471 1366 sive
486 1335 590 1371 bona.
617 1336 690 1366 sive
702 1336 804 1375 mala,
820 1345 931 1376 neque
947 1335 1095 1376 abnegat
1114 1336 1243 1368 socium
1259 1338 1312 1368 vei
1329 1339 1475 1370 amicum
1492 1339 1526 1370 in
1542 1339 1641 1370 rebus
1658 1340 1718 1371 ad-

260 1378 379 1417 versis,
399 1387 474 1409 cum
495 1381 611 1408 mente
637 1381 782 1416 mutata,
803 1387 870 1408 non
897 1378 1042 1418 amplius
1067 1377 1198 1418 favens,
1222 1389 1298 1410 eum
1323 1380 1456 1412 deseris
1479 1385 1515 1412 et
1540 1381 1716 1414 destituis-

259 1419 270 1436 ‘
285 1419 471 1460 Abnegare
488 1419 637 1451 socium’
660 1423 714 1451 est
740 1420 899 1460 prodere,
925 1421 1099 1458 deserere,
1125 1420 1330 1460 destituere;
1363 1432 1489 1464 negare
1515 1432 1611 1454 suum
1634 1424 1718 1454 ami·

261 1471 340 1493 cum
356 1471 443 1500 esse,
459 1466 496 1493 ut
511 1462 692 1503 eleganter
708 1463 757 1493 ait
773 1461 877 1494 Ovid.
895 1471 935 1496 11.
958 1472 1001 1494 ex
1019 1463 1123 1495 Pont.
1142 1472 1194 1494 vr.
1209 1466 1262 1495 24.
1308 1463 1363 1495 Ad
1380 1474 1497 1496 vocem
1522 1465 1646 1497 Socim
1662 1475 1717 1498 as-

261 1504 376 1545 cripta
391 1505 518 1545 glossa,
534 1505 556 1536 i.
572 1515 604 1537 e.
615 1505 768 1540 comitem,
785 1505 921 1536 tandem
939 1506 1048 1537 textui
1065 1505 1229 1546 irrepsit!
1250 1507 1346 1538 Jever
1359 1508 1400 1538 ad
1414 1507 1534 1539 Lucan.
1551 1517 1576 1539 1.
1594 1510 1716 1539 681.—

260 1549 303 1578 25
326 1548 373 1578 Et
386 1548 498 1587 vulg-us
510 1547 644 1579 emend.
662 1546 797 1578 Bonfin.
829 1551 866 1579 ut
879 1548 1032 1579 mretrix
1046 1547 1153 1579 Brod.
1171 1548 1339 1590 quomodo
1354 1549 1447 1590 conj.
1465 1550 1713 1591 Cuning.-—29.

260 1591 304 1620 80
327 1590 444 1622 Benti.
457 1590 548 1634 conj.
570 1590 604 1621 in
619 1590 758 1629 ultimos,
775 1589 854 1629 Oro,
869 1590 1055 1630 Britannos,
1066 1591 1213 1622 barbare
1226 1596 1351 1631 putans
1365 1591 1434 1623 dici
1447 1603 1458 1624 ε
1478 1593 1606 1624 ultimos
1619 1593 1716 1624 Orbis

259 1631 447 1664 Britannos.
491 1633 621 1664 Eadem
637 1632 680 1664 de
697 1641 799 1664 causa
813 1633 959 1674 Cuning.
975 1634 1110 1665 emend.
1122 1634 1156 1665 in
1170 1634 1275 1665 ultimi
1292 1634 1594 1673 OrbiaBritamv,·
1606 1635 1713 1668 With.

919 1718 1060 1750 NOTAE

256 1781 394 1824 quando
409 1782 550 1814 miseros
565 1781 682 1814 reddit
696 1791 770 1823 eos,
792 1782 850 1823 qui
865 1781 959 1814 beati

257 1836 377 1872 eraut;
402 1837 439 1864 et
463 1831 555 1864 faeta
575 1832 648 1873 jam
672 1832 810 1864 inimica
835 1832 960 1874 linquit

257 1882 374 1913 domos
392 1883 596 1923 potentium,
612 1887 648 1913 et
662 1882 728 1914 alio
744 1883 879 1924 migrat.

298 1934 339 1962 25
356 1932 402 1963 Ae
412 1932 524 1971 vulgus
534 1930 666 1974 infidum
674 1935 704 1963 et
717 1932 879 1971 meretrix,
885 1932 957 1973 ξω]

257 1981 339 2012 Veri
359 1980 495 2021 quidem
511 1981 611 2012 amici
627 1981 662 2012 in
678 1981 831 2012 adversis
845 1982 956 2021 perin-

248 2029 302 2074 'de
317 2039 357 2061 ac
373 2031 408 2061 in
423 2030 584 2061 secundis
611 2035 751 2062 manent
766 2029 837 2066 fidi,
852 2031 955 2071 etju-

256 2090 336 2113 vare
352 2085 585 2122 perseverant.
619 2080 667 2112 At
681 2081 756 2112 haec
770 2090 955 2121 paucorum

256 2131 363 2163 virtus
384 2135 447 2162 est.
490 2130 559 2162 Alii
583 2130 673 2161 enim
699 2140 718 2161 e
739 2130 853 2161 multis
876 2134 912 2160 et
937 2140 956 2161 e

259 2182 364 2222 vulgo
388 2180 533 2212 amicum
553 2179 672 2212 fovent
696 2179 858 2221 quamdiu
873 2178 956 2210 feiix

259 2235 327 2263 ωτι
350 2228 495 2262 reflante
520 2238 601 2261 vero
625 2229 778 2260 Fortuna
801 2228 958 2269 protinus

257 2282 405 2314 avolant.
448 2280 606 2322 Inprimis
644 2284 759 2312 autern
795 2279 960 2311 meretrix

259 2332 350 2364 datae
382 2330 463 2362 fidei
500 2332 676 2362 immemor
711 2329 888 2368 abseedit3
923 2332 960 2362 et

260 2389 454 2424 quanquam
481 2380 658 2422 utriusque
685 2381 796 2412 status
819 2379 959 2412 calami-

259 2432 327 2464 tosi
362 2430 522 2463 nimirum
555 2434 592 2463 et
624 2429 792 2462 fortunati
817 2431 828 2448 ‘
835 2430 959 2472 jugum

257 2482 351 2515 ferre
374 2481 529 2525 pariterl’
549 2480 820 2522 spoponderant,
839 2481 849 2498 ‘
863 2479 958 2512 dolo-

258 2534 306 2565 si‘
328 2533 468 2566 tandem
492 2535 673 2573 apparent.
718 2530 810 2563 Nam
831 2529 842 2548 ‘
857 2528 957 2561 diffu-

258 2584 358 2625 giunt
383 2583 521 2615 siccatis
547 2591 623 2614 cum
647 2580 735 2612 faece
757 2579 876 2617 cadis:
900 2579 958 2612 ubi

261 2636 412 2676 qnaestus
436 2633 530 2664 nulla
557 2641 636 2673 spes
665 2630 833 2672 amplius;
855 2633 957 2672 atque

258 2687 299 2716 nt
313 2682 414 2715 estin
434 2681 593 2724 proverb.
614 2682 624 2699 ‘
637 2680 748 2713 fervet
770 2680 850 2720 olis,
873 2679 958 2711 vivit:

259 2732 435 2765 amicitia!
480 2733 526 2764 Et
564 2731 668 2764 Ovid.
700 2730 744 2762 de
780 2731 884 2763 Pont.
914 2738 955 2762 n.

259 2785 270 2803 ‘
285 2784 414 2825 Vulgus
443 2783 611 2815 amicitias
635 2782 784 2814 utiiitate
811 2779 957 2823 probat!

1013 1782 1247 1815 Ecclesiastici
1260 1792 1338 1824 cap.
1352 1792 1400 1815 vt.
1423 1784 1434 1801 ‘
1446 1783 1508 1815 Eat
1522 1783 1650 1815 amiens
1661 1793 1715 1816 so·

1013 1832 1088 1864 cius
1110 1842 1261 1872 mensae3
1283 1837 1321 1865 et
1345 1842 1412 1864 non
1439 1833 1657 1875 permanebit
1678 1833 1716 1866 i·

1012 1882 1069 1913 die
1086 1882 1330 1914 necessitatis.'
1713 1910 1716 1915 .

1054 1935 1097 1964 29
1120 1932 1236 1964 Ser-ves
1249 1933 1368 1964 iturum
1380 1934 1548 1972 cesarem,
1557 1931 1627 1973 ξω]
1643 1932 1716 1964 An-

1012 1982 1050 2013 tii
1073 1981 1221 2014 fortasse
1245 1987 1318 2014 tum
1334 1982 1563 2014 diversantem
1580 1982 1715 2015 Antiati

1012 2031 1173 2063 Fortunae
1189 2033 1418 2071 commendat,
1440 2036 1593 2074 tumque,
1609 2038 1649 2065 ut
1665 2034 1716 2063 vi-

1011 2080 1124 2119 detur,
1143 2081 1216 2111 illic
1238 2081 1463 2112 meditantem
1485 2091 1561 2113 eam
1583 2082 1618 2114 in
1637 2082 1716 2114 Bri-

1014 2134 1134 2161 tannos
1149 2130 1418 2170 expeditionem,
1431 2131 1476 2162 de
1486 2141 1556 2172 qua
1568 2132 1639 2163 Dio
1653 2132 1713 2164 lib.

1013 2190 1091 2212 mn.

1061 2230 1197 2261 Ultimos
1212 2229 1325 2271 Orbis]
1348 2230 1471 2271 Vir-gil.
1483 2229 1602 2270 Eeiog.
1618 2239 1643 2262 1.
1658 2234 1714 2262 67.

1012 2283 1022 2298 ‘
1036 2280 1081 2311 Et
1094 2280 1230 2321 penitus
1243 2284 1318 2312 toto
1331 2280 1460 2312 divisos
1474 2281 1557 2312 orbe
1571 2281 1713 2313 Britan-

1011 2328 1095 2360 nos!
1139 2328 1229 2360 Vide
1241 2327 1344 2369 infra,
1361 2338 1419 2360 nr.
1435 2329 1549 2361 Od.4.
1562 2331 1615 2362 38,

1053 2381 1095 2411 30
1116 2380 1164 2410 Et
1178 2379 1328 2418 Juvenum
1345 2387 1454 2411 recens
1467 2379 1624 2420 Examen,
1641 2379 1713 2422 Sym]

1010 2427 1180 2470 Apposite
1206 2428 1387 2460 Marcilius
1414 2428 1575 2461 observat
1598 2428 1711 2469 dupii-

1010 2487 1082 2510 cem
1099 2479 1153 2510 hic
1179 2487 1218 2510 ac
1242 2478 1410 2510 diversum
1426 2477 1575 2519 Augusti
1590 2487 1711 2510 consu·

1009 2530 1082 2561 latu
1097 2529 1179 2561 belli
1195 2533 1399 2570 apparatum
1414 2527 1546 2560 notari:
1564 2528 1710 2560 aiterum

1009 2579 1043 2611 in
1062 2579 1274 2611 Britanniam
1289 2578 1478 2620 (Majorem
1492 2586 1627 2618 nempe.
1638 2577 1710 2610 aive

1009 2627 1190 2670 Angliam)
1218 2629 1324 2661 ductu
1352 2633 1389 2660 et
1417 2627 1578 2669 auspiciis
1601 2627 1711 2669 ipsius

1010 2678 1178 2720 Augusti:
1203 2679 1348 2711 aiterum
1372 2678 1407 2709 in
1435 2677 1595 2710 Arabiam
1620 2677 1710 2710 Feli-

1011 2738 1083 2763 cem
1099 2729 1205 2762 ductu
1221 2729 1300 2762 AElii
1322 2729 1436 2762 Galli:
1460 2735 1506 2760 ex‘
1519 2727 1634 2761 Dione
1649 2726 1711 2761 ott.

1010 2780 1072 2813 lib.
1086 2789 1165 2813 mu.
1186 2780 1279 2812 Plin.
1296 2789 1348 2812 vr.
1363 2781 1417 2812 23.
1439 2780 1506 2811 &m
1548 2777 1710 2813 Straboni.
