1916 3190
247 228 331 271 100

306 333 528 376 Perdere?
559 347 635 377 cur
656 337 857 390 apricum

421 402 579 444 Oderit
599 416 820 457 campum,
841 402 1016 457 patiens
1035 402 1233 458 pulveris
1254 407 1387 458 atque
1409 402 1548 445 solis?

307 470 396 512 Cur
414 482 557 524 neque
576 471 778 511 militaris

726 242 770 281 Q.
803 241 1014 273 rtoRA‘ru
1050 242 1222 275 rnacct

418 537 537 579 Inter
558 538 750 592 aequales
773 538 961 592 equitat,
985 537 1164 580 Gallica
1182 550 1266 579 nec
1286 537 1451 593 lupatis

244 677 439 709 corrumpere
455 669 602 710 Sybarim
615 681 626 700 .·
655 679 750 710 quare
766 669 922 701 Martium
949 670 1098 709 Campum
1120 669 1179 700 ooli
1206 670 1381 710 expositum
1405 671 1578 709 aversetur,
1598 668 1703 699 valens

243 711 375 742 tolerare
386 713 543 752 pulverem
559 716 590 743 et
604 715 735 744 aeetum:
759 722 852 752 quare
866 721 920 743 nec
937 711 1094 742 bellicosus
1108 722 1217 753 equum
1230 713 1336 752 agitat
1360 722 1430 743 cum
1449 711 1589 752 par-ibae,
1607 719 1704 751 neque

859 794 1096 808 eaeeeeaeeooeeo

246 849 417 881 Gunther.
435 859 469 890 p.
486 852 605 881 55.—4
628 849 736 881 With.
753 852 841 892 conj.
858 850 988 881 Deserit
1002 859 1154 890 campum.
1191 848 1333 881 Crusius
1349 850 1442 891 conj.
1458 848 1623 890 impatiens
1633 849 1704 889 pul-

243 892 340 923 veris.
384 891 455 933 ‘At
473 892 564 932 vulg.
585 897 638 924 est
663 902 794 932 verum,
820 893 927 923 modo'
945 892 1194 932 interpreteris,
1216 892 1297 933 ‘qui
1321 892 1401 923 olim
1427 891 1494 923 fuit
1521 889 1702 932 patiens.”

244 933 409 966 Zeun.--5
436 933 543 965 C'odd.
562 934 776 975 Bersmauni‚
800 934 908 966 Mald.
927 944 983 974 ap.
1001 934 1108 974 Cruq.
1123 934 1191 965 duo
1213 934 1307 974 Lips.
1331 935 1410 965 Vet.
1428 934 1548 965 Comb.
1565 938 1602 964 et
1616 942 1702 964 non-

243 977 346 1008 nullae
373 977 516 1008 Venett.
538 976 768 1008 militarem—6
792 977 919 1017 Vulgg.
946 981 983 1008 et
1005 977 1106 1008 Harl.
1128 978 1160 1007 2.
1182 980 1215 1007 5.
1237 976 1378 1016 equitet,·
1400 976 1506 1009 Brod.
1526 980 1562 1007 et
1584 975 1703 1008 (ἴτων.

903 1059 1043 1092 NOTAE

243 1124 397 1157 diebant.
457 1124 595 1166 Sybaris
637 1129 750 1157 tamen
791 1124 872 1157 urbs
902 1124 945 1156 ad

242 1185 335 1207 oram
361 1175 536 1206 Tarentini
558 1176 649 1206 sinus
675 1175 754 1206 olim
780 1175 861 1214 sita,
886 1184 945 1216 po·

241 1230 318 1258 teus
346 1225 431 1256 adeo
457 1225 602 1265 primum
628 1224 705 1265 fnit,
728 1229 767 1256 ut
791 1225 945 1256 finitimis

242 1275 403 1318 gentibus
439 1280 585 1316 quatuor
625 1274 875 1307 dominaretur:
909 1279 946 1306 at

242 1325 369 1358 deinde
395 1324 659 1366 proverbialiter
674 1329 876 1365 usurpatum
893 1328 947 1355 est

242 1376 318 1416 ejus
348 1383 470 1406 nomen
501 1383 564 1415 pro
595 1374 822 1414 perditissimo
852 1374 945 1405 luxu.

241 1425 445 1457 Philostrat.
459 1423 585 1455 Strabo
601 1424 660 1456 lib.
676 1433 724 1456 vr.
749 1422 874 1455 Athen.
889 1423 945 1455 lib.

239 1484 281 1508 11.
314 1474 490 1507 Plutarch.
514 1474 688 1515 Lamprid.

282 1523 429 1556 Amando
444 1524 599 1565 Perdere]
614 1522 848 1564 Antiplirasis.
879 1523 945 1555 Ce-

241 1577 367 1614 terum,
394 1578 433 1605 ut
452 1573 576 1605 scribit
605 1573 724 1613 Virgil.
741 1574 861 1614 Eclog.
884 1579 944 1606 nt.

242 1627 317 1656 1⁰9.
362 1625 373 1642 ‘
400 1623 562 1666 Quisquis
598 1633 730 1656 amores
763 1622 835 1655 Aut
874 1633 943 1655 me-

240 1678 318 1707 tuet
333 1674 464 1710 dulces,
490 1677 548 1705 aut
569 1674 769 1714 experietur
789 1672 946 1704 amaros!

240 1724 404 1766 Quisquis
424 1723 516 1756 enim
530 1724 747 1755 meretricum
773 1722 945 1754 amoribus

241 1784 278 1806 se
308 1774 381 1815 dat,
410 1773 507 1806 brevi
537 1783 621 1814 opes
659 1773 826 1813 absumet,
853 1772 945 1803 vires

238 1825 392 1865 corporis
409 1824 579 1865 animique
604 1823 741 1864 perdet,
764 1827 800 1853 et
819 1821 945 1853 famam

238 1874 341 1906 flocci
356 1875 485 1906 babens
498 1874 540 1905 ad
556 1873 700 1915 quodvis
713 1873 838 1906 malum
855 1876 945 1912 ruet,

239 1926 348 1958 omnis
373 1925 509 1957 decoris
531 1925 718 1956 immemor.
762 1924 884 1964 Virgil.
901 1925 944 1956 de

239 1975 379 2007 Didone
397 1975 536 2005 AEneam
554 1974 787 2013 depereunte,
812 1973 945 2004 AEneid.

238 2033 292 2057 lv.
307 2027 360 2056 86.
390 2025 399 2042 ‘
417 2024 497 2055 Non
522 2027 645 2063 coeptae
669 2025 847 2061 assurgunt
872 2026 944 2053 tur-

238 2083 307 2114 res,
318 2083 386 2105 non
400 2082 495 2105 arma
503 2073 669 2113 juventus
688 2071 853 2109 Exercet,
871 2079 946 2110 por-

241 2129 351 2163 tusve,
379 2127 439 2155 aut
464 2122 724 2163 propugnacula
747 2120 836 2152 bello
851 2119 945 2152 'Puta

238 2178 381 2215 parant3
415 2171 570 2213 pendent
599 2180 707 2212 opera
736 2170 944 2210 interrupta,

238 2223 409 2265 minaeque
436 2223 612 2254 Murorum
634 2220 803 2261 ingentes,
829 2229 942 2260 aequa-

238 2277 344 2313 taque
367 2271 525 2303 machina
549 2270 659 2302 coelo.’
710 2269 803 2310 Lege
825 2268 941 2300 Plaut.

239 2322 388 2354 Mercat.
412 2322 548 2361 Prolog.
570 2325 607 2352 et
628 2320 768 2352 Terent.
784 2319 940 2352 Eunuch.

241 2371 319 2404 Act.
338 2381 365 2403 ι.
393 2371 491 2403 Scen.
509 2373 539 2402 1.
555 2371 618 2402 stc.
644 2378 703 2402 111.
726 2368 794 2402 Od.
809 2372 861 2401 12.
878 2369 941 2402 ibi-

241 2431 307 2463 que
327 2422 409 2453 Not.

283 2475 302 2503 3
323 2473 388 2504 Cur
409 2472 547 2512 apricum
564 2470 678 2502 Oderit
698 2470 852 2511 campum]
871 2470 941 2502 Cur

239 2522 388 2553 honestis
403 2520 722 2559 exercitationibus,
737 2529 820 2562 quas
839 2524 942 2551 antea

239 2571 496 2611 frequentabat,
511 2571 584 2611 jam
611 2580 649 2604 se
679 2570 791 2601 mollis
814 2569 941 2601 subdu-

239 2621 308 2652 cit?
335 2621 484 2660 Camlmm
499 2621 587 2652 hunc
601 2621 734 2653 Gellius
749 2629 798 2652 vr.
812 2622 843 2651 7.
857 2620 939 2651 scri-

239 2669 288 2701 bit
319 2669 453 2709 Populo
484 2671 635 2702 Romano
665 2670 893 2703 condonatum
921 2678 942 2701 a

237 2719 395 2750 Tarratia
423 2719 562 2760 Virgine
586 2721 738 2752 Vestali:
764 2726 800 2753 at
826 2720 941 2752 Livius

238 2769 497 2810 Tarquiniorum
525 2772 634 2811 primo
658 2771 761 2804 fuisse
785 2770 942 2810 affirmat,

999 1128 1036 1156 et
1069 1123 1122 1155 his
1161 1124 1264 1164 pulsis
1307 1123 1415 1156 Marti
1452 1126 1703 1156 consecratum.

999 1175 1165 1216 Vegetius
1181 1175 1224 1207 de
1238 1176 1288 1206 Re
1299 1168 1406 1206 Milit.
1417 1177 1504 1206 1.10.
1518 1174 1566 1206 nic
1579 1173 1704 1206 habet:

999 1226 1008 1242 ‘
1028 1225 1171 1256 Romani
1202 1226 1369 1264 Campum
1398 1222 1563 1255 Martium
1587 1222 1704 1255 Tiberi

999 1276 1145 1307 vicinum
1164 1275 1380 1316 delegerunt,
1403 1274 1437 1305 in
1451 1283 1518 1316 quo
1527 1273 1703 1315 juventus,

999 1330 1077 1366 post
1106 1325 1308 1356 exercitium
1338 1333 1520 1363 armorum,
1543 1322 1703 1355 sudorem

998 1374 1243 1415 pulveremque
1272 1374 1434 1414 dilueret,
1463 1382 1504 1404 ac
1533 1372 1702 1404 lassitudi-

997 1433 1075 1455 nem
1092 1433 1279 1464 cursusque
1300 1422 1450 1454 laborem
1471 1421 1620 1465 natando
1642 1421 1704 1453 de·

998 1473 1165 1515 poneret!
1208 1472 1387 1505 Describit
1408 1481 1490 1503 vero
1503 1472 1626 1504 strabo
1640 1471 1704 1504 lib.

999 1531 1026 1555 ι.
1048 1524 1098 1555 liis
1120 1523 1254 1555 verbis:
1279 1523 1290 1540 ‘
1307 1523 1472 1563 Magnam
1487 1525 1702 1553 ornamento-

998 1582 1072 1605 rum
1096 1578 1229 1614 partem
1247 1573 1399 1614 Campus
1427 1571 1575 1603 Martius
1591 1570 1702 1603 conti-

997 1624 1270 1656 net...Etenim
1296 1623 1506 1655 admirabilis
1529 1623 1700 1664 magnitu-

997 1673 1054 1713 do,
1068 1682 1145 1704 cum
1162 1672 1312 1715 Equitia,
1327 1673 1363 1704 id
1385 1679 1440 1706 est
1463 1670 1577 1704 Ludos
1592 1673 1701 1705 Curu-

997 1724 1058 1761 lea,
1073 1727 1110 1755 et
1125 1723 1207 1754 alias
1223 1723 1410 1765 Equestres
1428 1731 1560 1764 pugnas
1575 1731 1702 1764 suppe-

998 1773 1096 1814 ditet,
1116 1773 1228 1805 locum
1251 1778 1363 1805 tamen
1381 1773 1497 1805 multis
1521 1772 1612 1813 Pila,
1627 1771 1703 1804 Cir-

998 1834 1053 1866 co,
1067 1824 1305 1864 Palaestraque
1320 1833 1358 1856 se
1379 1822 1620 1855 exercentibus
1643 1831 1700 1859 vae-

998 1883 1099 1907 cuum
1122 1874 1458 1916 relinquit-..solum
1479 1873 1595 1905 herbis
1621 1882 1702 1906 eon-

998 1929 1126 1956 sertum
1150 1924 1241 1957 omni
1264 1928 1419 1965 tempore
1439 1924 1540 1955 anni:
1563 1923 1702 1955 collium

998 1974 1147 2015 denique
1171 1975 1318 2007 vertices
1337 1974 1475 2006 'l'heatri
1501 1973 1649 2015 speciem
1664 1976 1702 2005 et

998 2028 1154 2054 ornatum
1183 2023 1226 2054 ad
1255 2024 1390 2054 alveum
1419 2033 1526 2064 usque
1552 2021 1701 2055 fluminis

999 2082 1072 2113 prae
1084 2081 1121 2103 se
1132 2072 1284 2103 ferentes
1298 2072 1529 2112 spectaculum
1541 2071 1701 2111 praebent

998 2123 1049 2154 ita
1075 2131 1256 2162 amoenum,
1281 2126 1320 2153 ut
1341 2130 1433 2162 aegre
1457 2125 1494 2153 et
1516 2121 1642 2152 invitus
1656 2122 1700 2154 ab

997 2181 1040 2203 eo
1055 2170 1235 2204 discedas!

1038 2223 1059 2253 4
1083 2221 1217 2253 Patiens
1239 2221 1378 2262 pulveris
1399 2225 1492 2263 atque
1515 2222 1601 2264 solie,
1625 2223 1698 2264 ξω]

997 2271 1208 2303 Plutarchus
1233 2272 1268 2303 iu
1286 2270 1370 2303 vita
1386 2271 1528 2304 Catonis
1545 2272 1702 2305 Censorii

996 2321 1106 2353 refert
1122 2321 1228 2353 filium
1253 2322 1295 2354 ab
1312 2331 1353 2354 eo
1369 2323 1476 2355 literis
1492 2323 1700 2363 institutum,

995 2371 1119 2402 deinde
1137 2381 1218 2403 vero
1235 2372 1395 2404 edoctum
1418 2378 1528 2404 artem
1545 2373 1700 2413 corporis

992 2421 1192 2460 exercendi,
1201 2421 1391 2462 jaculandi,
1404 2421 1593 2463 equitandi,
1607 2423 1699 2453 calo-

995 2479 1068 2501 rem
1094 2475 1130 2501 et
1155 2468 1260 2510 frigus
1283 2470 1467 2511 tolerandi,
1491 2470 1698 2512 rapidosque

994 2520 1150 2561 gurgites
1182 2529 1222 2550 ac
1261 2519 1380 2551 fluvios
1421 2520 1594 2559 tranandi,
1631 2523 1697 2553 διο.

994 2569 1156 2610 Pulveris]
1175 2568 1264 2599 Vide
1279 2570 1406 2601 Annot.
1423 2569 1464 2600 ad
1478 2569 1547 2601 Od.
1563 2578 1588 2600 1.
1607 2579 1654 2602 νε.
1665 2572 1698 2602 3.

1037 2623 1056 2650 5
1083 2619 1148 2649 Cur
1167 2628 1261 2660 neque
1284 2618 1433 2650 militaris
1453 2619 1544 2649 Inter
1565 2619 1699 2659 oequales

993 2669 1129 2710 equitat]
1155 2668 1223 2699 Cur
1239 2677 1332 2699 more
1349 2668 1447 2700 solito
1469 2675 1605 2699 strenue
1628 2677 1697 2700 non

995 2719 1152 2751 decertat
1182 2718 1365 2759 equitando
1399 2727 1474 2749 cum
1508 2718 1696 2758 aequalibus

997 2775 1100 2801 aetate
1118 2779 1156 2800 ac
1174 2768 1285 2800 studio
1297 2769 1502 2808 juvenibus?
1518 2768 1694 2810 equitandi
