1916 3190
242 231 329 275 812

722 244 767 283 Q.
799 243 1011 275 HORATH
1046 244 1220 276 FLAccl

473 337 588 389 Quae
606 344 821 393 poscente
841 341 981 393 magis
1001 332 1188 393 gaudeat
1206 340 1346 395 eripi;
1439 331 1441 333 ’
1542 331 1586 361 ν’

648 407 873 448 interdum
893 420 1048 462 rapere
1067 411 1274 462 occupet.

244 519 369 553 laetetw·
383 532 403 554 a
413 524 538 563 petente
549 520 679 561 surripi,
692 530 910 562 nonnunquam
919 521 987 563 ipsa
998 520 1176 563 praeripiat.

854 605 891 617 ee
895 604 1088 618 ‘000‘00060

244 671 336 710 ani,
347 671 489 712 Bipont.
507 670 650 702 Mitsch.
666 670 811 702 wetzel.
823 668 957 701 Wakef.
973 674 1009 700 et
1024 669 1130 701 Kidd.
1133 671 1217 701 -27
1233 669 1314 705 Quoe
1328 680 1348 701 a
1362 671 1501 710 poscente
1515 678 1602 701 nnus
1618 671 1701 702 Tor-

246 720 336 746 rent.
340 717 425 746 -28
442 714 648 745 Interdumr
661 716 788 753 occupat
799 713 991 744 Comment.
1010 713 1114 752 Cruq.
1132 712 1416 746 BentleiiGraev.
1429 712 1569 745 Zulich.
1565 713 1703 754 Regin.

244 757 709 798 Magda1.Ga1ens.Batte1.
733 761 768 787 et
791 755 858 786 duo
883 755 984 795 Bodi.
1011 764 1096 786 unus
1121 755 1237 786 Lumb.
1264 755 1346 794 Bos,
1368 755 1462 796 Lips.
1485 758 1517 786 1.
1541 765 1622 787 am.
1648 765 1702 797 pr.

245 799 394 841 Franeq.
417 801 501 832 Sax.
524 800 605 831 Zar.
631 800 761 830 Murer.
785 799 882 829 Brut.
902 791 1022 829 Rodel.
1047 798 1164 829 Bentl.
1189 797 1273 828 Cun-
1290 802 1326 828 et
1337 778 1460 830 bones.
1494 798 1582 830 ‘Sed
1599 798 1704 830 docet

245 842 428 884 elegantiae
443 852 573 878 seusus,
594 842 804 882 respondere
821 842 911 872 inter
928 850 964 872 se
977 841 1116 881 gaudeat
1132 839 1212 881 eripi
1227 845 1264 871 et
1282 850 1393 881 rapere
1407 843 1545 881 occupet,
1561 841 1654 883 quod
1669 846 1707 872 et

247 885 454 917 auctoritate
469 883 634 917 excellit?
654 884 745 916 dani.

907 968 938 1000 N
944 968 1050 1000 OTAE

243 1034 414 1076 designat.
457 1033 614 1075 Denique
626 1033 714 1064 sicut
729 1033 896 1072 Gigantes
913 1037 950 1063 et

244 1084 404 1125 Lapithae
421 1083 557 1115 domum
573 1083 714 1114 Saturni
730 1092 858 1123 pavore
869 1092 949 1113 con-

245 1138 441 1173 cusserunt,
454 1133 504 1165 ita
525 1134 655 1164 Brutus
677 1137 714 1164 et
731 1132 881 1169 Cassius,
897 1137 949 1163 at-

244 1193 313 1226 que
350 1183 519 1215 Antonius
553 1188 660 1215 totam
691 1189 951 1215 commoverunt

246 1233 399 1275 Italiam,
415 1243 454 1266 ac
474 1234 613 1266 Romam
630 1233 781 1275 quidem,
795 1243 836 1265 ea
853 1234 951 1265 sitam

1004 1032 1156 1072 regione,
1182 1041 1256 1073 quae
1287 1031 1449 1063 Saturnia
1472 1031 1567 1063 dicta
1594 1036 1658 1072 est,
1686 1042 1721 1064 ιν

1003 1082 1165 1120 Saturno,
1180 1086 1362 1123 postquam
1378 1090 1399 1112 a
1411 1081 1501 1114 Jove
1511 1082 1629 1122 pulsus
1643 1087 1709 1123 est,

1005 1142 1046 1164 eo
1063 1131 1297 1171 confugiente.
1335 1131 1422 1163 Haec
1447 1141 1566 1164 recens
1587 1137 1708 1164 auctor

1005 1186 1042 1214 et
1054 1182 1210 1214 Gallicus
1227 1182 1400 1223 interpres
1417 1182 1603 1223 ingeniose,
1617 1188 1657 1215 ut
1671 1187 1708 1215 et

1005 1237 1135 1274 cetera,
1151 1232 1334 1275 sagaciter,
1349 1238 1385 1265 et
1397 1231 1543 1265 erudite.

815 1388 945 1430 ODE
994 1388 1144 1430 XIII.

394 1500 449 1530 IN
486 1500 744 1539 ARBOREM,
777 1499 933 1531 CUJUS
966 1499 1091 1530 GASU
1128 1500 1177 1529 IN

1215 1499 1350 1529 AGRO
1383 1498 1565 1529 SABINO

772 1568 898 1598 OPPR.
908 1567 1053 1599 ESSUS
1089 1567 1192 1598 EST.

249 1650 446 1681 Execratnr
459 1648 638 1680 scelestam
652 1646 822 1686 arborem,
835 1646 932 1686 cnjus
946 1645 1018 1676 ictu
1034 1653 1132 1685 paene
1155 1643 1258 1675 elisus
1274 1648 1338 1676 est.
1382 1621 1457 1685 (Cf.
1471 1643 1563 1676 infra
1573 1652 1616 1676 ιι.
1639 1643 1709 1675 od.
1747 1643 1754 1652 '

293 1705 347 1734 17.
369 1704 423 1734 27.
447 1707 484 1734 et
506 1710 563 1733 ιιι.
588 1700 659 1732 Od.
682 1703 715 1732 4.
737 1699 811 1741 27.)
835 1700 946 1730 Facta
967 1698 1070 1730 etiam
1093 1696 1287 1729 Inferorum
1311 1697 1485 1728 mentione
1500 1696 1657 1729 Alcaeum
1673 1701 1711 1728 et

293 1756 434 1798 Sappho
450 1756 543 1788 tollit
565 1755 608 1787 ad
625 1755 760 1793 sidera3
785 1760 890 1795 atque
903 1754 966 1785 hoc
982 1759 1020 1784 ut
1036 1751 1241 1794 professioni
1252 1760 1322 1783 suae
1340 1749 1563 1792 gratificetur.

483 1831 607 1873 ILLE
626 1835 672 1873 et
690 1832 863 1873 nefasto
884 1835 928 1873 te
947 1830 1098 1885 posuit
1117 1830 1202 1879 die,

298 1932 328 1963 Ο
339 1930 453 1971 Arbos,
468 1929 608 1974 quisquis
622 1929 697 1961 olim
713 1933 743 1961 te
755 1930 927 1971 plantavit,
940 1929 969 1960 is
983 1932 1014 1960 et
1032 1927 1171 1968 infausto
1194 1928 1258 1969 die,
1281 1930 1312 1959 et
1332 1927 1429 1968 nupia
1441 1927 1556 1959 dextra
1567 1926 1715 1968 protulit,

856 2024 876 2036 0
882 2024 1104 2036 ΟΟΟΙΝΙΟΝΙ

300 2081 379 2113 Ode
397 2080 531 2112 decima
544 2079 639 2111 Libri
651 2079 764 2120 quarti
778 2089 813 2110 m
830 2079 895 2115 Ed.
915 2078 1040 2109 Sanad.
1086 2076 1285 2117 Epigraphe
1309 2077 1341 2107 in
1360 2076 1502 2109 Ascens.
1518 2078 1662 2110 Locher.
1678 2083 1715 2110 et

252 2124 378 2156 Venet.
394 2125 488 2155 1492.
513 2123 566 2154 De
580 2122 791 2153 arbori-seusu
805 2124 836 2152 et
848 2121 984 2159 inferi&
1007 2125 1135 2152 ceterae
1151 2118 1443 2157 edd.uabent,1n
1458 2119 1612 2157 arborem,
1626 2120 1715 2159 cnjus

254 2176 328 2199 casu
353 2167 389 2198 in
412 2175 490 2205 agro
521 2164 639 2196 Sabino
662 2173 756 2204 prope
779 2172 943 2203 oppressus
967 2166 1027 2202 est,
1054 2162 1109 2193 vet
1131 2161 1199 2192 tale
1217 2161 1320 2211 quid.
1327 2164 1385 2192 -1
1409 2144 1715 2200 Illum‚o,r'1qfasto

256 2209 391 2241 emend.
407 2208 524 2240 Bentl.
546 2212 587 2238 ut
612 2205 784 2237 referatur
799 2205 841 2236 ad
860 2215 910 2236 vs.
925 2209 957 2236 5.
981 2213 1141 2246 eumque,
1165 2208 1202 2234 ut
1217 2201 1368 2244 semper,
1382 2209 1521 2234 secutus
1537 2208 1592 2235 est
1609 2203 1715 2235 Kidd.

255 2252 366 2293 Illum,
393 2254 425 2283 et
448 2250 570 2290 nefasto
586 2248 720 2281 emend.
741 2248 819 2280 Nic.
837 2247 1014 2287 Heinsius,
1036 2252 1072 2278 et
1095 2247 1142 2277 sic
1166 2246 1313 2287 Cuning.
1329 2251 1367 2278 et
1390 2246 1539 2278 Francis.
1584 2245 1641 2278 Sic
1654 2250 1716 2287 est,

855 2366 864 2371 ,
916 2333 1058 2365 NOTAE

299 2375 454 2435 Metrum
471 2405 526 2432 est
540 2399 630 2431 idem
642 2398 731 2441 quod
749 2407 775 2430 ι.
791 2397 861 2430 Od.
876 2400 909 2429 9.

301 2457 320 2485 l
347 2453 408 2484 Ille
432 2455 465 2484 et
486 2451 621 2491 nefasto,
640 2450 710 2491 ξω]
733 2448 962 2481 Deambulau-

258 2509 327 2538 tem
342 2505 376 2535 in
399 2513 483 2544 agro
504 2512 567 2534 suo
587 2501 713 2533 Sabino
729 2499 875 2532 Poetam
890 2509 966 2531 nos·

258 2561 350 2587 trum
375 2555 503 2585 cadens
529 2552 706 2594 inopinato
730 2550 806 2582 fere
825 2560 965 2592 oppres-

260 2606 305 2636 sit
328 2605 452 2636 arbos:
478 2609 596 2645 atque,
626 2607 665 2634 ut
694 2603 745 2634 ait
776 2601 845 2634 od.
871 2609 964 2633 xvu.

261 2665 332 2696 seq.
343 2655 353 2671 ‘
365 2655 522 2686 Truncus
538 2654 679 2694 illapsus
692 2651 835 2684 cerebro
845 2651 963 2683 Sustu-

259 2707 363 2745 lerat,
382 2705 445 2736 nisi
470 2706 604 2736 Faunus
630 2704 735 2735 ictum
758 2703 895 2734 Dextra
916 2702 965 2733 le·

261 2754 399 2787 vasset!
424 2754 513 2785 Hinc
530 2755 620 2785 iilius
643 2752 800 2785 beneficii
823 2761 964 2791 memor,

260 2810 298 2839 et
308 2804 396 2848 quod
409 2803 419 2821 ‘
429 2814 536 2846 prope
544 2803 720 2836 funeratus
732 2802 862 2835 arboris
873 2802 965 2844 ictu‚'

1015 2406 1055 2429 ac
1085 2401 1218 2428 tantum
1249 2405 1316 2428 non
1349 2396 1563 2427 exanimatus
1591 2393 1719 2434 fuerat,

1017 2457 1101 2488 erga
1118 2448 1211 2479 Deos
1237 2450 1370 2488 gratus,
1392 2449 1403 2464 ³
1416 2454 1506 2477 anno
1527 2444 1718 2486 redeunte,’

1016 2498 1026 2516 ‘
1043 2497 1116 2528 die'
1140 2497 1206 2538 ipsi
1227 2495 1365 2538 quidem
1389 2498 1398 2514 ‘
1418 2494 1532 2535 festo:
1553 2495 1718 2526 Kalendis

1018 2547 1156 2579 Martiis
1171 2544 1373 2578 sacrificium
1395 2549 1507 2585 parat,
1520 2553 1560 2576 ac
1576 2544 1721 2577 festivas

1019 2598 1150 2639 epulas,
1176 2605 1231 2628 m.
1253 2595 1322 2628 Od.
1338 2598 1370 2627 8.
1405 2595 1474 2627 Hic
1498 2598 1612 2626 autem
1635 2596 1721 2627 omi-

1018 2657 1135 2680 nosam
1150 2647 1241 2679 illam
1258 2646 1414 2678 arborem
1439 2650 1600 2687 tanquam
1623 2645 1720 2677 inau-

1019 2699 1155 2740 spicato
1185 2701 1295 2729 satam
1321 2696 1488 2727 duntaxat
1516 2701 1720 2728 execratur:

1018 2759 1059 2781 ac
1084 2748 1181 2780 velut
1205 2753 1310 2778 oestro
1338 2744 1483 2787 quodam
1510 2745 1661 2787 percitus
1684 2745 1720 2776 in

1019 2800 1181 2841 abruptas
1194 2795 1436 2838 indignationis
1449 2805 1550 2828 voces
1560 2795 1718 2836 erumpit.
