1916 3190
275 233 331 275 28
893 247 955 276 na
989 247 1102 278 vi'rA

415 338 472 382 U.
494 339 546 382 C.
566 341 665 382 719.
726 340 776 380 L.
796 339 1073 382 Cornificius.
1133 342 1237 384 Sex.
1258 341 1504 396 Pompeius
1522 342 1583 383 fil.

725 407 780 448 A.
802 406 851 449 C.
871 409 943 449 35.
1003 409 1196 450 Horatii.
1216 413 1285 463 {4-

334 486 500 528 Sextus
538 485 782 540 Pompeius
824 487 970 529 Mileti
1010 488 1263 530 trucidatur.
1322 487 1556 530 Phraatem
1594 500 1726 541 regno

277 553 445 607 pellunt
463 553 584 595 cives
606 554 689 604 sui,
712 557 755 595 et
769 554 971 597 Teridati
987 555 1094 597 illud
1115 555 1355 598 conferunt.

354 659 411 701 U.
434 659 484 702 C.
504 661 602 703 722.
662 660 747 702 Cn.
769 661 996 702 Domitius
1018 659 1351 703 Ahenobarbus.
1413 662 1464 704 C.
1485 662 1655 705 Sosius.

736 727 796 770 A.
817 728 868 770 C.
887 728 958 770 32.
1008 728 1189 770 Horatii
1208 732 1280 782 ἐξ.

335 805 410 846 Ad
430 806 595 848 bellum
625 805 948 847 atrocissimum
977 810 1180 859 spectant
1209 806 1451 849 inimicitiae
1474 796 1668 849 caesaris
1687 811 1733 847 et

278 871 473 915 Antonii.
532 873 687 926 Magni
706 873 924 927 utrimque
946 877 1202 927 apparatuS.
1265 873 1367 915 Huc
1388 877 1592 928 spectare
1611 874 1732 915 vide-

279 947 349 982 tur
371 940 513 995 Epod.
537 951 626 982 vu.
649 944 693 981 et
714 950 822 981 xvr.
883 940 1078 980 Plancus
1109 939 1166 981 ad
1197 939 1419 982 Caesarem
1448 941 1505 981 ab
1531 939 1731 982 Antonio

279 1006 524 1060 transfugit,
547 1007 603 1048 ad
626 1020 759 1061 quem
778 1011 848 1048 est
868 1017 900 1047 1.
922 1007 1008 1048 Od.
1028 1008 1069 1048 7.

280 1138 337 1180 U.
360 1139 410 1181 C.
432 1140 531 1183 723.
578 1138 628 1180 C.
653 1138 808 1182 Caesar
838 1140 1114 1182 Octavianus
1138 1151 1210 1180 ιιι.
1255 1139 1321 1180 Μ.
1342 1138 1496 1180 Valet.
1519 1137 1733 1179 Messala.

736 1205 793 1247 A.
813 1207 864 1248 C.
883 1206 955 1247 31.
1015 1207 1197 1248 Horatii
1216 1208 1288 1261 ἐξ.

338 1283 571 1326 Maecenati
593 1284 650 1325 ad
668 1283 906 1325 Actiacum
926 1284 1093 1325 bellum
1110 1297 1211 1325 cum
1232 1282 1429 1336 Augusto
1448 1282 1563 1323 ituro
1585 1293 1735 1323 comes

280 1364 382 1392 esse
412 1351 511 1391 vult
541 1351 772 1392 Horatius.
834 1351 954 1392 Hinc
984 1351 1130 1404 Epod.
1163 1361 1193 1392 1.
1224 1355 1418 1400 enatum,
1446 1349 1530 1390 sub
1559 1349 1733 1390 initium

279 1418 394 1459 anni.
439 1418 531 1459 Sed
549 1431 639 1459 non
660 1419 816 1460 annuit
837 1418 1084 1460 Maecenas.
1132 1409 1370 1459 Praecessit
1386 1417 1522 1457 etiam
1542 1427 1734 1470 pugnam

279 1484 517 1527 Actiacam
539 1485 687 1539 Epod.
711 1495 783 1527 lx.
832 1485 973 1527 Facta
1002 1491 1071 1526 est
1103 1497 1156 1526 ea
1184 1497 1331 1538 pugna
1361 1483 1417 1526 ad
1449 1483 1494 1525 d.
1517 1494 1584 1524 ιν.
1616 1481 1735 1524 Non.

281 1552 400 1607 Sept.
447 1553 512 1594 M.
533 1551 755 1594 Antonius
769 1553 815 1593 in
837 1552 1081 1606 AEgyptum
1100 1551 1227 1604 sugit.
1276 1551 1388 1592 Post
1409 1550 1530 1591 illam
1552 1552 1737 1590 exarata

281 1630 336 1661 11.
357 1620 451 1661 Sat.
472 1619 514 1661 6.
535 1632 636 1660 nam
666 1619 895 1660 dimiserat
925 1619 1201 1660 Octavianus
1227 1623 1457 1659 veteranos
1478 1617 1524 1657 in
1545 1615 1736 1665 Italiam,

278 1699 363 1727 nec
376 1686 482 1727 dum
497 1686 586 1727 illis
601 1686 842 1740 quicquam
858 1685 1040 1727 dederat
1050 1684 1142 1741 (vs.
1153 1683 1270 1738 55.);
1287 1685 1377 1727 vid.
1395 1685 1484 1727 Dio
1503 1694 1567 1724 m.
1581 1697 1624 1737 p.
1635 1682 1737 1724 444.

281 1752 347 1794 At
382 1753 534 1795 statim
574 1754 777 1807 sequenti
815 1766 933 1795 anno
967 1753 1058 1795 illis
1089 1753 1405 1795 rebellantibus
1444 1750 1662 1806 pecunias
1694 1752 1737 1790 et

281 1833 410 1874 agros
442 1819 591 1870 dedit;
623 1819 715 1862 Dio
749 1832 812 1861 ω.
845 1835 890 1876 p.
924 1821 1025 1862 445.
1082 1818 1224 1873 Igitur
1252 1832 1311 1860 ex
1340 1818 1544 1873 ejusdem
1575 1814 1736 1858 Satirae

281 1900 348 1927 vs.
368 1888 439 1927 40.
460 1900 557 1939 sqq.
578 1888 844 1940 principium
865 1887 1075 1929 amicitiae
1096 1886 1208 1928 inter
1221 1883 1508 1928 Maecenatem
1526 1889 1573 1927 et
1590 1885 1738 1928 Hora-

281 1951 393 1993 tium
413 1951 462 1991 in
481 1963 521 1992 a.
538 1951 639 1992 716.
663 1951 831 2003 figitur..

285 2054 343 2099 U.
366 2055 417 2099 C.
437 2055 538 2098 724.
595 2054 752 2097 Caesar
783 2053 1056 2096 Octavianus
1089 2065 1158 2094 lv.
1216 2054 1281 2095 M.
1302 2054 1501 2098 Licinius
1533 2056 1737 2106 Crassus.

738 2121 796 2163 A.
817 2121 870 2164 C.
890 2122 961 2164 30.
1021 2121 1202 2163 Horatii
1221 2123 1292 2175 {a}

320 2200 513 2250 *Caesan
541 2205 643 2255 post
673 2200 804 2241 breve
837 2201 882 2241 in
914 2200 1093 2242 Italiam
1114 2201 1213 2250 iter,
1235 2200 1476 2255 AEgyptum
1495 2200 1540 2242 in
1561 2201 1738 2255 provin-

283 2269 400 2310 ciam
420 2267 592 2320 redigit.
639 2267 705 2308 M.
725 2266 948 2309 Antonius
969 2272 1015 2309 et
1035 2266 1274 2321 Cleopatra
1289 2280 1338 2309 se
1355 2268 1442 2322 ipsi
1457 2268 1739 2310 interficiunt.

286 2334 505 2377 Horatius
524 2334 676 2376 scribit
695 2345 727 2375 1.
749 2333 834 2375 od.
851 2335 922 2379 37.

345 2401 558 2442 Phraates
591 2400 639 2441 in
674 2413 850 2453 regnum
889 2401 1154 2443 Parthorum
1188 2401 1450 2451 restituitur,
1482 2406 1529 2443 et
1562 2401 1739 2455 pellitur

285 2468 534 2519 Terfflates,
554 2467 693 2521 quiin
713 2467 888 2521 Syriam
907 2468 1031 2522 fugit.
1054 2467 1145 2512 Dio
1171 2478 1231 2508 ω.
1251 2467 1321 2509 18.

403 2581 459 2622 U.
482 2582 531 2624 C.
551 2583 650 2625 725.
699 2582 852 2625 Caesar
871 2582 1145 2625 Octavianus
1168 2595 1211 2623 v.
1267 2583 1375 2627 Sex.
1394 2583 1626 2639 Apuleius.

741 2649 798 2691 A.
818 2650 870 2692 C.
888 2651 959 2692 29.
1019 2647 1200 2692 Horatii
1218 2652 1291 2704 3—2.

345 2727 492 2768 Janus
514 2727 763 2780 clauditur3
798 2729 885 2770 Dio
910 2739 975 2770 Li.
994 2728 1064 2770 20.
1106 2727 1259 2770 Caesar
1279 2729 1323 2771 d.
1346 2739 1456 2770 vm.
1481 2739 1564 2770 vn.
1583 2739 1648 2770 v1.
1672 2729 1742 2771 ld.
