1916 3190
271 211 359 254 626
749 226 792 264 Q.
823 225 1033 256 HORA‘rn
1069 226 1243 258 nacci

499 316 656 360 Parcis
677 318 870 372 deripere
886 319 1041 362 horreo

557 383 815 426 Cessantem
837 385 990 427 Bibuli
1011 387 1204 428 consulis
1226 387 1494 441 amphoram.

501 450 599 493 Nos
618 452 893 493 cantabimus
913 453 1104 495 invicem
1340 467 1342 469 ·

559 517 828 573 Neptunum,
850 524 897 561 et
916 520 1076 572 virides
1097 520 1334 563 Nereidum
1356 534 1536 564 comas:

496 585 570 628 Tu
584 599 720 627 curva
738 587 906 628 recines
924 588 1023 641 lyra

558 652 789 703 Latonam,
813 657 858 694 et
877 654 1030 696 celeris
1051 655 1225 709 spicula
1244 653 1472 709 Cynthiae:

1661 521 1718 564 10

271 791 427 823 cunctaris
449 791 610 824 detrahere
630 802 671 824 ex
694 793 841 833 apotheca
861 793 1004 825 inutilem
1018 795 1129 824 cadam
1145 794 1261 825 Bibulo
1279 795 1412 827 Consule
1425 796 1607 832 conditom;
1629 796 1719 836 quasi

271 834 421 865 consistat
437 837 557 875 tempus
569 835 687 874 sagax.
734 834 819 873 Age,
832 836 963 874 alteruis
976 845 1121 867 canemus
1137 835 1330 876 Neptunum,
1344 841 1375 869 et
1387 839 1531 869 coersleoe
1546 839 1718 870 Nereidum

271 875 410 916 capillos.
457 876 504 908 Tu
516 877 639 908 cithara
654 877 781 908 incurva
806 876 919 917 soepius
938 877 1080 908 cantabis
1095 878 1257 915 Latonam,
1275 882 1368 919 atque
1382 881 1446 911 tela
1465 880 1580 911 Diana
1594 879 1714 912 veloci-5.

868 979 1113 992 “beneco-‘neo

269 1057 359 1090 blac.
374 1059 404 1087 l.
426 1060 458 1087 et
471 1055 578 1087 veluti.
602 1054 674 1087 Ait.
691 1058 722 1087 l.
735 1058 767 1087 et
780 1057 916 1090 volucris
929 1060 992 1089 stet
1005 1057 1103 1089 veluti
1114 1057 1192 1088 dies.
1213 1057 1331 1090 Lamb.
1345 1058 1437 1099 conj.
1449 1061 1484 1090 at
1496 1059 1607 1091 veluti.
1630 1058 1718 1092 Post

267 1099 378 1137 sentis,
393 1103 430 1129 et
445 1107 522 1129 mox
538 1103 617 1137 post
630 1097 819 1138 amphoram,
836 1099 1067 1148 interrogandi
1083 1099 1216 1140 signnm
1233 1105 1362 1140 ponunt
1377 1101 1522 1141 Cuning.
1533 1101 1660 1133 Sanad.
1681 1107 1719 1133 et

267 1142 487 1172 Towers.—7
510 1139 618 1171 Pauci
643 1139 781 1181 quidam
806 1140 908 1173 codd.
937 1142 1091 1182 diripere,
1115 1146 1154 1173 ut
1175 1142 1280 1175 Mart.
1301 1142 1456 1183 Cruquii‚
1479 1143 1659 1175 Gemblac.
1683 1146 1717 1175 2.
1731 1157 1738 1161 -

271 1188 307 1214 et
324 1182 458 1214 Diesth.
475 1181 670 1220 Pulmauni‚
682 1182 775 1223 Lips.
788 1185 822 1214 2.
837 1185 871 1214 4.
883 1183 966 1215 item
982 1185 1065 1216 Vct.
1078 1183 1197 1216 Comb.
1208 1185 1334 1216 Venet.
1351 1187 1447 1217 1492.
1482 1186 1607 1217 Venet.
1623 1188 1719 1217 1559.

267 1235 324 1265 ap.
341 1225 446 1256 Zeun.
463 1223 624 1256 mareau.
658 1225 802 1256 Locber.
825 1224 904 1257 Asc.
918 1226 1048 1258 Mutet.
1073 1226 1179 1258 Laud.
1194 1230 1231 1258 et
1247 1227 1351 1267 Rutg.
1394 1229 1404 1245 ‘
1420 1226 1488 1259 Sed
1504 1227 1648 1258 alienum
1665 1233 1718 1259 est

268 1267 303 1298 h.
319 1268 341 1298 l.
357 1266 441 1298 illud
459 1267 617 1298 verbum:
636 1267 762 1298 rectius
776 1267 892 1309 itaque
906 1269 1012 1300 ceteri
1027 1268 1179 1309 deripere.
1216 1269 1297 1300 Vid.
1313 1269 1435 1302 Heius.
1450 1269 1494 1302 ad
1510 1269 1612 1301 Ovid.
1628 1270 1717 1303 Met.

267 1318 323 1341 111.
333 1311 386 1342 52.
408 1309 539 1349 Saepius
551 1314 744 1350 permutata
756 1319 776 1340 a
790 1309 934 1341 librariis
949 1312 959 1327 ⁴
972 1310 1015 1342 de
1025 1310 1035 1325 ’
1050 1315 1086 1342 et
1098 1314 1107 1329 ‘
1117 1310 1170 1342 di'
1183 1311 1216 1346 in
1230 1310 1342 1343 verbis
1354 1311 1573 1352 compositis!
1583 1312 1719 1344 «Μή.-

271 1354 291 1382 8
313 1352 402 1382 Sivr.
419 1351 537 1383 scribit
553 1351 662 1391 bibuli,
677 1351 864 1383 minusculo
880 1351 910 1392 b,
926 1357 963 1384 et
978 1353 1045 1384 dici
1062 1352 1238 1384 contendit
1253 1353 1438 1385 Messalam
1454 1353 1648 1391 Corvinum,
1663 1354 1718 1385 cui

271 1398 407 1424 servata
422 1393 526 1424 fuerit
541 1394 703 1433 amphora
716 1404 727 1431 ;
749 1394 934 1435 laudatque
950 1404 1007 1426 ιιι.
1022 1394 1089 1426 Od.
1104 1398 1157 1426 21.
1170 1398 1267 1427 9.-9
1289 1397 1300 1414 ‘
1313 1396 1359 1427 N.
1374 1406 1402 1427 c.
1419 1397 1454 1428 ἐκ
1466 1396 1548 1428 vices
1565 1396 1718 1427 nonnulli

270 1435 389 1466 Lamb.
406 1435 451 1465 H.
466 1435 629 1474 Stephani
646 1435 743 1465 codd.
767 1436 897 1475 (Epist.
925 1437 968 1466 ad
998 1435 1113 1477 Lect.)
1138 1438 1244 1468 Mart.
1270 1438 1373 1478 Cruq.
1398 1438 1543 1468 Mentel.
1569 1437 1662 1476 Lips.
1682 1439 1717 1468 2.
1752 1473 1757 1476 s

267 1477 383 1507 invices
397 1476 549 1516 Maldeg.
564 1476 670 1517 Cruq.
717 1476 775 1507 Nil
799 1486 859 1507 nos
885 1477 992 1517 cogit,
1015 1477 1159 1516 rejicere
1178 1479 1349 1515 vulgatum
1365 1478 1510 1516 invicem,
1524 1482 1716 1510 ceterorum

269 1517 370 1549 codd.
387 1518 594 1549 auctoritate
615 1516 808 1548 firmatum:
829 1518 918 1548 Jmn‘.
955 1518 1071 1549 invices
1093 1519 1194 1549 etiam
1220 1519 1316 1549 Harl.
1332 1521 1364 1551 1.
1389 1525 1426 1551 et
1449 1520 1531 1551 Vet.
1553 1519 1717 1551 Comb.—

270 1563 311 1592 10
335 1559 508 1591 Nereidum
521 1559 629 1590 choros
642 1559 736 1600 Lips.
749 1562 782 1591 4.
805 1559 1035 1591 memorabilis
1061 1560 1175 1599 lectio,
1198 1560 1310 1601 inquit
1329 1561 1507 1597 hut—12
1530 1562 1618 1594 Post
1634 1561 1718 1603 Gyn-

923 1686 1064 1718 NO'PAE

311 1775 331 1803 7
356 1770 495 1811 Hos-reo]
518 1770 641 1803 Graece
656 1770 772 1812 ὡρεῖον.
801 1770 857 1802 lta
867 1779 968 1802 voca-

268 1826 325 1853 tur
341 1822 435 1852 locus
451 1821 552 1852 rebus
577 1820 762 1852 condendis
781 1825 816 1851 e*
829 1829 968 1851 servan-

267 1871 320 1903 dis
334 1871 488 1902 idoneus.
523 1871 565 1902 In
577 1871 808 1912 superioribus
824 1871 969 1912 apothe-

268 1921 318 1952 cis
335 1921 434 1952 condi
449 1922 561 1953 solere
577 1930 657 1952 vasa
671 1921 802 1953 vinaria
808 1921 880 1962 jam
895 1921 968 1952 dixi

270 1969 339 2001 Od.
356 1979 437 2002 vm.
451 1975 488 2002 et
500 1978 580 2002 xxi.
594 1970 694 2011 hujus
709 1970 800 2001 libri.

311 2023 330 2050 8
356 2021 535 2052 Cessantem
549 2019 741 2060 amphoram]
765 2020 856 2052 Satis
874 2027 967 2055 vete.-

269 2078 351 2099 rem.

312 2117 425 2148 Bibuli
447 2119 596 2158 consulis]
620 2119 689 2151 Sub
713 2121 892 2152 consulatu
908 2120 966 2151 Bi-

266 2167 338 2199 buli
354 2176 433 2199 ann.
450 2167 494 2198 U.
509 2167 550 2197 C.
563 2170 638 2198 694.
652 2169 687 2198 in
710 2169 834 2200 horreo
854 2169 971 2200 condi-

268 2224 362 2250 tam:
389 2227 455 2258 quo
476 2216 613 2258 quidem
633 2221 788 2256 tempore
804 2218 969 2249 Horatius

269 2258 433 2309 puerulus
462 2271 549 2298 erat.
593 2266 719 2297 Vinum
753 2266 856 2304 igitur
886 2268 969 2297 iilud

269 2317 420 2350 debebat
434 2325 508 2348 esse
529 2320 708 2347 maturum.
749 2315 829 2347 Jam
853 2315 970 2346 notavi

271 2376 335 2398 nec
359 2365 462 2398 semel
487 2369 622 2396 veteres
649 2363 862 2396 consuevisse
886 2368 970 2395 aeta-

270 2422 341 2449 tem
364 2416 435 2447 viui
461 2415 638 2456 designare
663 2414 797 2445 nomine
813 2413 970 2445 Consulis

270 2471 353 2498 tunc
389 2463 646 2505 Rempublicam
690 2462 970 2495 administrantis.

271 2516 358 2548 Sunt
373 2515 431 2557 qui
448 2513 626 2546 Horatium
648 2513 755 2544 velint
774 2512 830 2544 hic
846 2511 971 2552 jocari,

270 2574 312 2596 ac
335 2574 399 2606 per
424 2573 541 2595 vocem
563 2566 731 2594 cessantem
757 2561 909 2593 alludere
925 2561 968 2593 ad

271 2613 431 2645 Bibulum
459 2623 536 2645 cum
560 2612 653 2646 Julio
681 2612 818 2644 Caesare
841 2612 969 2644 Consu·

273 2664 353 2703 lem,
386 2663 468 2694 nibil
502 2672 584 2695 vero
614 2662 768 2694 Consulis
797 2666 969 2703 agentem,

273 2712 554 2754 quemadmodum
570 2717 687 2744 narrat
702 2711 883 2744 Suetonius
898 2712 922 2745 J
926 2713 969 2744 ul.

273 2772 349 2803 cap.
371 2764 423 2793 20.
451 2762 530 2793 vide
554 2763 680 2803 locum,
697 2767 733 2795 et
757 2763 790 2794 in
809 2772 883 2794 eam
898 2772 968 2794 rem

1023 1771 1242 1812 Epigramma
1257 1771 1302 1803 ibi
1320 1772 1475 1804 relatum.

1067 1824 1107 1852 10
1130 1821 1325 1863 Neptunum]
1351 1821 1633 1866 Quandoquidem
1649 1823 1719 1864 ejus

1022 1870 1111 1903 festo
1123 1871 1442 1911 epulabimur,hnnc
1454 1881 1534 1905 sune
1545 1872 1719 1904 celebrare

1023 1930 1158 1962 aequum
1184 1919 1303 1960 fuerit,
1333 1921 1444 1953 Deum
1474 1921 1590 1962 maris,
1619 1922 1719 1967 inari·

1023 1980 1149 2012 nasque
1170 1971 1348 2011 Nymphas
1368 1970 1511 2011 pariter,
1537 1970 1718 2012 Nereides,

1023 2022 1131 2053 Nerei
1149 2020 1246 2052 filias.
1290 2020 1422 2052 Harum
1446 2021 1580 2052 nomina
1601 2030 1718 2052 receu-

1022 2076 1076 2103 set
1101 2071 1145 2103 ad
1170 2071 1310 2111 triginta
1337 2071 1403 2102 tria
1431 2069 1602 2102 Homerus
1617 2069 1718 2102 Iliad.

1020 2124 1057 2154 Σ.
1074 2131 1141 2153 non
1157 2121 1255 2161 longe
1271 2120 1314 2152 ab
1329 2120 1441 2152 initio.
1590 2151 1596 2162 .

1069 2171 1192 2203 Virides
1208 2171 1378 2203 Nereidum
1395 2169 1514 2211 comas]
1537 2164 1598 2202 Ob
1614 2170 1718 2202 maris

1020 2220 1181 2251 colorem.

1064 2272 1102 2299 11
1130 2270 1177 2300 Tu
1205 2279 1300 2301 curva
1319 2269 1436 2301 recines
1460 2270 1542 2312 lyra,
1563 2269 1634 2310 ξω]
1655 2269 1719 2308 Tu,

1019 2316 1128 2356 Lyde,
1158 2318 1310 2349 cantabis
1336 2320 1431 2350 Deas
1458 2319 1573 2360 partui
1601 2317 1719 2360 presi-

1006 2375 1008 2377 *
1019 2364 1152 2395 dentes.

1064 2413 1169 2444 Curva
1182 2412 1266 2454 lyra]
1290 2413 1379 2444 Vide
1394 2422 1420 2444 1.
1437 2414 1504 2445 Od.
1521 2417 1572 2446 10.

1064 2465 1104 2494 12
1137 2462 1306 2504 Latonam]
1335 2463 1459 2495 Dianae
1483 2466 1521 2495 et
1549 2463 1717 2504 Apollinis

1022 2517 1174 2545 matrem.

1065 2562 1184 2594 Ceteris
1203 2562 1321 2603 spicula
1337 2563 1495 2604 Cynthia]
1519 2563 1717 2596 celebrabis

1022 2612 1168 2644 Dianam
1195 2612 1422 2652 venatriccm3
1457 2612 1596 2654 spiculis
1624 2611 1717 2645 feras

1022 2661 1258 2703 contigentem,
1267 2666 1302 2693 et
1314 2662 1523 2694 celericursu
1535 2671 1716 2704 assequen-

1022 2716 1090 2743 tem
1101 2722 1110 2744 ε
1124 2721 1198 2753 quae
1215 2721 1235 2743 a
1245 2711 1391 2752 Cyntho,
1402 2713 1482 2744 Deli
1493 2712 1612 2744 insulae
1622 2722 1716 2747 mon·

1021 2767 1067 2799 te,
1083 2761 1231 2802 Cynthia
1245 2761 1337 2794 dicta
1351 2767 1414 2794 est.
1429 2771 1455 2794 1.
1471 2761 1541 2795 Od.
1554 2764 1608 2795 21.
