1916 3190
262 256 348 299 470
734 269 778 306 Q.
811 266 1020 298 nonnul
1056 266 1232 298 rnAcci

485 360 757 414 Languescit
775 360 895 410 mihi,
913 372 993 401 nec
1012 360 1195 415 pinguia
1215 359 1406 402 Gallicis
1642 360 1699 402 35

716 425 936 468 Crescunt
955 427 1117 469 vellera
1135 427 1342 480 pascuis3

491 492 748 547 Importuna
767 496 914 534 tamen
933 493 1166 547 pauperies
1187 494 1338 545 abest;

492 560 605 609 Nec,
629 560 667 601 si
688 560 812 614 plura
833 561 975 611 velim,
994 566 1045 602 tu
1065 561 1170 602 dare
1190 561 1395 614 deneges.

457 679 461 684 ῃ
490 626 724 668 Contracto
744 627 902 669 melius
922 639 1063 680 parva
1083 626 1288 681 cupidine

715 692 968 745 Vectigalia
987 693 1220 747 porrigam,
1649 691 1705 732 40

494 758 642 810 Quam
664 759 703 800 si
722 758 978 813 Mygdoniis
998 773 1177 814 regnum
1199 759 1395 814 Alyattei

262 892 398 921 senescat
413 889 447 920 in
461 889 536 920 cado
552 888 730 929 Formiano,
742 898 839 929 neque
852 890 932 920 lana·
945 890 1090 929 pretiosa·
1103 890 1287 922 cremantia
1303 889 1420 922 Gauioe
1429 888 1569 929 maenis:
1584 890 1617 918 at
1630 896 1705 926 gra-

263 931 313 961 vis
326 934 448 970 egestas
462 940 523 962 non
537 932 642 962 adest.-
663 931 748 971 sique
764 931 882 969 mqy‘ora
895 931 1028 972 cupiam,
1041 936 1078 962 tu
1091 933 1206 963 donare
1225 931 1349 963 minime
1367 940 1534 963 recusares.
1577 930 1707 968 Exigua

266 973 385 1005 tribum
397 974 513 1005 solvam
527 973 661 1011 facilius
683 973 853 1011 resroenata
867 973 1051 1013 cupiditate,
1067 983 1159 1014 qaam
1171 974 1201 1005 si
1214 973 1327 1015 Lyaiae
1339 973 1489 1005 ditionem
1499 971 1588 1012 agris
1605 970 1708 1012 Plu-y-

868 1067 887 1079 0
890 1066 1105 1080 OOON‘W

263 1142 411 1184 quidam,
425 1146 463 1173 ut
479 1141 575 1173 Harl.
590 1144 623 1173 2.
638 1141 743 1174 Brod.
758 1143 835 1174 Sax.
847 1141 935 1174 Altt.
953 1146 983 1175 1.
996 1146 1029 1176 2.
1050 1142 1142 1184 Lips.
1159 1146 1189 1175 1.
1204 1143 1297 1184 Lips.
1311 1145 1343 1175 3.
1359 1152 1380 1174 a
1391 1151 1437 1174 m.
1451 1150 1520 1174 sec.
1538 1140 1630 1182 Lips.
1641 1144 1675 1174 4.
1687 1149 1710 1173 a

264 1194 309 1215 m.
332 1194 384 1225 pr.
412 1184 528 1216 Zarot.
551 1187 622 1215 tres
646 1184 797 1224 Medioll.
820 1185 961 1217 Venett.
986 1186 1128 1218 Locher.
1151 1190 1189 1218 et
1211 1186 1354 1217 Asceus.
1375 1185 1566 1216 ‘Contracta
1581 1187 1710 1223 preter

266 1227 508 1258 auctoritatem
523 1225 624 1259 codd.
639 1227 742 1258 etiam
758 1227 863 1268 magis
881 1227 1131 1260 Horatianum.'
1152 1229 1243 1260 Jani.
1288 1227 1365 1260 Hoc
1379 1226 1504 1258 habent
1515 1225 1612 1257 Harl.
1630 1227 1660 1256 l.
1675 1227 1710 1258 3.

263 1271 297 1300 4.
313 1272 346 1302 5.
360 1272 390 1301 6.
409 1270 501 1310 Lips.
516 1271 548 1300 2.
565 1269 667 1301 Dess.
684 1272 712 1301 1.
725 1271 758 1301 2.
780 1279 898 1301 omnes
915 1270 971 1302 alii
987 1275 1024 1303 et
1038 1270 1118 1303 edd.
1131 1273 1276 1302 recentt.
1299 1270 1454 1301 Contenta
1467 1269 1605 1301 Canter.
1619 1267 1709 1300 Nov-

264 1311 379 1343 Lectt.
395 1321 447 1343 ιν.
462 1314 495 1343 2.
510 1320 554 1343 ex
565 1311 782 1352 membranis,
792 1312 1004 1353 improbante
1018 1313 1197 1346 ,ἰωή-40
1207 1317 1216 1331 ·
1233 1312 1408 1351 Vectigalia
1420 1311 1565 1351 colligam
1577 1308 1711 1342 emend.

263 1353 388 1385 Sanad.
404 1353 591 1385 infeliciter
605 1360 640 1384 et
655 1354 746 1385 nulla
761 1354 993 1387 necessitate)
1013 1355 1185 1387 daun—41
1211 1355 1222 1373 ‘
1239 1354 1402 1396 Mydmu'is
1415 1363 1522 1386 error.
1555 1352 1710 1394 Myania·

263 1396 319 1426 vel
335 1395 518 1436 Halyattici
534 1396 632 1435 vulgo
648 1396 748 1427 editt.
763 1396 851 1437 quod
876 1406 937 1437 pro
953 1397 1186 1438 patronymico
1207 1397 1378 1429 habebant
1395 1395 1536 1427 Ascens.
1551 1395 1710 1426 Torrent-

266 1437 334 1472 alii,
349 1442 386 1469 et
400 1437 621 1486 explicabant
635 1437 800 1486 Croesum,
816 1438 967 1479 Alyattis
980 1439 1097 1470 filium.
1133 1439 1202 1470 Sed
1219 1440 1315 1470 recte
1326 1439 1365 1469 Τ.
1382 1438 1494 1469 Faber
1509 1437 1551 1485 sb
1566 1436 1711 1484 Alyatte

265 1478 815 1569 ’ἐΐζδῗζῗῗίἧῗῗέῗὲἐῗέἔῖἰῖῖ
822 1484 978 1561 ιῗέιέἳῖἑξ·
993 1478 1628 1563 „322²22320322032553533znsst
1637 1486 1710 1551 ³:33

266 1572 505 1605 possessivum,
528 1567 580 1604 ut,
603 1562 773 1603 Laertius,
799 1564 1076 1601 Laomedontius,
1090 1565 1201 1607 qualia
1223 1573 1395 1607 nunquam
1410 1564 1482 1596 sine
1499 1562 1711 1595 substantivo

919 1667 1059 1701 NOTAE

266 1737 344 1770 bem
373 1737 604 1769 incoluerunt.
649 1736 738 1769 Vide
763 1746 790 1771 1.
818 1737 886 1770 Od.
914 1740 968 1770 20.
1020 1737 1167 1779 Nobilis,
1188 1738 1341 1771 Altinum
1365 1736 1470 1770 tertia
1486 1735 1603 1769 laudat
1617 1732 1719 1769 ovis-⁹

266 1792 300 1822 in
327 1790 408 1831 fine,
435 1789 494 1822 ubi
522 1789 566 1821 de
596 1789 783 1822 Formianis
808 1790 968 1831 collibus,

267 1841 407 1880 vitibus,
425 1841 518 1873 vino.

310 1894 350 1923 35
375 1890 580 1932 languescit]
615 1890 674 1923 Sic
698 1890 768 1923 Od.
791 1900 874 1924 xxi.
893 1901 965 1933 seq.

268 1943 277 1960 ‘
295 1941 509 1982 languidiora
528 1940 625 1972 vina’
647 1941 743 1981 ponit
768 1950 831 1982 pro
849 1941 969 1982 exqui-

268 1991 353 2030 sitis,
373 1991 416 2022 ob
442 1990 676 2023 maturitatem
695 2001 795 2033 quam
812 1995 966 2023 vetustas

268 2041 398 2072 attulit.
955 2050 958 2052 ·

313 2090 380 2121 Nec
391 2089 523 2129 pinguia
539 2089 673 2122 Gallicis
687 2091 840 2123 Crescunt
852 2091 966 2123 vellem

266 2138 405 2181 pascuis]
430 2138 503 2170 Nec
518 2139 600 2169 mihi
616 2143 695 2170 sunt
707 2149 828 2180 greges
840 2140 968 2180 lanige-

269 2190 299 2221 ri
326 2189 361 2220 in
383 2187 638 2230 praepinguibus
665 2188 789 2220 Gauiae
818 2190 968 2231 pascuis,

269 2240 379 2271 lanam
392 2236 570 2269 afferentes
586 2236 863 2269 laudatissimam.
900 2240 966 2270 Co-

269 2288 398 2320 lumell.
425 2285 484 2318 lib·
508 2295 591 2318 vm.
615 2286 660 2318 de
681 2286 801 2318 ovibus
816 2287 966 2319 emendis

269 2339 319 2371 ita
333 2337 474 2370 scribit:
497 2336 508 2354 ‘
521 2336 667 2369 Generis
679 2336 796 2369 eximii
806 2337 967 2369 Calabras

272 2388 469 2429 Apulasque
498 2386 626 2418 milites
657 2384 762 2418 nostri
794 2387 967 2419 existima·

271 2438 367 2480 bant,
392 2445 578 2478 earumque
592 2436 738 2477 optimas
751 2435 967 2469 Tarentinas.

272 2488 375 2520 Nunc
397 2486 538 2520 Gallicae
554 2486 771 2527 pretiosiores
788 2486 968 2528 habentur,

271 2544 454 2579 earumque
477 2536 662 2578 praecipuae
681 2535 876 2569 Altinates!
909 2537 969 2570 Al-

271 2588 380 2620 tinum
405 2586 485 2619 urbs
506 2586 587 2618 olim
610 2587 779 2627 praeclara
799 2586 968 2628 Venetia,

273 2647 348 2678 quae
365 2636 458 2677 regio
478 2635 602 2668 Galliae
616 2635 868 2676 Transpadanus
880 2640 968 2668 erat.

271 2686 377 2718 Istius
393 2686 537 2726 regionis
548 2689 654 2727 atque
666 2685 758 2718 urbis
772 2686 865 2717 lanas
877 2695 967 2718 com-

273 2735 411 2768 mendat
432 2736 583 2768 Martial.
610 2744 688 2767 xiv.
705 2739 780 2772 155.
803 2737 813 2753 ‘
826 2736 967 2768 Velleri-

273 2785 335 2818 bus
358 2785 475 2828 primis
502 2785 641 2827 Apulia,
662 2786 787 2823 Parma
811 2786 968 2822 secundis

1019 1788 1110 1820 Pliu.
1134 1797 1215 1821 vm.
1229 1790 1285 1821 48.
1307 1787 1400 1819 idem
1422 1790 1581 1823 testatur.
1603 1784 1714 1817 addit-

1021 1848 1100 1880 que,
1114 1839 1124 1856 ‘
1137 1839 1214 1871 alba
1228 1836 1510 1880 Circumpadanis
1524 1836 1617 1868 nulla
1627 1844 1716 1878 prae-

1020 1887 1150 1922 fertur.’

1059 1941 1102 1971 38
1125 1939 1205 1979 Nec,
1223 1938 1253 1969 si
1271 1938 1363 1979 plura
1381 1936 1486 1977 velim,
1508 1940 1545 1968 tu
1564 1937 1639 1967 dare
1663 1936 1716 1967 de-

1017 1989 1126 2030 neges]
1140 1988 1198 2020 Ita
1211 1987 1392 2020 Maecenati
1406 1986 1532 2029 gratias
1547 1986 1632 2027 agit,
1644 1985 1716 2018 lau-

1017 2039 1163 2082 demque
1176 2039 1298 2071 tribuit
1309 2036 1568 2079 egregiePoe'tn
1579 2036 1717 2078 accepti

1019 2089 1176 2122 beneficii
1191 2099 1319 2122 memor
1331 2092 1368 2121 et
1383 2088 1488 2121 toties
1504 2097 1631 2129 preco.
1654 2087 1716 2119 Vi·

1017 2139 1061 2172 de
1077 2149 1119 2173 11.
1140 2139 1207 2172 Od.
1229 2142 1282 2172 18.
1303 2141 1355 2171 12.
1373 2141 1410 2170 et
1429 2137 1541 2180 Epod.
1557 2146 1583 2169 1.
1597 2137 1646 2169 sie
1666 2136 1716 2169 ei-

1018 2190 1095 2222 dem
1112 2189 1254 2222 scribit:
1275 2190 1286 2207 ⁴
1297 2188 1389 2221 Satis
1403 2195 1573 2230 superque
1587 2195 1642 2219 me
1657 2186 1716 2219 be·

1019 2240 1168 2280 nignitas
1186 2244 1245 2270 tua
1259 2237 1418 2270 Ditavit.'

1062 2291 1105 2319 39
1129 2289 1297 2319 Contracta
1315 2288 1425 2319 mlius
1442 2296 1542 2328 parva
1560 2285 1716 2327 cupidine,

1018 2335 1088 2376 ξω]
1117 2336 1232 2367 Vitam
1267 2335 1402 2367 facilins
1434 2334 1645 2374 sustentabo,
1679 2338 1717 2365 et

1019 2386 1142 2427 exigua
1153 2384 1297 2427 pendam
1309 2383 1506 2424 vectigalia,
1517 2393 1626 2424 pauca
1638 2391 1717 2424 pos-

1019 2435 1146 2471 sidens,
1167 2443 1267 2476 quam
1283 2433 1313 2465 si
1329 2434 1485 2474 ingentes
1509 2431 1649 2463 habenti
1663 2431 1715 2464 di·

1020 2485 1119 2518 vitias
1142 2494 1264 2525 magna
1282 2483 1424 2525 perinde
1444 2481 1577 2514 tributa
1599 2485 1717 2514 essent

1021 2534 1238 2568 exsolvenda.

1062 2587 1103 2616 41
1129 2583 1232 2620 Quam
1244 2582 1273 2614 si
1293 2581 1478 2623 Mygdoniis
1489 2589 1632 2621 regnaut,
1645 2580 1716 2622 ξω]

1021 2635 1132 2668 Quam
1162 2633 1191 2665 si
1221 2637 1311 2665 totas
1341 2632 1501 2673 Phrygias
1530 2631 1717 2673 Lydiaeque

1020 2693 1103 2726 opes
1131 2682 1351 2725 possiderem.
1394 2681 1483 2713 Vide
1509 2689 1552 2714 ιι.
1575 2680 1645 2712 od.
1663 2682 1716 2712 12.

1021 2734 1085 2767 sub
1100 2733 1215 2765 finem.

1063 2784 1208 2824 Regnum
1222 2781 1365 2825 Alyattei
1386 2779 1576 2826 [Alyattici]
1597 2779 1716 2822 Alyat-
