1916 3190
669 217 842 250 nunu
874 213 1188 251 nous-runs.
1590 212 1649 253 55

206 322 272 350 sex
292 317 488 362 septemve
506 318 734 364 temporum.
791 312 891 352 Bina
925 312 1267 365 Hendecasyllaba
1298 313 1460 354 ducunt.
1519 315 1648 354 Enne-

205 373 407 414 emimeres
428 375 598 414 Iambica
615 375 806 427 sequitur.

263 437 326 476 15.
354 437 554 476 Alcaicum
594 438 900 491 Decasyllabum
934 439 1042 490 cogit
1077 450 1233 491 agmen.
1302 438 1418 478 Hanc
1457 438 1648 479 Carminis

205 500 512 553 complexionem
533 501 720 541 Horatius
739 502 913 554 inprimis
930 501 1154 541 celebravit.

263 564 324 602 16.
353 563 592 603 Phaloeeium
628 564 937 616 Autispasticum
972 564 1266 604 Tetrametrum.
1322 563 1439 602 Ratio
1471 576 1540 602 cur
1573 565 1648 603 hoc

127 656 133 661 ,
209 626 363 665 nomine
379 626 613 678 insigniatur
637 633 699 666 est
728 640 777 666 ex
805 627 984 666 Canone.
1014 627 1203 679 Epitritus
1221 628 1261 665 4.
1292 627 1510 679 Autispast.
1534 628 1649 665 Anti-

206 695 330 741 spast.
352 689 567 728 Diiambus.
606 689 691 729 Nos
709 696 838 730 autem
857 690 899 729 id
916 691 1066 743 agimus
1085 697 1142 738 ut,
1161 689 1271 742 quod
1287 690 1368 729 fieri
1385 695 1529 742 potest,
1547 690 1649 729 intra

204 751 426 803 trisyllabos
442 751 563 804 pedes
583 753 841 793 subsistamus
858 767 869 798 ;
890 767 1011 806 quare
1028 766 1184 793 versum
1212 753 1650 806 Heccoedecasyllabum

204 827 274 867 per
291 813 391 853 duas
411 816 595 854 Caesuras
615 815 925 856 Penthemimere
950 824 990 857 et
1015 817 1262 857 Triemimere
1287 818 1494 869 carpimus.
1523 817 1649 857 donec

203 877 244 915 in
261 876 380 916 Basin
401 877 647 929 Dactylicam
666 878 898 931 deponatur.
921 892 951 918 1.
972 879 1051 919 Od.
1076 882 1136 918 11.
1158 893 1220 919 xv.
1241 879 1320 919 Od.
1342 881 1404 918 10.

262 941 325 979 17.
371 940 572 980 Alcaicum
611 934 672 980 irel
709 943 1011 982 Anacreontium
1058 943 1273 982 Dimetrum
1312 941 1649 994 Heptasyllabum.

206 1003 490 1055 Quodcumque
516 1011 678 1042 metrum
697 1012 855 1044 constat
872 1019 921 1044 ex
942 1005 1119 1057 Dactylis
1146 1012 1185 1043 et
1205 1005 1418 1051 Trochoeis,
1447 1004 1652 1056 Logaoedi-

204 1078 294 1114 con,
314 1065 353 1104 id
373 1074 446 1113 est,
468 1065 758 1105 Prosometrum
787 1067 1028 1119 appellatum
1066 1079 1113 1105 eo
1146 1067 1323 1106 fortassis
1353 1066 1459 1118 quod
1488 1067 1651 1108 Asiatici

206 1127 391 1167 Oratores
409 1129 540 1167 orbem
560 1129 759 1168 verborum
779 1129 1006 1168 Ditrochaeo
1024 1129 1190 1168 libenter
1203 1129 1465 1173 claudebant:
1485 1129 1584 1169 alias
1601 1144 1651 1170 ex

206 1190 440 1230 Choriambo
456 1197 497 1229 et
516 1190 700 1229 Bacchio.
723 1203 754 1230 1.
776 1190 855 1230 Od.
877 1192 916 1230 8.

261 1255 322 1292 18.
350 1251 584 1304 sapphicum
614 1251 974 1303 Hephthemimeres
1011 1265 1099 1292 cum
1129 1254 1372 1305 supraposito
1393 1254 1551 1294 Alcaico
1581 1255 1650 1294 Di-

203 1322 341 1356 metro.
396 1315 579 1367 Superior
597 1327 732 1354 versus
751 1328 839 1354 cum
859 1315 936 1354 hoc
954 1316 1011 1354 sic
1029 1315 1279 1367 conjungitur
1298 1317 1403 1368 apud
1429 1318 1648 1357 Horatium.

203 1378 342 1417 Verior
358 1376 543 1416 metiendi
561 1378 659 1416 ratio
677 1385 737 1416 est
760 1390 829 1430 per
856 1378 1077 1430 Epitritum,
1106 1379 1168 1416 vel
1199 1378 1386 1431 Hippiam
1419 1380 1652 1437 secundum,

205 1441 305 1480 duos
324 1440 595 1487 Choriambos,
614 1447 653 1480 et
673 1440 897 1481 Bacchium.
952 1441 1154 1481 Alcaicum
1173 1441 1650 1496 Pentecaedecasyllabum

205 1503 360 1546 dicitur.
381 1517 414 1543 ι.
433 1502 512 1543 Od.
533 1505 572 1541 8.

181 1573 186 1576 '
259 1567 322 1606 19.
353 1567 528 1606 Ionicum
559 1578 583 1604 a
610 1565 748 1603 minori
776 1565 1082 1619 Trirrhythmum
1114 1567 1382 1607 Acatalectum
1413 1568 1514 1607 binis
1545 1568 1649 1607 Trir-

205 1629 394 1681 rhythmis
413 1628 657 1680 subjungitur
673 1627 1045 1680 Tetrarrhythmum.
1064 1641 1136 1668 111.
1156 1629 1232 1668 Od.
1256 1631 1318 1668 12.

259 1694 326 1731 20,
351 1691 641 1730 Archilochium
667 1691 926 1742 compositum
943 1705 994 1730 ex
1010 1691 1128 1730 Tome
1143 1692 1344 1738 Bucolica,
1363 1692 1470 1743 quod
1489 1700 1550 1731 est
1577 1693 1651 1731 Te-

205 1761 429 1793 trametrum
466 1753 726 1804 Dactylicum‚
766 1759 806 1791 et
831 1752 1048 1791 Trochaico
1081 1753 1257 1792 Dimetro
1289 1753 1650 1805 Brachycatalecto,

207 1816 313 1867 quod
332 1815 631 1867 Ithyphallicum
646 1815 796 1853 dicitur.
853 1815 1078 1865 Subjectum
1094 1815 1165 1854 sibi
1179 1815 1298 1856 habet
1312 1816 1487 1856 lambam
1504 1817 1651 1856 Trime-

207 1887 307 1917 trum
328 1877 621 1916 Catalecticum.
644 1889 674 1916 1.
696 1876 775 1916 Od.
795 1880 836 1917 4.

263 1942 329 1979 21.
358 1939 646 1978 Archilochium
665 1939 923 1990 compositum
940 1953 990 1979 ex
1009 1939 1307 1979 Penthemiuieri
1328 1941 1464 1992 Epico,
1494 1949 1535 1981 et
1549 1943 1650 1981 Iam·

207 2003 295 2042 bico
331 2002 518 2041 Dimetro.
575 2001 792 2040 Observatu
826 2001 988 2054 dignum
1019 2003 1148 2041 Metra
1175 2016 1264 2054 quae
1296 2003 1510 2056 Dactylicis
1553 2006 1650 2043 Iam·

205 2067 276 2105 bos
293 2071 509 2117 apponunt,
526 2064 842 2116 Encomiologica
866 2064 955 2104 dici.
1010 2065 1265 2117 Postponitur
1286 2066 1418 2106 lambo
1445 2067 1648 2108 Trimetro.

206 2127 457 2179 Elegiambns
475 2120 707 2179 appellatus.
729 2128 857 2179 Epod.
874 2141 938 2166 xx.

257 2192 323 2230 22.
351 2190 638 2229 Archilochium
658 2191 917 2242 compositum
936 2204 983 2231 ex
1003 2191 1174 2231 Iambico
1204 2192 1379 2230 Dimetro
1407 2200 1447 2230 et
1477 2193 1646 2233 Penthe-

205 2253 352 2294 mimeri
371 2253 506 2305 Epico.
553 2254 735 2305 Sequitur
754 2255 1044 2295 Hexametrum.
1092 2256 1348 2307 lambelegos.
1369 2256 1494 2307 Epod.
1515 2270 1620 2295 xm.
