1916 3190
273 226 359 266 152

733 229 777 276 QL
813 239 1024 270 ΗοκΑτιι
1061 241 1234 272 FLACCI

331 333 592 374 Debellata:
625 338 769 374 monet
790 333 1002 375 Sithoniis
1022 348 1110 376 non
1129 336 1251 377 levis*
1270 334 1436 386 Evius;

330 402 441 442 Cum
461 401 530 442 sas
546 407 676 454 atque
698 401 821 441 nefas
843 401 1008 454 exiguo
1026 401 1113 443 fine
1132 402 1367 444 libidinum
1664 403 1721 445 ‘to

330 469 599 510 Discernunt
620 467 755 509 avidi.

817 467 919 509 Non
940 481 1021 522 ego
1043 474 1100 519 te,
1119 468 1304 510 candide
1321 468 1563 518 Bassareu,

271 586 358 616 docet
368 589 404 616 ut
419 594 505 616 nemo
517 587 599 617 dona
616 585 733 617 Bacchi
748 585 898 616 moderati
921 587 1221 625 proetergrediatur:
1242 587 1330 617 docet
1347 589 1378 616 et
1393 585 1537 617 Bacchus
1554 583 1722 616 stratibus

268 628 380 667 gravis
390 638 403 665 ;
424 630 545 668 quando
567 629 758 668 voluptatum
772 628 877 668 cupidi
891 628 1013 659 licitum
1034 633 1064 660 et
1087 629 1233 660 illicitum
1256 638 1355 669 parvo
1369 627 1550 660 discrimine
1567 629 1722 668 separant.

876 719 1114 733 eae-memb

271 786 428 817 variant:
452 784 617 827 Lapythis,
632 786 777 827 laphitis
788 797 800 823 ;
824 786 884 817 sed
901 786 1060 818 Graecum
1082 791 1135 818 est
1150 786 1361 818 nartem-9
1382 785 1566 817 simonibus
1579 785 1722 818 nundin.

270 828 406 865 Euhius,
438 829 578 869 Euhym,
606 828 759 867 Euchios,
793 829 947 868 Eucheus,
970 829 1121 870 Heuhyua
1151 829 1250 860 codd.
1279 839 1332 869 ap.
1355 828 1455 861 Jani:
1483 828 1642 859 Graecum
1668 832 1723 858 est

270 870 369 902 Εὔΐος·
388 870 483 901 Enim
507 871 632 901 Sanad.
681 870 781 901 Euius
803 871 837 901 iu
862 871 976 901 multis
1001 871 1224 910 editionibus,
1249 872 1351 902 etiam
1383 870 1417 901 in
1441 871 1555 902 Bentl.
1579 870 1723 901 Wetzel.

271 912 408 943 Wakei'.
425 917 462 943 et
478 912 668 944 Kidd.—-ll
695 913 887 944 Discurrunt
901 916 922 944 2
938 914 1084 945 Blandd.
1105 913 1257 953 Cruqnii.

1301 917 1310 930 ‘
1326 913 1404 943 Non
1420 913 1528 952 probo
1542 912 1720 953 conjectu-

272 963 344 986 ram
359 955 485 986 eruditi
503 955 602 986 amici
619 955 700 994 mei,
715 964 777 995 pro
789 955 875 986 avidi
890 955 1038 996 legentis
1052 955 1195 986 madidi!
1211 955 1317 987 Gesn.
1362 955 1468 986 Multi
1484 954 1584 986 codd.
1599 954 1725 994 scripti

928 1047 1069 1080 NOTAE

313 1127 334 1155 9
365 1123 519 1155 Sithoniis
547 1133 609 1154 non
636 1123 712 1154 levis
743 1122 854 1163 Eeius]
889 1122 969 1163 Ipse

269 1183 403 1216 quoque.
431 1173 587 1205 Bacchus
618 1177 748 1205 rectum
777 1174 846 1204 vini
873 1182 969 1204 usum

269 1225 385 1263 docet,
408 1224 464 1266 qui
482 1223 616 1264 populis
632 1232 706 1253 eam
722 1223 876 1254 Thraciae
893 1232 970 1264 par-

269 1279 340 1305 tem
353 1272 595 1312 incolentibus,
605 1263 706 1313 quae“
716 1272 870 1303 Sithonia
878 1272 886 1285 ’
902 1273 971 1304 dic-

270 1329 306 1355 ta
319 1328 386 1362 est,
401 1322 655 1363 Thracibusque
678 1323 844 1354 universis
861 1322 970 1354 infen-

269 1384 326 1405 sus
352 1379 387 1404 et
412 1374 503 1404 ultor
527 1372 644 1408 instat,
668 1372 801 1413 quoties
823 1373 872 1403 illi
901 1373 970 1404 suis

269 1423 365 1454 abusi
386 1421 596 1462 muneribus,
617 1421 719 1452 nimio
736 1425 818 1462 potu
835 1421 867 1452 in
883 1421 970 1453 insa—

269 1473 373 1513 niam,
383 1472 532 1514 indeque
549 1472 582 1503 in
597 1469 727 1511 flagitia
744 1476 857 1503 ruunt.
881 1471 970 1503 Vide

267 1521 359 1553 infra
378 1522 479 1554 Oden
495 1529 621 1553 xxvn.
656 1520 759 1562 Apud
773 1520 900 1553 Athen.
912 1522 970 1554 cit.

270 1571 424 1604 Eubulus
450 1573 499 1603 ita
525 1571 697 1603 Bacchum
710 1570 811 1612 fingit
834 1572 971 1612 loquen-

269 1627 361 1654 tem:
386 1622 487 1653 ‘Tria
512 1631 576 1661 ego
600 1620 724 1662 pocula
744 1625 878 1652 tantum
893 1621 971 1652 mis-

269 1681 331 1703 ceo
347 1672 411 1703 illis
426 1672 484 1713 qui
500 1672 658 1712 sapiunt;
679 1680 783 1702 nuum
799 1670 970 1709 sanitatis3

271 1722 419 1752 alterum
437 1720 643 1762 voluptatis;
667 1719 799 1761 soporis
821 1720 971 1751 tertium.

269 1774 348 1806 Quo
370 1772 507 1814 quidem
531 1776 647 1812 epoto,
669 1770 704 1811 ii,
719 1780 804 1812 quos
820 1770 971 1803 dicimus

270 1824 460 1864 sapientes,
503 1822 639 1853 domum
676 1829 751 1851 sese
787 1820 970 1861 recipiunt.

270 1874 402 1904 Postea
417 1882 498 1904 vero
514 1872 542 1902 si
559 1875 717 1912 quartum
732 1869 883 1910 additur,
904 1880 970 1903 non

270 1927 323 1952 est
347 1922 381 1952 id
403 1921 548 1961 amplius
565 1926 730 1959 nostrum,
752 1921 812 1952 sed
837 1927 972 1962 proter-

271 1973 333 2003 viae
347 1982 356 2010 ;
374 1972 531 2013 quintum
548 1971 820 2009 vociferationis3
836 1978 970 2003 sextum

269 2021 458 2062 petulantis
483 2021 761 2059 comessationis3
789 2017 970 2061 septimum

270 2072 477 2102 macularum
488 2076 525 2101 et
537 2070 708 2100 vulnerum
719 2079 728 2108 ;
745 2075 903 2100 octavum
914 2079 971 2110 ap-

271 2121 433 2162 paritoris
448 2131 456 2159 3
485 2129 608 2151 nonum
640 2118 825 2150 iracundiae
841 2129 851 2157 ;
878 2119 972 2151 deci-

271 2181 361 2202 mum
387 2170 523 2210 furoris,
545 2179 612 2212 quo
637 2174 900 2210 prosternuntur
915 2170 971 2211 qui

269 2219 416 2261 bib'unt,'
434 2224 501 2253 ὅτε.

311 2270 428 2311 Euius]
448 2270 506 2301 lta
520 2268 677 2300 Bacchus
692 2272 747 2299 est
762 2268 971 2309 appellatus,

270 2321 325 2352 vel
341 2331 361 2352 a
375 2329 461 2352 voce
474 2317 817 2357 Bacchantiumsu’mt,
838 2319 893 2350 vel
910 2328 971 2359 po-

269 2371 336 2402 tius
352 2379 396 2401 ex
411 2378 454 2401 eo
469 2367 560 2410 quod
582 2377 659 2399 enm
680 2367 861 2399 debellatis
875 2366 971 2399 forti-

271 2426 324 2452 ter
349 2417 547 2461 gigantibus
573 2421 806 2449 revertentem
830 2417 971 2459 Jupiter

270 2471 318 2502 sie
333 2469 456 2502 affatus
472 2472 546 2500 cst:
573 2466 609 2499 εὖ
622 2466 681 2508 υἱὲ,
695 2467 845 2508 eugefih'.

313 2524 354 2552 10
370 2520 499 2559 Exiguo
504 2519 575 2562 fine
586 2517 765 2558 libidinum]
789 2518 860 2549 Per
872 2516 924 2549 fas
936 2521 972 2549 et

269 2568 367 2600 nefas
383 2569 580 2609 voluptates
598 2567 726 2609 quoerit
747 2570 784 2598 et
798 2571 973 2599 consecta-

270 2625 325 2650 tur
340 2618 557 2654 temulentus,
571 2626 718 2649 accensa
729 2616 808 2648 vino
818 2615 972 2648 libidine.

269 2667 428 2701 Juvenal.
441 2667 514 2698 Sat.
523 2675 575 2697 vt.
587 2668 663 2698 299.
679 2667 689 2684 ‘
702 2665 794 2699 Quid
805 2666 893 2698 enirn
905 2666 972 2697 Ve-

270 2727 334 2749 nus
351 2715 444 2748 ebria
460 2721 560 2747 curat
574 2716 597 2746 ?'

315 2769 354 2800 u
374 2766 449 2798 Non
459 2774 516 2805 ego
528 2768 572 2807 te,
580 2766 712 2797 candide
722 2765 894 2808 Bassareu,
904 2764 974 2806 θα]

1024 1123 1130 1156 Quasi
1145 1123 1294 1156 diceret:
1316 1123 1469 1156 Thraces
1486 1127 1523 1155 et
1549 1122 1727 1155 Bacchan-

1024 1177 1089 1211 tes,
1099 1173 1254 1214 specioso
1266 1182 1436 1206 sacrorum
1451 1176 1635 1214 praetextu,
1645 1181 1723 1204 cnm

1025 1223 1203 1256 celebrant
1231 1224 1353 1265 Orgia,
1388 1221 1529 1255 infanda
1560 1222 1723 1264 pleraque

1025 1273 1244 1305 committunt
1255 1273 1345 1304 ultra
1357 1272 1493 1304 modum
1507 1271 1593 1313 poti,
1604 1275 1638 1303 te
1650 1271 1725 1313 qui·

1025 1322 1102 1354 dem
1117 1323 1237 1364 invito,
1252 1333 1272 1355 ο
1287 1323 1374 1354 bone
1389 1326 1488 1363 pater
1507 1321 1664 1360 Bacche3
1686 1325 1725 1352 at

1025 1381 1089 1412 ego
1104 1373 1217 1404 sanior
1237 1372 1315 1414 illis,
1343 1371 1578 1404 temulentiam
1595 1371 1722 1407 vitabo.

1024 1430 1134 1463 neque
1150 1422 1293 1463 proinde
1309 1426 1437 1463 proeter
1446 1426 1506 1453 aut
1517 1424 1639 1453 contra
1652 1418 1724 1452 Nu-

1023 1480 1101 1502 men
1116 1475 1210 1503 tuum
1222 1472 1403 1513 quicquam
1415 1468 1621 1512 perpetrabo
1633 1480 1644 1509 ;
1658 1478 1723 1501 nec

1026 1526 1060 1552 te
1076 1521 1218 1554 irritabo
1237 1520 1367 1560 ebrius,
1385 1529 1451 1552 nec
1473 1519 1634 1563 indecore
1654 1519 1723 1560 agi-

1025 1571 1134 1608 tabor,
1157 1575 1218 1602 aut
1233 1571 1420 1602 discurram
1435 1566 1595 1601 furiosus.

1069 1622 1210 1653 Candide
1225 1619 1396 1660 Bassareu]
1417 1620 1580 1660 Simplex,
1592 1621 1725 1660 aperte,

1027 1681 1143 1702 verax.
1185 1671 1309 1703 Tibull.
1340 1680 1399 1702 ιιι.
1425 1674 1458 1702 6.
1483 1672 1516 1701 8.
1538 1671 1548 1688 ‘
1566 1669 1723 1701 Candide

1028 1723 1132 1754 Liber
1147 1721 1251 1754 ades-³
1272 1755 1275 1758 ,
1295 1720 1400 1761 Item,
1414 1729 1440 1752 1.
1452 1723 1485 1751 7.
1499 1722 1555 1752 46.
1579 1720 1589 1737 ‘
1600 1718 1724 1750 Candi-

1026 1772 1102 1803 dior
1111 1768 1622 1813 “rupen-,candidiorqueveni!
1642 1768 1727 1800 Baa-
1770 1804 1774 1811 ι

1025 1821 1132 1863 sareu]
1156 1820 1222 1852 Vel
1247 1820 1293 1852 ob
1309 1819 1459 1852 tunicam
1474 1829 1494 1850 e
1509 1818 1599 1860 pelle
1613 1817 1724 1858 vulpi-

1026 1881 1089 1910 na;
1111 1871 1165 1902 vel
1190 1881 1210 1902 a
1232 1870 1474 1909 calceamento,
1488 1865 1724 1911 quaeflaovdpa

1026 1923 1206 1961 dicuntum
1222 1922 1274 1953 vel
1287 1931 1308 1952 a
1318 1920 1418 1952 talari
1430 1925 1526 1952 veste
1538 1919 1627 1960 apud
1638 1919 1725 1951 Bas-

1026 1982 1136 2003 saram
1168 1972 1290 2012 Lydiae
1319 1972 1428 2003 locum
1453 1969 1577 2003 confici
1602 1969 1725 2008 solita;

1025 2031 1168 2061 quorum
1196 2031 1272 2052 usus
1299 2021 1332 2051 in
1364 2020 1491 2061 Orgiis.
1545 2018 1617 2051 Alii
1641 2018 1725 2052 alias

1026 2079 1160 2109 qnoque
1175 2069 1397 2109 etymologias
1412 2070 1727 2101 comminiscuntur.

1025 2119 1145 2150 Tibull.
1161 2128 1185 2149 1.
1196 2121 1227 2149 7.
1239 2121 1291 2150 46.
1307 2118 1350 2148 de
1366 2118 1522 2149 Baccho:
1539 2122 1547 2135 ¹
1560 2118 1647 2148 Fusa
1661 2117 1723 2149 sed

1026 2167 1068 2198 ad
1086 2173 1220 2199 teneros
1238 2168 1329 2198 lutea
1344 2167 1435 2207 palla
1448 2166 1575 2207 pedes.’

1070 2218 1143 2248 Non
1168 2227 1227 2257 ego
1249 2220 1282 2248 te
1308 2217 1449 2248 Inuitum
1471 2217 1626 2258 quatiam]
1648 2217 1725 2250 Etsi

1026 2267 1184 2298 videntur
1210 2267 1284 2298 haec
1309 2266 1392 2297 satis
1416 2266 1593 2298 intellecta
1618 2276 1661 2298 ex
1683 2267 1726 2299 iis

1025 2327 1100 2359 quae
1117 2322 1197 2348 ante
1212 2316 1295 2356 dixi,
1316 2316 1462 2358 amplius
1488 2321 1603 2349 tamen
1619 2318 1728 2360 expli-

1025 2371 1159 2406 cantur,
1174 2366 1441 2407 enodantnrque‚
1463 2366 1568 2399 allato
1582 2367 1651 2399 ritu
1668 2377 1724 2400 ve-

1026 2417 1090 2449 teri
1107 2417 1383 2458 Bacchanalium,
1406 2426 1466 2448 seu
1481 2417 1676 2459 0rgiorum,
1689 2418 1726 2450 in

1025 2467 1146 2509 quibus
1161 2466 1333 2507 Thyades,
1354 2476 1415 2498 seu
1440 2467 1602 2508 Bacchae,
1625 2477 1727 2500 saera

1027 2525 1166 2549 movere
1182 2516 1397 2556 dicebantur,
1419 2525 1497 2547 cuni
1520 2515 1659 2549 furiosae
1673 2517 1725 2550 his

1025 2567 1059 2598 in
1081 2565 1180 2598 festis
1203 2566 1424 2606 cursitantes,
1446 2564 1582 2606 thyrsos
1606 2573 1726 2608 quate-

1025 2621 1113 2654 rent,
1146 2617 1322 2658 ipsumque
1351 2616 1482 2648 Bacchi
1507 2617 1725 2649 simulacrum

1025 2668 1102 2698 loco
1131 2676 1191 2697 suo
1219 2671 1347 2698 motum
1377 2665 1650 2703 circumferrent,
1683 2676 1726 2700 ae

1025 2716 1121 2748 velut
1137 2715 1279 2747 invitum
1305 2715 1502 2747 temulentae
1525 2715 1725 2748 sacrificulo

1026 2765 1255 2806 exagitarent.
1300 2765 1424 2806 virgil.
1438 2765 1570 2798 AEneid.
1583 2774 1636 2798 xv.
1649 2767 1729 2799 8⁰1.
