1916 3190
252 225 307 264 40
641 231 949 263 τΕείῚΜοΝιΑ
984 231 1046 262 ne
1081 229 1320 260 HoRA‘mo.

427 327 469 368 N
474 339 543 377 ec,
566 339 678 381 quos
693 326 901 378 Thynica
921 326 1029 366 lima
1049 323 1303 377 perpolivit,

422 392 652 442 Annellos,
674 405 758 433 nec
779 392 808 432 J
813 392 967 444 aspios
989 389 1184 443 lapillos.

748 505 940 547 Martial.
965 515 1072 545 vui.
1095 504 1166 545 18.

252 585 328 626 Sic
351 565 479 626 Maro
499 597 578 625 nec
595 583 776 625 Calabri
795 581 981 623 tentavit
1001 582 1195 635 carmina
1217 581 1382 631 Flacci,

309 651 574 693 Pindaricos
597 653 753 704 posset
770 662 868 690 cum
889 662 1096 703 superare
1116 648 1285 690 modos.

465 823 471 830 Ι
662 770 828 811 Lucan.
850 769 907 810 ad
929 768 1057 825 Calp.
1079 769 1304 811 Pisonem.

253 849 591 903 Ausoniamque
613 848 770 902 chelyn
789 848 967 901 gracilis
987 847 1197 902 patefecit
1218 846 1395 888 Horati.

730 965 901 1008 Auson.
923 967 981 1008 ad
1003 964 1239 1020 Nepotem.

250 1046 316 1087 Te
340 1051 589 1099 praeeunte,
614 1045 785 1098 Nepos,
807 1044 1031 1085 modulata
1049 1042 1255 1097 poemata
1276 1041 1431 1083 Flacci

252 1115 586 1167 Altisonumque
608 1113 761 1154 iterum
778 1111 848 1152 fas
870 1115 936 1152 est
956 1109 1168 1151 didicisse
1190 1104 1430 1150 Maronem.

630 1229 689 1271 D.
714 1228 900 1269 Hieron.
923 1225 1099 1268 Praefat.
1121 1227 1167 1266 in
1188 1225 1345 1267 Chron.

314 1308 436 1358 Quid
457 1307 680 1349 Psalterio
702 1306 938 1348 canorius?
976 1304 1111 1359 quod,
1138 1304 1183 1345 in
1207 1315 1375 1344 morem
1396 1302 1536 1344 nostri
1557 1302 1708 1344 Flacci

253 1380 299 1416 et
315 1372 463 1418 Graeci
475 1375 673 1425 Pindari,
687 1387 801 1415 nunc
815 1373 974 1414 lambo
994 1372 1142 1422 currit,
1157 1384 1272 1412 nunc
1282 1370 1470 1412 Alcaico
1488 1374 1708 1424 personat,

255 1456 371 1485 nunc
392 1441 621 1496 Sapphico
641 1444 794 1490 tumet,
815 1453 933 1481 nunc
955 1438 1180 1493 semipede
1198 1437 1447 1491 ingreditur.

558 1564 709 1606 Sidon.
730 1560 929 1615 Apollin.
952 1558 1092 1613 Epist.
1110 1558 1165 1600 ad
1187 1558 1410 1612 Lamprid.

316 1642 370 1683 In
406 1640 579 1696 Lyricis
611 1641 823 1682 Flaccum
849 1641 1033 1680 secutus
1061 1649 1180 1678 nunc
1206 1636 1423 1678 ferebatur
1444 1637 1487 1678 in
1508 1635 1709 1677 Iambico

257 1709 387 1758 citus,
407 1710 486 1749 διο.

315 1775 371 1817 Et
392 1775 498 1817 alibi
518 1788 526 1812 ε

603 1830 755 1884 Stylus
778 1833 855 1870 aut
876 1827 1178 1878 Maronianus,

428 1898 522 1939 Aut
541 1910 630 1950 quo
651 1901 698 1938 tu
718 1896 893 1936 Latium
915 1896 1035 1944 beas,
1059 1895 1237 1945 Horati,

428 1965 586 2005 Alcaeo
607 1963 753 2016 potior
774 1961 975 2014 Lyristes
995 1962 1110 2014 ipso.

807 2075 1052 2118 Comment.
1073 2074 1177 2117 Vet.

317 2157 499 2200 Horatii
519 2156 663 2198 Satira
682 2155 796 2196 inter
818 2154 978 2196 Lucilii
1013 2159 1057 2194 et
1087 2153 1117 2195 J
1122 2153 1320 2194 uvenalis
1350 2152 1535 2194 Satiram
1566 2154 1711 2196 media

260 2228 345 2269 est'.
405 2225 522 2267 Nam
545 2228 589 2266 et
609 2222 900 2277 asperitatem
925 2221 1060 2263 habet
1083 2223 1129 2261 ut
1149 2219 1365 2270 LuciliuS,
1385 2225 1430 2261 et
1449 2221 1710 2263 suavitatem

257 2298 305 2335 ut
323 2293 352 2335 J
356 2291 565 2334 uvenalis.

639 2387 685 2430 J.
706 2386 831 2440 Lips.
857 2385 995 2440 Epist.
1019 2384 1191 2436 Quaest.
1214 2395 1270 2427 11.
1287 2384 1329 2426 9.

316 2467 552 2518 Horatius,
569 2467 614 2508 in
629 2465 775 2507 Satira
790 2463 1012 2519 placidus,
1027 2463 1152 2513 lenis,
1171 2462 1364 2516 quietus,
1379 2466 1528 2504 monet
1540 2452 1707 2516 saepius

259 2547 391 2588 quam
425 2535 613 2587 castigat
629 2547 641 2586 ;
671 2531 749 2574 sed
769 2532 833 2572 ita
869 2531 1079 2585 praeclare
1111 2534 1258 2570 tamen
1289 2529 1374 2570 hoc
1404 2529 1568 2584 ipsum,
1584 2533 1633 2570 ut
1661 2529 1708 2570 in

258 2614 310 2643 ea
330 2604 457 2654 parte
477 2605 522 2641 et
541 2605 634 2641 arte
654 2598 764 2641 nihil
786 2597 932 2652 possit
949 2609 1080 2651 supra
1100 2608 1216 2637 eum.
