1916 3190
730 245 771 284 Q.
806 245 1015 276 HORATH
1050 246 1225 277 FLAGGt

427 339 529 381 Neu
549 339 694 382 desint
712 341 857 395 epulis
885 354 1020 390 rosae,
1648 341 1709 382 15

482 407 587 449 Neu
608 408 742 449 vivax
764 409 931 462 apium,
952 421 1037 449 neu
1058 409 1188 449 breve
1207 407 1364 449 lilium.

423 474 591 516 Omnes
612 475 658 516 in
684 475 888 516 Damalin
910 480 1062 530 putres

480 543 724 596 Deponent
743 543 924 596 oculos;
954 556 1037 585 nec
1059 542 1265 584 Damalis
1285 553 1403 584 novo

365 646 367 648 ,
426 609 676 651 Divelletur
694 611 910 661 adultero,

419 701 421 704 .
481 677 687 719 Lascivis
707 679 880 720 hederis
900 679 1193 720 ambitiosior.
1651 676 1709 719 20

252 793 337 825 tium
350 795 431 826 rosis
441 798 556 829 careat,
573 804 629 826 nec
638 794 708 834 apio
723 793 892 828 constanti,
908 802 963 824 nec
970 792 1086 833 fugaci
1099 792 1176 823 lilio.
1232 792 1275 822 In
1283 790 1442 822 Damalin
1456 790 1561 822 cuncti
1575 790 1713 832 defigent

250 841 392 911 2¹33}ae
403 837 550 869 lascivos.-
572 842 607 868 at
627 837 774 867 Damalis
788 835 827 867 ab
841 845 918 867 novo
933 846 995 867 non
1009 835 1208 867 abstrahetur
1226 837 1377 874 amatore,
1389 833 1511 866 hederis
1524 832 1715 864 tumentibus

857 928 1095 942 eeeeeeeeeeee

251 997 355 1035 malis,
369 996 471 1027 litera
485 996 594 1036 prima
608 994 749 1026 minore.
793 994 882 1025 Vide
898 994 940 1024 ad
959 1003 1007 1025 vs.
1021 996 1159 1025 17.-17
1173 994 1333 1025 Damalim
1347 993 1490 1025 Venett.
1504 994 1599 1025 1477.
1614 994 1711 1025 1478.

252 1041 351 1069 1479.
368 1041 465 1070 1492.
482 1038 627 1069 Locher.
644 1037 808 1069 Glarean.
821 1036 975 1068 Wecbel.
991 1036 1110 1067 Lamb.
1124 1037 1228 1077 Cruq.
1241 1036 1398 1068 Torreut.
1413 1035 1590 1067 Schrevel.
1600 1034 1714 1067 Bond.

252 1080 382 1120 Delph.
393 1080 498 1112 Baxt.
513 1080 587 1111 aliae
596 1079 718 1111 edd.et
733 1083 862 1110 vemet
872 1083 1018 1109 recentt.
1029 1079 1211 1115 Damalim;
1228 1077 1288 1109 sed
1302 1079 1464 1119 Rutgers.
1477 1076 1716 1117 Feb.Cuning.

253 1123 372 1154 Bentl.
385 1123 505 1155 Jones.
525 1123 620 1161 Jani‚
633 1121 774 1153 Mitscli.
789 1121 931 1161 Bipont.
943 1121 1087 1152 Wetzel.
1101 1119 1240 1152 wakef.
1262 1124 1299 1152 et
1322 1120 1428 1152 Kidd.
1443 1120 1604 1152 Damalin.
1647 1119 1713 1152 Ed.

253 1165 409 1196 Sivriana
425 1166 574 1205 daonalin,
596 1174 673 1196 nam
698 1174 759 1205 pro
775 1163 987 1205 appellativo
1004 1163 1131 1204 accipit
1147 1162 1291 1202 δάμαλις,
1306 1163 1457 1203 juvenca,
1478 1163 1533 1194 uic
1547 1167 1584 1194 et
1599 1171 1648 1193 vs.
1661 1164 1715 1194 18.

255 1209 397 1239 18.—18
419 1208 589 1248 Deponunt
605 1217 691 1238 unus
706 1206 919 1247 Bersmanni,
935 1206 1029 1247 Lips.
1042 1209 1075 1238 4.
1103 1207 1247 1238 Locher.
1264 1204 1410 1238 Ascens.
1426 1211 1462 1238 et
1476 1206 1603 1238 Venet.
1618 1207 1714 1237 1492.

257 1253 343 1282 -19
367 1251 552 1282 Divellatur
568 1251 662 1292 Lips.
677 1252 710 1281 4.

919 1303 1062 1334 NOTAE

297 1370 335 1398 15
363 1368 434 1398 Neu
457 1368 561 1399 desint
584 1367 682 1408 epulis
703 1365 796 1406 rosoe]
820 1365 876 1397 Ad
898 1376 953 1397 co-

251 1417 352 1448 rollas
368 1426 491 1457 nempe
504 1417 672 1448 texendas
688 1426 730 1447 ex
743 1416 955 1456 epulantium

251 1476 347 1498 more
364 1471 531 1503 veterum,
549 1471 621 1498 tum
639 1465 681 1497 ad
704 1465 857 1504 delicias,
884 1469 954 1496 tum

252 1517 431 1549 ebrietatis
459 1516 662 1549 coercendae
688 1525 804 1556 causa,
835 1520 871 1546 ut
898 1524 955 1546 no-

250 1568 323 1598 tavi
347 1568 419 1607 jam
443 1566 539 1606 alibi,
563 1573 598 1598 et
629 1575 707 1597 mox
737 1565 851 1596 dicam
874 1564 954 1596 Ode

251 1625 419 1649 xxxvur.

296 1669 337 1698 16
361 1667 434 1698 Neu
460 1667 557 1698 vivax
585 1665 708 1707 apium]
736 1665 804 1696 niu
829 1663 956 1703 virens,

251 1716 409 1758 quodque
424 1715 527 1756 μένειν
550 1721 734 1757 propterea
757 1715 892 1755 dicitur,
915 1724 955 1746 ac

249 1768 344 1798 inter
359 1767 554 1798 coronal-ios
569 1765 672 1797 flores
685 1769 848 1797 censetur
865 1764 957 1806 apud

251 1816 378 1849 Athen.
392 1817 451 1849 lib.
470 1825 534 1849 xv.
558 1817 648 1848 Vide
665 1825 705 1847 ιι.
722 1815 791 1848 od.
806 1818 838 1847 7.
854 1817 910 1848 24.

295 1868 370 1899 Neu
383 1867 474 1898 breve
488 1867 603 1908 lilium]
625 1866 731 1898 Brevi
747 1866 881 1898 durans.

295 1920 336 1948 17
364 1918 480 1949 Omnes
496 1918 530 1948 in
554 1917 708 1948 Damalin
727 1920 838 1958 putres
852 1917 957 1958 Depo-

251 1970 328 1999 nent
339 1967 455 2007 oculos]
470 1967 600 1998 Omnes
615 1967 648 1998 iu
663 1967 823 1998 Damalin
840 1967 956 1998 oculos

252 2025 368 2048 amore
387 2017 588 2056 languentes
605 2014 772 2056 defigent,
792 2015 957 2054 condent,

253 2076 294 2098 ac
308 2065 417 2097 veluti
433 2066 614 2106 sepelient.
645 2064 694 2097 At
713 2065 784 2104 illa,
802 2069 956 2096 contem-

252 2118 297 2149 tis
319 2117 531 2150 amatoribus
555 2117 678 2148 ceteris
693 2115 831 2157 quidem
847 2116 955 2148 omni-

1009 1366 1086 1406 bus,
1102 1366 1159 1397 uni
1173 1376 1208 1398 se
1226 1366 1366 1398 addicet
1381 1365 1553 1399 Nnmidae.

1052 1416 1187 1457 Patres]
1212 1417 1387 1456 Lascivos,
1407 1415 1550 1448 libidine
1571 1414 1712 1447 fractos.

1010 1467 1109 1498 Pers.
1133 1467 1206 1498 Sat.
1230 1476 1263 1498 v.
1281 1469 1335 1498 58.
1363 1467 1373 1484 ‘
1390 1465 1456 1498 Ille
1480 1466 1514 1497 in
1541 1465 1714 1498 Venerem

1011 1522 1063 1548 est
1077 1516 1211 1556 pun-is!

1055 1567 1237 1608 Deponent]
1258 1566 1465 1599 Timentium
1490 1569 1528 1597 et
1550 1566 1713 1606 languen-

1009 1618 1092 1648 tium
1105 1617 1196 1649 oculi
1211 1616 1340 1656 dejecti
1351 1626 1392 1648 ae
1404 1616 1574 1656 depositi:
1592 1619 1714 1647 contra

1010 1676 1209 1699 securorum
1224 1666 1306 1698 elati
1324 1671 1361 1698 et
1378 1666 1476 1698 recti.
1509 1666 1671 1706 Propert.
1688 1673 1714 1695 1.

1012 1720 1042 1749 1.
1073 1720 1105 1748 3.
1130 1717 1240 1748 ‘Tum
1269 1716 1348 1748 mihi
1374 1716 1562 1748 constantis
1583 1715 1714 1756 dejecit

1011 1768 1139 1799 lumina
1173 1766 1296 1807 fastus,
1329 1767 1377 1798 Et
1411 1770 1517 1807 capnt
1546 1764 1714 1807 impositis

1011 1818 1136 1859 pressit
1151 1817 1258 1849 Amor
1273 1815 1440 1858 pedibus:

1055 1871 1096 1900 18
1114 1868 1150 1900 N
1150 1878 1182 1900 ec
1194 1867 1340 1899 Damalis
1353 1876 1431 1898 novo
1445 1865 1635 1906 Divelletur,
1644 1863 1715 1907 ξω]

1012 1918 1165 1949 Damalis
1178 1918 1211 1950 in
1223 1926 1338 1949 amore
1350 1921 1508 1949 constans
1521 1921 1557 1948 et
1565 1915 1636 1948 fids
1645 1924 1714 1948 non

1012 1968 1154 1999 recedet
1169 1968 1212 2000 ab
1229 1968 1328 2000 unius
1345 1966 1506 1999 Numidoe
1522 1966 1715 2008 complexu,

1011 2017 1043 2047 ei
1067 2018 1223 2049 tenacius
1247 2017 1440 2058 adhaerens,
1464 2026 1566 2059 quam
1589 2015 1716 2048 hedera

1010 2074 1105 2096 muro
1122 2066 1175 2096 vel
1191 2066 1316 2097 arbori.

767 2243 896 2285 ODE
945 2241 1225 2284 XXXVII.

339 2333 495 2364 Aleaeum
513 2332 665 2364 imitatus
681 2320 853 2374 publicam
869 2331 1027 2363 laetitiam
1049 2330 1170 2363 indicit
1185 2330 1228 2362 ob
1245 2331 1466 2363 voluntariam
1481 2330 1626 2363 Antonii

462 2391 499 2418 et
513 2385 710 2427 Cleopatrae
725 2383 857 2426 necem,
873 2394 948 2427 quae
965 2390 1112 2416 cruento
1129 2384 1219 2415 bello
1234 2383 1336 2416 finem
1353 2384 1526 2426 imposuit.

426 2461 472 2503 N
476 2472 578 2503 UNc
600 2464 669 2502 est
687 2459 940 2510 bibendum,
957 2473 1070 2502 nunc
1091 2458 1203 2514 pede
1221 2458 1359 2501 libero

296 2563 371 2592 Jam
391 2559 627 2600 compotandum
641 2562 701 2599 est,
716 2569 734 2589 ο
747 2558 824 2590 socii
833 2568 845 2596 ‚-
858 2557 927 2597 jam
947 2559 1056 2600 planta
1070 2559 1131 2591 levi
1147 2562 1231 2591 terra
1251 2560 1454 2600 percutienda
1469 2564 1535 2592 est.-
1551 2561 1621 2600 J'am
1633 2565 1711 2593 tem-

864 2643 1100 2657 ΜΝΏΝΟΟ

299 2697 377 2730 Ode
395 2698 526 2730 decima
539 2700 658 2740 quinta
673 2699 765 2732 Libri
781 2701 923 2733 secundi
936 2701 970 2733 in
984 2701 1049 2733 Ed.
1062 2700 1249 2733 Sanadoni.
1297 2700 1391 2732 Libri
1408 2700 1546 2740 quidam
1562 2707 1650 2734 antt.
1664 2703 1715 2734 in·

256 2740 411 2772 scribunt
431 2742 481 2772 De
504 2742 644 2774 Victoria
662 2743 799 2775 Caesaris
810 2755 822 2782 ;
847 2744 990 2776 Locher.
1003 2745 1054 2776 De
1071 2745 1099 2775 A

1102 2744 1210 2784 agusti
1230 2743 1390 2780 Victoria,·
1418 2744 1545 2776 Venet.
1559 2747 1660 2776 1492.
1675 2749 1713 2776 et

256 2784 401 2815 Ascens.
419 2783 470 2815 De
485 2785 624 2824 Augusti
652 2785 802 2818 Victoria·
820 2787 955 2825 loetitt'a5
977 2786 1114 2819 Fabi-ic.
1137 2796 1179 2818 ex
1206 2785 1310 2818 codd.
1336 2786 1467 2827 antiqq.
1487 2786 1542 2827 De
1571 2787 1712 2819 Victori-
