1916 3190
201 238 285 279 348

705 254 747 291 Q.
780 252 994 282 HoRA'rn
1031 252 1206 283 FLAcct

431 347 683 398 Immemor,
703 351 833 390 struis
855 349 1011 390 domos
1029 362 1040 400 ;

490 414 721 469 Marisque
743 416 868 457 Baiis
889 416 1184 470 obstrepentis
1202 428 1330 471 urges

429 482 714 525 Summovere
732 484 897 534 littora,

485 550 651 592 Parum
670 551 875 606 locuples
897 552 1147 593 continente
1166 552 1278 605 ripa.

432 617 590 669 Quidt
622 618 741 673 quod
761 632 902 672 usque
923 620 1154 672 proximos

488 685 690 728 Revellis
710 687 803 742 agri
822 687 1046 737 terminos,
1068 692 1114 728 et
1134 686 1249 728 ultra

199 812 293 851 atque
306 811 425 851 satagis
440 814 606 845 extendere
616 813 707 845 lictus
720 813 818 845 maris
830 814 871 845 ud
886 812 989 845 Baius
1003 812 1184 852 frementis,
1199 822 1260 844 non
1274 816 1325 844 sat
1344 813 1430 844 dives
1443 812 1550 844 stabili
1564 816 1662 844 terra.

204 853 290 888 Quid
303 855 416 892 dicam,
432 857 512 897 quod
525 857 642 888 vicinos
656 856 752 888 etiam
767 856 840 896 agri
855 856 972 888 limites
985 865 1134 897 removes,
1154 859 1184 887 et
1199 856 1359 887 clientiurn
1376 856 1525 887 terminos
1545 855 1664 887 transi·

810 951 831 963 o
835 951 930 963 ooooo

932 950 1051 963 00000

202 1013 250 1045 sic
267 1014 369 1046 etiam
386 1015 505 1047 Bentl.
521 1016 625 1048 Baxt.
654 1016 800 1048 Gesner.
825 1016 920 1057 Jani,
945 1016 1087 1058 Bipont.
1115 1016 1257 1051 Mitsch.
1280 1014 1419 1048 Wakef.
1448 1020 1484 1048 et
1514 1015 1663 1047 mdo.—

861 1113 1007 1146 NOTAE
1035 1120 1038 1123 ’

200 1185 390 1227 ambitiose,
400 1187 495 1229 quasi
504 1188 586 1221 vitae
596 1188 641 1221 sit
651 1189 712 1222 tibi
723 1190 906 1230 securitas,

200 1240 237 1267 et
253 1236 446 1269 immunitas
462 1249 481 1270 a
502 1244 626 1277 morte,
648 1241 784 1273 insanas
810 1241 905 1273 moli-

202 1287 248 1318 ris
264 1288 548 1322 substructiones.

245 1340 286 1368 17
313 1339 361 1369 Tu
372 1341 505 1371 secanda
516 1350 670 1372 marmora
679 1341 794 1382 Locus]
812 1342 906 1373 Mer-

200 1386 286 1418 cede
302 1388 466 1420 conducis
493 1395 647 1421 sectores
677 1392 854 1422 marmoris
870 1398 906 1423 et

201 1437 414 1477 sculptores:
440 1439 494 1470 vel
520 1439 707 1472 redemtori
731 1442 907 1482 negotium

201 1487 260 1518 das
286 1489 508 1521 secandorum
537 1500 756 1532 marmorum,
781 1493 823 1523 ad
847 1502 907 1524 ex-

201 1538 382 1570 struendas
397 1538 515 1571 domos
532 1541 709 1581 superbas.

243 1589 286 1618 20
309 1588 585 1629 Martsquessaiis
595 1590 800 1631 obstrepentis
814 1601 907 1632 urges

201 1638 398 1671 Summos-ere
422 1639 547 1680 littora]
585 1640 736 1672 Molibus
756 1642 789 1673 in
815 1652 908 1674 mare

194 1688 299 1729 jactis
311 1689 471 1721 extendis
495 1690 604 1728 littus,
624 1696 663 1723 ut
680 1691 727 1723 ibi
745 1691 909 1734 aedifices,

202 1748 333 1770 amoeno
358 1739 446 1779 loco,
476 1740 518 1771 ad
544 1740 662 1780 Baias,
691 1742 750 1774 ubi
779 1741 907 1775 fluctus

201 1788 321 1819 marini
348 1790 460 1821 ventis
483 1790 607 1831 agitati
631 1790 782 1824 fremunt
797 1798 833 1830 et
849 1794 908 1825 ob-

201 1842 359 1879 strepunt
375 1841 597 1873 vehementer
611 1852 619 1873 :
644 1843 742 1884 quasi
760 1852 826 1875 non
842 1843 909 1875 suf-

200 1888 296 1921 ficiat
311 1891 491 1922 continens
515 1894 619 1931 terra,
638 1893 682 1924 ad
706 1899 908 1926 construen-

202 1939 263 1970 das
280 1940 383 1972 aedes.
415 1942 554 1974 Sallust.
577 1944 587 1960 ⁴
603 1943 749 1975 Divitias
768 1944 909 1985 profun-

202 1989 286 2020 dunt
303 1990 337 2020 in
354 1992 565 2022 exstruendo
578 1993 675 2029 mari,
686 1997 723 2024 et
735 1995 908 2026 montibus

203 2038 402 2079 ‘aequandum’
449 2041 572 2073 Senec.
610 2042 831 2076 controvers.
872 2054 906 2076 ν.

201 2089 211 2106 ‘
227 2089 342 2120 Maria
365 2097 619 2123 summoventur
647 2093 812 2134 projectis
836 2104 905 2127 mo-

201 2138 314 2171 libus.'
350 2139 441 2170 Vide
464 2150 567 2181 supra
589 2141 658 2173 Od.
676 2151 740 2174 xv.
755 2143 830 2175 init.
847 2145 907 2176 ibi-

202 2199 268 2231 que
288 2189 372 2222 Not.
398 2190 486 2221 Item
503 2197 635 2232 postea,
649 2200 704 2223 ιιι.
723 2192 793 2224 od.
805 2196 835 2224 1.
851 2196 905 2226 33.

202 2239 250 2271 Et
267 2238 413 2272 111.-Od.
430 2242 483 2272 24.
497 2243 526 2273 3.

245 2289 357 2331 Baiis]
381 2290 480 2322 Baiae
503 2290 626 2323 civitas
652 2293 864 2334 Campania»,
889 2304 909 2326 a

202 2339 289 2371 Baio
304 2339 438 2381 Ulyssis
461 2341 556 2372 socio
577 2341 625 2373 ibi
650 2344 786 2387 sepulto
801 2345 908 2376 nomi-

202 2396 303 2430 nata;
327 2389 396 2422 sita
411 2389 578 2423 Puteolos
604 2391 696 2423 inter
719 2398 756 2425 et
771 2394 909 2431 Cumas,

202 2440 238 2472 in
263 2449 303 2472 eo
326 2441 401 2472 sinu
421 2441 480 2482 qui
502 2450 592 2473 nunc
616 2442 744 2475 dicitur
761 2443 857 2483 Golso
876 2445 910 2476 di

204 2491 369 2531 Pozzuolo,
406 2496 443 2523 et
475 2492 510 2523 di
547 2492 684 2534 Nopolt':
717 2494 910 2526 calentibus

205 2542 302 2582 aquis
329 2541 372 2573 ad
407 2542 590 2573 sanitatem
623 2543 721 2575 valde
757 2544 910 2583 utilibus,

205 2592 283 2623 coeli
312 2592 492 2633 temperie,
516 2602 648 2625 amoeno
673 2603 823 2632 secessu,
846 2596 911 2628 Ro·

205 2651 382 2674 manorum
398 2643 585 2676 Procerum
597 2645 722 2677 nitidas
736 2645 806 2679 illic
818 2647 910 2679 aedes

205 2692 401 2724 habentium
431 2692 628 2734 frequentia
659 2704 824 2738 perquam
861 2696 911 2728 fe-

205 2744 274 2775 lix}
298 2746 337 2776 ut
358 2743 460 2775 etiam
486 2745 629 2777 vitanda
653 2747 749 2778 velut
773 2748 909 2781 occasio

206 2793 351 2826 luxuriae
368 2793 514 2826 >dicatur
541 2805 561 2826 a
586 2795 719 2829 seneca
738 2797 782 2830 ad
798 2798 909 2831 Lucil.

958 1190 1070 1231 Epist.
1093 1199 1154 1222 mr.
1192 1189 1451 1232 ‘Illic,'inquit‚
1477 1190 1488 1208 ⁴
1502 1193 1664 1232 tanquam

958 1240 1035 1271 loco
1051 1239 1220 1271 debeatur
1243 1239 1392 1276 licentia,
1408 1240 1516 1281 magis
1531 1238 1666 1270 luxuria

959 1291 1116 1322 solvitur.
1154 1290 1234 1322 Non
1262 1295 1396 1322 tantum
1426 1289 1575 1331 corpori,
1603 1288 1665 1320 sed

960 1342 1065 1372 etiam
1089 1341 1240 1373 moribus
1272 1341 1442 1373 salubrem
1470 1342 1581 1373 locnm
1605 1341 1666 1372 eli-

961 1400 1040 1431 gere
1055 1391 1239 1422 debemus?

1004 1443 1045 1471 23
1071 1440 1178 1476 Quid?
1201 1442 1279 1481 quod
1295 1450 1390 1482 usque
1409 1441 1579 1481 proximu,
1593 1440 1664 1482 εμπ]

961 1491 1159 1525 Quinetiam
1174 1491 1341 1532 sacrilega
1366 1491 1499 1522 ratione
1518 1500 1592 1523 rem
1608 1501 1666 1523 au-

961 1551 1041 1582 gere
1054 1551 1120 1573 non
1133 1542 1279 1582 vereris3
1292 1546 1363 1573 tum
1378 1541 1580 1580 vicinorum,
1591 1545 1664 1572 tum

961 1592 1064 1623 etiam
1080 1591 1258 1623 clientium
1271 1592 1433 1624 terminos
1447 1591 1666 1623 removendo.

961 1641 1040 1672 Duo
1051 1646 1131 1672 sunt
1143 1642 1258 1682 itaque
1268 1641 1411 1681 delicta,
1423 1642 1570 1673 alterum
1583 1650 1665 1673 con-

963 1695 1018 1722 tra
1033 1689 1137 1723 fidem
1147 1690 1331 1722 clientibus
1342 1690 1508 1731 debitam,
1519 1692 1664 1724 alterum

963 1745 1084 1772 contra
1089 1740 1239 1782 justitiae
1255 1745 1291 1773 et
1308 1740 1482 1781 religionis
1495 1741 1667 1774 virtutem.

963 1791 1065 1824 Quod
1099 1791 1143 1822 ad
1181 1791 1326 1832 primum
1356 1791 1500 1823 attinet:
1535 1791 1666 1823 illatam

962 1841 1084 1874 clienti
1097 1841 1258 1882 injuriam
1273 1851 1315 1873 eo
1330 1845 1467 1873 constat
1475 1842 1667 1883 graviorem

963 1901 1053 1932 esse,
1066 1892 1157 1934 quod
1174 1897 1253 1934 post
1276 1897 1437 1934 parentes
1464 1897 1502 1924 et
1517 1892 1666 1934 pupillos

961 1942 1042 1974 fidei
1052 1944 1239 1985 tutelaeque
1247 1948 1374 1974 nostrae
1383 1942 1547 1983 creditos,
1556 1943 1670 1983 proxi-

962 2002 1054 2025 mum
1081 1994 1262 2025 obtineant
1288 1994 1400 2025 locum
1425 1993 1584 2034 clientes,
1609 1994 1667 2036 qui

952 2049 1037 2074 'sese
1053 2043 1184 2084 pariter
1199 2044 1232 2075 in
1247 2042 1351 2075 fidem
1370 2043 1667 2086 patrociniumque

963 2097 1118 2124 nostrum
1141 2093 1335 2132 dederunt;
1369 2099 1406 2125 ut
1433 2095 1556 2126 asserit
1583 2094 1668 2127 Get-

962 2144 1026 2175 lius
1044 2153 1079 2175 ν.
1094 2146 1147 2175 13.
1169 2148 1207 2175 et
1228 2143 1300 2174 Lex
1316 2151 1384 2174 xn.
1398 2143 1484 2174 Tab.
1500 2144 1574 2175 haec
1589 2148 1643 2175 est
1657 2155 1666 2175 :

961 2195 971 2211 ‘
986 2193 1023 2224 Si
1038 2193 1157 2225 clienti
1173 2197 1338 2234 patronus
1357 2192 1514 2225 fraudem
1529 2192 1666 2234 fecerit,

962 2253 1062 2274 sacer
1077 2243 1178 2275 esto!

1005 2295 1047 2324 24
1071 2293 1210 2324 Reveuis
1223 2294 1295 2333 agri
1307 2293 1470 2334 terminos]
1486 2293 1564 2325 Hoc
1580 2294 1663 2325 alte-

962 2352 1037 2374 rum
1047 2346 1098 2374 est
1111 2343 1248 2383 peccati
1261 2353 1367 2383 genus
1378 2344 1581 2383 sacrilegum
1593 2343 1666 2384 qui-

963 2392 1054 2434 dem,
1078 2401 1122 2423 ex
1146 2392 1213 2423 ista
1237 2392 1360 2423 Numae
1382 2393 1543 2433 Pompilii
1562 2393 1666 2434 Lege,

963 2451 1040 2484 qnae
1057 2441 1217 2483 jubebat,
1238 2446 1276 2473 ut
1303 2442 1360 2483 qui
1382 2442 1563 2474 terminum
1588 2452 1662 2474 exa—

964 2496 1089 2532 maaet,
1114 2492 1188 2533 ipse
1211 2496 1247 2523 et
1272 2491 1376 2523 boves
1401 2493 1478 2524 Deo
1500 2493 1589 2524 sacri
1606 2492 1666 2525 fie-

964 2546 1053 2574 rent.
1090 2541 1221 2574 Eodem
1240 2541 1403 2582 pertinet,
1426 2541 1515 2583 quod
1537 2542 1667 2574 Termi-

963 2602 1044 2624 num
1073 2593 1187 2624 Deum
1217 2597 1460 2624 consecrarant
1489 2592 1666 2624 colebant-

964 2656 1030 2689 que
1051 2651 1200 2678 veteres.
1247 2645 1445 2677 Translator
1470 2644 1574 2677 etism
1596 2650 1666 2677 ter-

963 2697 1132 2729 minorum
1145 2695 1323 2726 damnatus
1339 2695 1433 2736 Lege
1448 2694 1576 2727 Divina
1590 2704 1667 2727 nos·

963 2746 1065 2779 citur.
1105 2746 1296 2777 Deuteron.
1312 2754 1390 2785 cap.
1404 2753 1488 2778 xm.
1503 2747 1557 2778 14.
1578 2744 1666 2777 Pro-

963 2797 1060 2831 verb.
1078 2805 1154 2839 cap.
1168 2804 1264 2829 xxn.
1278 2798 1332 2828 28.
1346 2797 1412 2828 &c-
