<?xml version="1.0" encoding="UTF-8"?>
<!DOCTYPE html PUBLIC "-//W3C//DTD XHTML 1.0 Transitional//EN"
    "http://www.w3.org/TR/xhtml1/DTD/xhtml1-transitional.dtd">
<html xmlns="http://www.w3.org/1999/xhtml" xml:lang="en" lang="en">
 <head>
  <title>
</title>
<meta http-equiv="Content-Type" content="text/html;charset=utf-8" />
  <meta name='ocr-system' content='tesseract 3.04.00' />
  <meta name='ocr-capabilities' content='ocr_page ocr_carea ocr_par ocr_line ocrx_word'/>
</head>
<body>
  <div class='ocr_page' id='page_1' title='image "./operazeune01horauoft_0218.png"; bbox 0 0 1916 3190; ppageno 0'>
   <div class='ocr_carea' id='block_1_1' title="bbox 297 215 1276 266">
    <p class='ocr_par' dir='ltr' id='par_1_1' title="bbox 297 215 1276 266">
     <span class='ocr_line' id='line_1_1' title="bbox 297 215 1276 266; baseline 0.001 -9"><span class='ocrx_word' id='word_1_1' title='bbox 297 215 384 258; x_wconf 79' lang='lat'><strong>210</strong></span> <span class='ocrx_word' id='word_1_2' title='bbox 775 228 821 266; x_wconf 84' lang='lat' dir='ltr'><strong>Q.</strong></span> <span class='ocrx_word' id='word_1_3' title='bbox 854 226 1068 258; x_wconf 65' lang='lat' dir='ltr'><strong>nosss&#39;ru</strong></span> <span class='ocrx_word' id='word_1_4' title='bbox 1102 227 1276 259; x_wconf 66' lang='lat' dir='ltr'><strong>ruscct</strong></span> 
     </span>
    </p>
   </div>
   <div class='ocr_carea' id='block_1_2' title="bbox 468 320 1758 576">
    <p class='ocr_par' dir='ltr' id='par_1_2' title="bbox 468 320 1328 375">
     <span class='ocr_line' id='line_1_2' title="bbox 468 320 1328 375; baseline 0 -11"><span class='ocrx_word' id='word_1_5' title='bbox 468 320 607 364; x_wconf 84' lang='lat' dir='ltr'><strong>Vivat</strong></span> <span class='ocrx_word' id='word_1_6' title='bbox 626 325 670 362; x_wconf 89' lang='lat' dir='ltr'><strong>et</strong></span> <span class='ocrx_word' id='word_1_7' title='bbox 690 321 861 375; x_wconf 85' lang='lat' dir='ltr'><strong>plures:</strong></span> <span class='ocrx_word' id='word_1_8' title='bbox 893 335 988 374; x_wconf 87' lang='lat' dir='ltr'>age,</span> <span class='ocrx_word' id='word_1_9' title='bbox 1011 322 1083 363; x_wconf 89' lang='lat' dir='ltr'><strong>dic</strong></span> <span class='ocrx_word' id='word_1_10' title='bbox 1104 323 1328 374; x_wconf 85' lang='lat' dir='ltr'><strong>Latinum,</strong></span> 
     </span>
    </p>

    <p class='ocr_par' dir='ltr' id='par_1_3' title="bbox 468 389 1758 576">
     <span class='ocr_line' id='line_1_3' title="bbox 812 389 1222 440; baseline 0.005 -11"><span class='ocrx_word' id='word_1_11' title='bbox 812 389 1008 439; x_wconf 87' lang='lat' dir='ltr'><strong>Barbite,</strong></span> <span class='ocrx_word' id='word_1_12' title='bbox 1031 402 1222 440; x_wconf 87' lang='lat' dir='ltr'><strong>carmen,</strong></span> 
     </span>
     <span class='ocr_line' id='line_1_4' title="bbox 468 456 1758 511; baseline 0.002 -13"><span class='ocrx_word' id='word_1_13' title='bbox 468 456 635 499; x_wconf 88' lang='lat' dir='ltr'><strong>Lesbio</strong></span> <span class='ocrx_word' id='word_1_14' title='bbox 657 457 844 511; x_wconf 91' lang='lat' dir='ltr'><strong>primum</strong></span> <span class='ocrx_word' id='word_1_15' title='bbox 866 456 1092 499; x_wconf 84' lang='lat' dir='ltr'><strong>modulate</strong></span> <span class='ocrx_word' id='word_1_16' title='bbox 1112 457 1226 509; x_wconf 85' lang='lat' dir='ltr'><strong>civi;</strong></span> <span class='ocrx_word' id='word_1_17' title='bbox 1728 459 1758 500; x_wconf 84' lang='lat'><strong>5</strong></span> 
     </span>
     <span class='ocr_line' id='line_1_5' title="bbox 468 522 1335 576; baseline 0.001 -11"><span class='ocrx_word' id='word_1_18' title='bbox 468 522 576 576; x_wconf 84' lang='lat' dir='ltr'><strong>Qui,</strong></span> <span class='ocrx_word' id='word_1_19' title='bbox 596 524 723 566; x_wconf 84' lang='lat' dir='ltr'><strong>ferox</strong></span> <span class='ocrx_word' id='word_1_20' title='bbox 741 524 878 574; x_wconf 87' lang='lat' dir='ltr'><strong>bello,</strong></span> <span class='ocrx_word' id='word_1_21' title='bbox 901 528 1047 566; x_wconf 83' lang='lat' dir='ltr'><strong>tamen</strong></span> <span class='ocrx_word' id='word_1_22' title='bbox 1066 524 1178 566; x_wconf 87' lang='lat' dir='ltr'><strong>inter</strong></span> <span class='ocrx_word' id='word_1_23' title='bbox 1198 537 1335 575; x_wconf 82' lang='lat' dir='ltr'><strong>arma,</strong></span> 
     </span>
    </p>
   </div>
   <div class='ocr_carea' id='block_1_3' title="bbox 295 640 1760 726">
    <p class='ocr_par' dir='ltr' id='par_1_4' title="bbox 295 640 1760 726">
     <span class='ocr_line' id='line_1_6' title="bbox 295 640 1760 683; baseline -0.001 -10"><span class='ocrx_word' id='word_1_24' title='bbox 295 651 422 678; x_wconf 76' lang='lat' dir='ltr'><strong>annum.</strong></span> <span class='ocrx_word' id='word_1_25' title='bbox 441 644 471 673; x_wconf 82' lang='lat' dir='ltr'><strong>et</strong></span> <span class='ocrx_word' id='word_1_26' title='bbox 486 642 520 673; x_wconf 78' lang='lat' dir='ltr'><strong>in</strong></span> <span class='ocrx_word' id='word_1_27' title='bbox 533 642 612 673; x_wconf 83' lang='lat' dir='ltr'><strong>alios</strong></span> <span class='ocrx_word' id='word_1_28' title='bbox 624 643 748 680; x_wconf 80' lang='lat' dir='ltr'><strong>multos,</strong></span> <span class='ocrx_word' id='word_1_29' title='bbox 762 642 837 673; x_wconf 78' lang='lat' dir='ltr'><strong>heus</strong></span> <span class='ocrx_word' id='word_1_30' title='bbox 858 642 958 673; x_wconf 80' lang='lat' dir='ltr'><strong>recita</strong></span> <span class='ocrx_word' id='word_1_31' title='bbox 977 642 1086 682; x_wconf 79' lang='lat' dir='ltr'><strong>po‘e‘ma</strong></span> <span class='ocrx_word' id='word_1_32' title='bbox 1107 642 1271 678; x_wconf 82' lang='lat' dir='ltr'><strong>Latinum,</strong></span> <span class='ocrx_word' id='word_1_33' title='bbox 1286 653 1304 673; x_wconf 86' lang='grc' dir='ltr'><strong><em>ο</em></strong></span> <span class='ocrx_word' id='word_1_34' title='bbox 1318 643 1454 682; x_wconf 77' lang='lat' dir='ltr'><strong>testudo,</strong></span> <span class='ocrx_word' id='word_1_35' title='bbox 1468 651 1537 683; x_wconf 77' lang='lat' dir='ltr'><strong>quoe</strong></span> <span class='ocrx_word' id='word_1_36' title='bbox 1550 640 1674 674; x_wconf 68' lang='lat' dir='ltr'><strong>Lesbia</strong></span> <span class='ocrx_word' id='word_1_37' title='bbox 1684 642 1760 683; x_wconf 79' lang='lat' dir='ltr'><strong>pri-.</strong></span> 
     </span>
     <span class='ocr_line' id='line_1_7' title="bbox 297 684 1754 726; baseline -0.001 -10"><span class='ocrx_word' id='word_1_38' title='bbox 297 694 381 717; x_wconf 77' lang='lat' dir='ltr'><strong>mum</strong></span> <span class='ocrx_word' id='word_1_39' title='bbox 393 684 457 716; x_wconf 80' lang='lat' dir='ltr'><strong>civi</strong></span> <span class='ocrx_word' id='word_1_40' title='bbox 471 685 606 716; x_wconf 78' lang='lat' dir='ltr'><strong>modulos</strong></span> <span class='ocrx_word' id='word_1_41' title='bbox 619 685 753 716; x_wconf 79' lang='lat' dir='ltr'><strong>dedisti.-</strong></span> <span class='ocrx_word' id='word_1_42' title='bbox 776 684 830 725; x_wconf 79' lang='lat' dir='ltr'><strong>qm·</strong></span> <span class='ocrx_word' id='word_1_43' title='bbox 843 684 958 716; x_wconf 79' lang='lat' dir='ltr'><strong>militia</strong></span> <span class='ocrx_word' id='word_1_44' title='bbox 974 685 1046 716; x_wconf 81' lang='lat' dir='ltr'><strong>licet</strong></span> <span class='ocrx_word' id='word_1_45' title='bbox 1060 684 1224 726; x_wconf 64' lang='lat' dir='ltr'><strong>efferatus,&gt;</strong></span> <span class='ocrx_word' id='word_1_46' title='bbox 1237 688 1341 717; x_wconf 83' lang='lat' dir='ltr'><strong>tamen</strong></span> <span class='ocrx_word' id='word_1_47' title='bbox 1356 695 1409 717; x_wconf 84' lang='lat' dir='ltr'><strong>seu</strong></span> <span class='ocrx_word' id='word_1_48' title='bbox 1425 685 1459 717; x_wconf 76' lang='lat' dir='ltr'><strong>in</strong></span> <span class='ocrx_word' id='word_1_49' title='bbox 1472 685 1560 725; x_wconf 80' lang='lat' dir='ltr'><strong>bello,</strong></span> <span class='ocrx_word' id='word_1_50' title='bbox 1575 694 1628 716; x_wconf 78' lang='lat' dir='ltr'><strong>seu</strong></span> <span class='ocrx_word' id='word_1_51' title='bbox 1643 693 1754 717; x_wconf 76' lang='lat' dir='ltr'><strong>navem</strong></span> 
     </span>
    </p>
   </div>
   <div class='ocr_carea' id='block_1_4' title="bbox 903 766 1149 780">
    <p class='ocr_par' dir='ltr' id='par_1_5' title="bbox 903 766 1149 780">
     <span class='ocr_line' id='line_1_8' title="bbox 903 766 1149 780; baseline -0.004 0"><span class='ocrx_word' id='word_1_52' title='bbox 903 766 1149 780; x_wconf 59' lang='lat' dir='ltr'><strong>“Nem-teet</strong></span> 
     </span>
    </p>
   </div>
   <div class='ocr_carea' id='block_1_5' title="bbox 295 821 1755 941">
    <p class='ocr_par' dir='ltr' id='par_1_6' title="bbox 295 821 1755 941">
     <span class='ocr_line' id='line_1_9' title="bbox 295 821 1755 865; baseline 0 -11"><span class='ocrx_word' id='word_1_53' title='bbox 295 822 485 863; x_wconf 79' lang='lat' dir='ltr'><strong>glossa.—-3</strong></span> <span class='ocrx_word' id='word_1_54' title='bbox 510 822 604 863; x_wconf 76' lang='lat' dir='ltr'><strong>Lips,</strong></span> <span class='ocrx_word' id='word_1_55' title='bbox 620 825 650 855; x_wconf 88' lang='lat'><strong>1.</strong></span> <span class='ocrx_word' id='word_1_56' title='bbox 666 823 787 864; x_wconf 85' lang='lat' dir='ltr'><strong>Durat,</strong></span> <span class='ocrx_word' id='word_1_57' title='bbox 800 827 829 854; x_wconf 82' lang='lat' dir='ltr'><strong>et</strong></span> <span class='ocrx_word' id='word_1_58' title='bbox 848 824 1024 864; x_wconf 55' lang='lat' dir='ltr'><strong>plurim—5</strong></span> <span class='ocrx_word' id='word_1_59' title='bbox 1048 823 1160 855; x_wconf 77' lang='lat' dir='ltr'><strong>Lesbio</strong></span> <span class='ocrx_word' id='word_1_60' title='bbox 1182 833 1214 865; x_wconf 83' lang='lat' dir='ltr'><strong>p.</strong></span> <span class='ocrx_word' id='word_1_61' title='bbox 1230 833 1271 855; x_wconf 89' lang='lat' dir='ltr'><strong>m.</strong></span> <span class='ocrx_word' id='word_1_62' title='bbox 1287 823 1352 855; x_wconf 76' lang='lat' dir='ltr'><strong>cive</strong></span> <span class='ocrx_word' id='word_1_63' title='bbox 1376 822 1469 864; x_wconf 82' lang='lat' dir='ltr'><strong>Lips.</strong></span> <span class='ocrx_word' id='word_1_64' title='bbox 1482 824 1582 854; x_wconf 81' lang='grc'><strong>4.-7</strong></span> <span class='ocrx_word' id='word_1_65' title='bbox 1605 821 1755 854; x_wconf 87' lang='lat' dir='ltr'><strong>Mentel.</strong></span> 
     </span>
     <span class='ocr_line' id='line_1_10' title="bbox 955 908 1097 941; baseline 0 -1"><span class='ocrx_word' id='word_1_66' title='bbox 955 908 1097 941; x_wconf 76' lang='lat' dir='ltr'><strong>NOTAE</strong></span> 
     </span>
    </p>
   </div>
   <div class='ocr_carea' id='block_1_6' title="bbox 293 969 1000 2806">
    <p class='ocr_par' dir='ltr' id='par_1_7' title="bbox 294 969 1000 1354">
     <span class='ocr_line' id='line_1_11' title="bbox 295 969 1000 1003; baseline 0.001 -1"><span class='ocrx_word' id='word_1_67' title='bbox 295 969 401 1003; x_wconf 84' lang='lat' dir='ltr'><strong>fortia</strong></span> <span class='ocrx_word' id='word_1_68' title='bbox 418 970 564 1002; x_wconf 88' lang='lat' dir='ltr'><strong>virorum</strong></span> <span class='ocrx_word' id='word_1_69' title='bbox 583 970 763 1002; x_wconf 81' lang='lat' dir='ltr'>illustrium</span> <span class='ocrx_word' id='word_1_70' title='bbox 782 970 876 1003; x_wconf 85' lang='lat' dir='ltr'><strong>facta</strong></span> <span class='ocrx_word' id='word_1_71' title='bbox 891 972 1000 1003; x_wconf 86' lang='lat' dir='ltr'><strong>heroi-</strong></span> 
     </span>
     <span class='ocr_line' id='line_1_12' title="bbox 296 1019 1000 1060; baseline 0 -8"><span class='ocrx_word' id='word_1_72' title='bbox 296 1022 345 1052; x_wconf 97' lang='lat' dir='ltr'><strong>cis</strong></span> <span class='ocrx_word' id='word_1_73' title='bbox 362 1019 552 1060; x_wconf 84' lang='lat' dir='ltr'><strong>composita</strong></span> <span class='ocrx_word' id='word_1_74' title='bbox 567 1019 719 1051; x_wconf 85' lang='lat' dir='ltr'><strong>versibus</strong></span> <span class='ocrx_word' id='word_1_75' title='bbox 744 1030 822 1052; x_wconf 91' lang='lat' dir='ltr'><strong>cum</strong></span> <span class='ocrx_word' id='word_1_76' title='bbox 843 1020 1000 1052; x_wconf 86' lang='lat' dir='ltr'><strong>dulcibus</strong></span> 
     </span>
     <span class='ocr_line' id='line_1_13' title="bbox 294 1070 999 1112; baseline 0.001 -10"><span class='ocrx_word' id='word_1_77' title='bbox 294 1072 379 1112; x_wconf 85' lang='lat' dir='ltr'><strong>lyrae</strong></span> <span class='ocrx_word' id='word_1_78' title='bbox 404 1071 551 1102; x_wconf 84' lang='lat' dir='ltr'><strong>modulis</strong></span> <span class='ocrx_word' id='word_1_79' title='bbox 581 1070 819 1103; x_wconf 84' lang='lat' dir='ltr'><strong>cantitarunt.&#39;</strong></span> <span class='ocrx_word' id='word_1_80' title='bbox 874 1071 999 1103; x_wconf 86' lang='lat' dir='ltr'><strong>Tibull.</strong></span> 
     </span>
     <span class='ocr_line' id='line_1_14' title="bbox 294 1120 1000 1162; baseline 0 -9"><span class='ocrx_word' id='word_1_81' title='bbox 294 1131 354 1154; x_wconf 80' lang='grc' dir='ltr'><strong>ιιι.</strong></span> <span class='ocrx_word' id='word_1_82' title='bbox 381 1124 415 1153; x_wconf 84' lang='grc'><strong>4.</strong></span> <span class='ocrx_word' id='word_1_83' title='bbox 441 1124 496 1154; x_wconf 82' lang='lat'><strong>39.</strong></span> <span class='ocrx_word' id='word_1_84' title='bbox 526 1122 535 1138; x_wconf 91' lang='lat'>‘</span> <span class='ocrx_word' id='word_1_85' title='bbox 555 1120 656 1153; x_wconf 91' lang='lat' dir='ltr'><strong>Hanc</strong></span> <span class='ocrx_word' id='word_1_86' title='bbox 684 1121 829 1162; x_wconf 85' lang='lat' dir='ltr'><strong>primum</strong></span> <span class='ocrx_word' id='word_1_87' title='bbox 860 1121 1000 1154; x_wconf 87' lang='lat' dir='ltr'><strong>veniens</strong></span> 
     </span>
     <span class='ocr_line' id='line_1_15' title="bbox 296 1170 1000 1213; baseline -0.001 -10"><span class='ocrx_word' id='word_1_88' title='bbox 296 1172 430 1213; x_wconf 90' lang='lat' dir='ltr'><strong>plectro</strong></span> <span class='ocrx_word' id='word_1_89' title='bbox 465 1170 660 1203; x_wconf 86' lang='lat' dir='ltr'><strong>modulatus</strong></span> <span class='ocrx_word' id='word_1_90' title='bbox 691 1171 835 1211; x_wconf 88' lang='lat' dir='ltr'><strong>eburno,</strong></span> <span class='ocrx_word' id='word_1_91' title='bbox 867 1171 1000 1203; x_wconf 82' lang='lat' dir='ltr'><strong>Felices</strong></span> 
     </span>
     <span class='ocr_line' id='line_1_16' title="bbox 296 1221 1000 1262; baseline -0.003 -8"><span class='ocrx_word' id='word_1_92' title='bbox 296 1226 419 1254; x_wconf 84' lang='lat' dir='ltr'><strong>cantus</strong></span> <span class='ocrx_word' id='word_1_93' title='bbox 434 1231 495 1254; x_wconf 85' lang='lat' dir='ltr'><strong>ore</strong></span> <span class='ocrx_word' id='word_1_94' title='bbox 510 1226 652 1254; x_wconf 87' lang='lat' dir='ltr'><strong>sonante</strong></span> <span class='ocrx_word' id='word_1_95' title='bbox 673 1221 780 1254; x_wconf 85' lang='lat' dir='ltr'><strong>dedit.</strong></span> <span class='ocrx_word' id='word_1_96' title='bbox 823 1221 892 1254; x_wconf 89' lang='lat' dir='ltr'><strong>Sed</strong></span> <span class='ocrx_word' id='word_1_97' title='bbox 909 1225 1000 1262; x_wconf 84' lang='lat' dir='ltr'><strong>post-</strong></span> 
     </span>
     <span class='ocr_line' id='line_1_17' title="bbox 296 1271 1000 1314; baseline -0.001 -10"><span class='ocrx_word' id='word_1_98' title='bbox 296 1282 398 1314; x_wconf 88' lang='lat' dir='ltr'><strong>quam</strong></span> <span class='ocrx_word' id='word_1_99' title='bbox 423 1272 523 1314; x_wconf 82' lang='lat' dir='ltr'><strong>digiti</strong></span> <span class='ocrx_word' id='word_1_100' title='bbox 537 1271 673 1304; x_wconf 84' lang='lat' dir='ltr'><strong>fuerant</strong></span> <span class='ocrx_word' id='word_1_101' title='bbox 688 1282 765 1304; x_wconf 90' lang='lat' dir='ltr'><strong>cum</strong></span> <span class='ocrx_word' id='word_1_102' title='bbox 781 1282 865 1304; x_wconf 91' lang='lat' dir='ltr'><strong>voce</strong></span> <span class='ocrx_word' id='word_1_103' title='bbox 880 1272 1000 1312; x_wconf 85' lang='lat' dir='ltr'><strong>locuti,</strong></span> 
     </span>
     <span class='ocr_line' id='line_1_18' title="bbox 295 1321 1000 1354; baseline 0 -1"><span class='ocrx_word' id='word_1_104' title='bbox 295 1321 417 1354; x_wconf 87' lang='lat' dir='ltr'><strong>Edidit</strong></span> <span class='ocrx_word' id='word_1_105' title='bbox 433 1322 507 1353; x_wconf 85' lang='lat' dir='ltr'><strong>haec</strong></span> <span class='ocrx_word' id='word_1_106' title='bbox 521 1322 611 1353; x_wconf 88' lang='lat' dir='ltr'><strong>tristi</strong></span> <span class='ocrx_word' id='word_1_107' title='bbox 624 1321 739 1353; x_wconf 84' lang='lat' dir='ltr'><strong>dulcia</strong></span> <span class='ocrx_word' id='word_1_108' title='bbox 753 1321 861 1353; x_wconf 90' lang='lat' dir='ltr'><strong>verba</strong></span> <span class='ocrx_word' id='word_1_109' title='bbox 877 1321 1000 1353; x_wconf 70' lang='lat' dir='ltr'><strong>modo!</strong></span> 
     </span>
    </p>

    <p class='ocr_par' dir='ltr' id='par_1_8' title="bbox 295 1371 996 1604">
     <span class='ocr_line' id='line_1_19' title="bbox 341 1371 996 1412; baseline -0.002 -9"><span class='ocrx_word' id='word_1_110' title='bbox 341 1372 433 1408; x_wconf 79' lang='lat' dir='ltr'><strong>Quod</strong></span> <span class='ocrx_word' id='word_1_111' title='bbox 445 1375 476 1403; x_wconf 80' lang='lat' dir='ltr'><strong>et</strong></span> <span class='ocrx_word' id='word_1_112' title='bbox 491 1372 572 1403; x_wconf 78' lang='lat' dir='ltr'><strong>hunc</strong></span> <span class='ocrx_word' id='word_1_113' title='bbox 586 1372 620 1403; x_wconf 82' lang='lat' dir='ltr'><strong>in</strong></span> <span class='ocrx_word' id='word_1_114' title='bbox 635 1381 750 1403; x_wconf 82' lang='lat' dir='ltr'><strong>annum</strong></span> <span class='ocrx_word' id='word_1_115' title='bbox 767 1371 863 1403; x_wconf 79' lang='lat' dir='ltr'><strong>Vivat</strong></span> <span class='ocrx_word' id='word_1_116' title='bbox 877 1374 909 1402; x_wconf 84' lang='lat' dir='ltr'><strong>et</strong></span> <span class='ocrx_word' id='word_1_117' title='bbox 926 1372 996 1412; x_wconf 81' lang='lat' dir='ltr'><strong>plu-</strong></span> 
     </span>
     <span class='ocr_line' id='line_1_20' title="bbox 295 1421 996 1462; baseline -0.001 -9"><span class='ocrx_word' id='word_1_118' title='bbox 295 1421 360 1462; x_wconf 78' lang='lat' dir='ltr'><strong>res]</strong></span> <span class='ocrx_word' id='word_1_119' title='bbox 386 1421 465 1453; x_wconf 89' lang='lat' dir='ltr'><strong>Non</strong></span> <span class='ocrx_word' id='word_1_120' title='bbox 485 1421 496 1439; x_wconf 92' lang='lat'>‘</span> <span class='ocrx_word' id='word_1_121' title='bbox 512 1421 688 1453; x_wconf 80' lang='lat' dir='ltr'><strong>scombros</strong></span> <span class='ocrx_word' id='word_1_122' title='bbox 711 1421 901 1452; x_wconf 88' lang='lat' dir='ltr'><strong>metuentia</strong></span> <span class='ocrx_word' id='word_1_123' title='bbox 923 1431 996 1452; x_wconf 87' lang='lat' dir='ltr'><strong>car·</strong></span> 
     </span>
     <span class='ocr_line' id='line_1_21' title="bbox 295 1470 996 1512; baseline 0.001 -11"><span class='ocrx_word' id='word_1_124' title='bbox 295 1470 399 1510; x_wconf 86' lang='lat' dir='ltr'><strong>mina,</strong></span> <span class='ocrx_word' id='word_1_125' title='bbox 413 1479 476 1502; x_wconf 89' lang='lat' dir='ltr'><strong>nec</strong></span> <span class='ocrx_word' id='word_1_126' title='bbox 500 1471 576 1502; x_wconf 88' lang='lat' dir='ltr'><strong>thus</strong></span> <span class='ocrx_word' id='word_1_127' title='bbox 586 1470 609 1510; x_wconf 84' lang='lat'><strong>3’</strong></span> <span class='ocrx_word' id='word_1_128' title='bbox 632 1470 693 1503; x_wconf 83' lang='lat' dir='ltr'><strong>sed</strong></span> <span class='ocrx_word' id='word_1_129' title='bbox 715 1473 724 1489; x_wconf 90' lang='lat'>‘</span> <span class='ocrx_word' id='word_1_130' title='bbox 742 1471 847 1512; x_wconf 85' lang='lat' dir='ltr'><strong>digna</strong></span> <span class='ocrx_word' id='word_1_131' title='bbox 869 1470 996 1511; x_wconf 87' lang='lat' dir='ltr'><strong>cedro,&#39;</strong></span> 
     </span>
     <span class='ocr_line' id='line_1_22' title="bbox 295 1519 996 1560; baseline 0 -9"><span class='ocrx_word' id='word_1_132' title='bbox 295 1519 330 1551; x_wconf 88' lang='lat' dir='ltr'><strong>id</strong></span> <span class='ocrx_word' id='word_1_133' title='bbox 346 1524 411 1560; x_wconf 86' lang='lat' dir='ltr'><strong>est,</strong></span> <span class='ocrx_word' id='word_1_134' title='bbox 427 1520 611 1552; x_wconf 80' lang='lat' dir='ltr'><strong>immortali</strong></span> <span class='ocrx_word' id='word_1_135' title='bbox 631 1521 805 1552; x_wconf 90' lang='lat' dir='ltr'><strong>hominum</strong></span> <span class='ocrx_word' id='word_1_136' title='bbox 821 1520 996 1552; x_wconf 88' lang='lat' dir='ltr'><strong>memoria.</strong></span> 
     </span>
     <span class='ocr_line' id='line_1_23' title="bbox 295 1570 595 1604; baseline 0.003 -2"><span class='ocrx_word' id='word_1_137' title='bbox 295 1570 395 1602; x_wconf 85' lang='lat' dir='ltr'><strong>Pers.</strong></span> <span class='ocrx_word' id='word_1_138' title='bbox 409 1570 484 1603; x_wconf 89' lang='lat' dir='ltr'><strong>Sat.</strong></span> <span class='ocrx_word' id='word_1_139' title='bbox 499 1580 526 1603; x_wconf 84' lang='lat'><strong>1.</strong></span> <span class='ocrx_word' id='word_1_140' title='bbox 541 1574 595 1604; x_wconf 77' lang='lat'><strong>43.</strong></span> 
     </span>
    </p>

    <p class='ocr_par' dir='ltr' id='par_1_9' title="bbox 294 1620 999 1762">
     <span class='ocr_line' id='line_1_24' title="bbox 339 1620 997 1664; baseline -0.002 -12"><span class='ocrx_word' id='word_1_141' title='bbox 339 1623 359 1652; x_wconf 75' lang='lat'><em>8</em></span> <span class='ocrx_word' id='word_1_142' title='bbox 375 1621 439 1653; x_wconf 84' lang='lat' dir='ltr'><strong>Dic</strong></span> <span class='ocrx_word' id='word_1_143' title='bbox 449 1621 613 1664; x_wconf 80' lang='lat' dir='ltr'><strong>Latinum,</strong></span> <span class='ocrx_word' id='word_1_144' title='bbox 626 1622 774 1664; x_wconf 79' lang='lat' dir='ltr'><strong>Barbite‚</strong></span> <span class='ocrx_word' id='word_1_145' title='bbox 785 1620 922 1661; x_wconf 79' lang='lat' dir='ltr'><strong>carmen]</strong></span> <span class='ocrx_word' id='word_1_146' title='bbox 935 1621 997 1652; x_wconf 89' lang='lat' dir='ltr'><strong>La-</strong></span> 
     </span>
     <span class='ocr_line' id='line_1_25' title="bbox 295 1669 999 1713; baseline 0 -11"><span class='ocrx_word' id='word_1_147' title='bbox 295 1669 360 1702; x_wconf 88' lang='lat' dir='ltr'><strong>tini</strong></span> <span class='ocrx_word' id='word_1_148' title='bbox 383 1671 543 1703; x_wconf 88' lang='lat' dir='ltr'><strong>carminis</strong></span> <span class='ocrx_word' id='word_1_149' title='bbox 569 1672 683 1713; x_wconf 85' lang='lat' dir='ltr'><strong>Lyrici</strong></span> <span class='ocrx_word' id='word_1_150' title='bbox 707 1676 825 1704; x_wconf 81' lang='lat' dir='ltr'>auctor</span> <span class='ocrx_word' id='word_1_151' title='bbox 847 1681 887 1703; x_wconf 89' lang='lat' dir='ltr'><strong>ac</strong></span> <span class='ocrx_word' id='word_1_152' title='bbox 907 1670 999 1712; x_wconf 89' lang='lat' dir='ltr'><strong>prin-</strong></span> 
     </span>
     <span class='ocr_line' id='line_1_26' title="bbox 294 1720 971 1762; baseline -0.001 -10"><span class='ocrx_word' id='word_1_153' title='bbox 294 1730 377 1762; x_wconf 89' lang='lat' dir='ltr'><strong>ceps</strong></span> <span class='ocrx_word' id='word_1_154' title='bbox 392 1720 568 1761; x_wconf 79' lang='lat' dir='ltr'><strong>Horatius,</strong></span> <span class='ocrx_word' id='word_1_155' title='bbox 584 1721 674 1753; x_wconf 86' lang='lat' dir='ltr'><strong>sicut</strong></span> <span class='ocrx_word' id='word_1_156' title='bbox 690 1720 827 1753; x_wconf 81' lang='lat' dir='ltr'><strong>Alcaeus</strong></span> <span class='ocrx_word' id='word_1_157' title='bbox 843 1721 971 1754; x_wconf 87' lang='lat' dir='ltr'><strong>Graeci.</strong></span> 
     </span>
    </p>

    <p class='ocr_par' dir='ltr' id='par_1_10' title="bbox 294 1769 999 1952">
     <span class='ocr_line' id='line_1_27' title="bbox 337 1769 997 1812; baseline -0.003 -9"><span class='ocrx_word' id='word_1_158' title='bbox 337 1774 359 1803; x_wconf 77' lang='lat'><em>4</em></span> <span class='ocrx_word' id='word_1_159' title='bbox 381 1770 534 1811; x_wconf 79' lang='lat' dir='ltr'><strong>Barbite]</strong></span> <span class='ocrx_word' id='word_1_160' title='bbox 565 1769 718 1812; x_wconf 74' lang='grc' dir='ltr'><strong><em>Βάρβιτος</em></strong></span> <span class='ocrx_word' id='word_1_161' title='bbox 749 1771 915 1805; x_wconf 82' lang='lat' dir='ltr'><strong>musicum</strong></span> <span class='ocrx_word' id='word_1_162' title='bbox 946 1770 997 1801; x_wconf 90' lang='lat' dir='ltr'><strong>in-</strong></span> 
     </span>
     <span class='ocr_line' id='line_1_28' title="bbox 294 1820 996 1862; baseline 0 -11"><span class='ocrx_word' id='word_1_163' title='bbox 294 1824 520 1853; x_wconf 76' lang='lat' dir='ltr'><strong>strumentum</strong></span> <span class='ocrx_word' id='word_1_164' title='bbox 537 1820 689 1862; x_wconf 89' lang='lat' dir='ltr'><strong>pluribus</strong></span> <span class='ocrx_word' id='word_1_165' title='bbox 713 1821 884 1852; x_wconf 83' lang='lat' dir='ltr'><strong>intentum</strong></span> <span class='ocrx_word' id='word_1_166' title='bbox 902 1821 996 1852; x_wconf 87' lang='lat' dir='ltr'><strong>chor-</strong></span> 
     </span>
     <span class='ocr_line' id='line_1_29' title="bbox 295 1869 999 1912; baseline 0.001 -12"><span class='ocrx_word' id='word_1_167' title='bbox 295 1869 366 1909; x_wconf 85' lang='lat' dir='ltr'><strong>dis3</strong></span> <span class='ocrx_word' id='word_1_168' title='bbox 383 1871 474 1902; x_wconf 91' lang='lat' dir='ltr'><strong>unde</strong></span> <span class='ocrx_word' id='word_1_169' title='bbox 489 1871 633 1903; x_wconf 90' lang='lat' dir='ltr'><strong>Theocr.</strong></span> <span class='ocrx_word' id='word_1_170' title='bbox 648 1870 857 1912; x_wconf 81' lang='grc' dir='ltr'><strong><em>πολύχορδον.</em></strong></span> <span class='ocrx_word' id='word_1_171' title='bbox 889 1871 999 1911; x_wconf 84' lang='lat' dir='ltr'><strong>Supra</strong></span> 
     </span>
     <span class='ocr_line' id='line_1_30' title="bbox 297 1918 828 1952; baseline 0 -2"><span class='ocrx_word' id='word_1_172' title='bbox 297 1918 366 1950; x_wconf 89' lang='lat' dir='ltr'><strong>Od.</strong></span> <span class='ocrx_word' id='word_1_173' title='bbox 382 1929 409 1950; x_wconf 86' lang='lat'><strong>1.</strong></span> <span class='ocrx_word' id='word_1_174' title='bbox 432 1920 442 1936; x_wconf 87' lang='lat'>‘</span> <span class='ocrx_word' id='word_1_175' title='bbox 460 1920 629 1951; x_wconf 83' lang='lat' dir='ltr'><strong>Lesboum</strong></span> <span class='ocrx_word' id='word_1_176' title='bbox 646 1920 828 1952; x_wconf 88' lang='lat' dir='ltr'><strong>barbiton.&#39;</strong></span> 
     </span>
    </p>

    <p class='ocr_par' dir='ltr' id='par_1_11' title="bbox 293 1968 997 2158">
     <span class='ocr_line' id='line_1_31' title="bbox 337 1968 997 2009; baseline 0.005 -11"><span class='ocrx_word' id='word_1_177' title='bbox 337 1971 356 1998; x_wconf 84' lang='lat'>5</span> <span class='ocrx_word' id='word_1_178' title='bbox 381 1968 493 1999; x_wconf 81' lang='lat' dir='ltr'><strong>Lesbio</strong></span> <span class='ocrx_word' id='word_1_179' title='bbox 507 1969 641 2009; x_wconf 78' lang='lat' dir='ltr'><strong>primum</strong></span> <span class='ocrx_word' id='word_1_180' title='bbox 657 1970 811 2001; x_wconf 73' lang='lat' dir='ltr'><strong>modulate</strong></span> <span class='ocrx_word' id='word_1_181' title='bbox 831 1969 909 2009; x_wconf 80' lang='lat' dir='ltr'><strong>civi]</strong></span> <span class='ocrx_word' id='word_1_182' title='bbox 934 1970 997 2001; x_wconf 92' lang='lat' dir='ltr'><strong>Ce-</strong></span> 
     </span>
     <span class='ocr_line' id='line_1_32' title="bbox 293 2016 997 2058; baseline 0.001 -10"><span class='ocrx_word' id='word_1_183' title='bbox 293 2016 425 2048; x_wconf 84' lang='lat' dir='ltr'><strong>lebrate</strong></span> <span class='ocrx_word' id='word_1_184' title='bbox 441 2017 596 2058; x_wconf 83' lang='lat' dir='ltr'><strong>inprimis</strong></span> <span class='ocrx_word' id='word_1_185' title='bbox 613 2017 654 2048; x_wconf 83' lang='lat' dir='ltr'><strong>ab</strong></span> <span class='ocrx_word' id='word_1_186' title='bbox 667 2017 797 2057; x_wconf 67' lang='lat' dir='ltr'><strong>Alcaeo,</strong></span> <span class='ocrx_word' id='word_1_187' title='bbox 811 2018 900 2049; x_wconf 93' lang='lat' dir='ltr'><strong>duce</strong></span> <span class='ocrx_word' id='word_1_188' title='bbox 917 2018 997 2058; x_wconf 80' lang='lat' dir='ltr'><strong>poe&#39;-</strong></span> 
     </span>
     <span class='ocr_line' id='line_1_33' title="bbox 296 2066 996 2108; baseline -0.001 -9"><span class='ocrx_word' id='word_1_189' title='bbox 296 2072 400 2108; x_wconf 85' lang='lat' dir='ltr'><strong>taque</strong></span> <span class='ocrx_word' id='word_1_190' title='bbox 417 2067 555 2107; x_wconf 88' lang='lat' dir='ltr'><strong>eximio,</strong></span> <span class='ocrx_word' id='word_1_191' title='bbox 583 2067 763 2108; x_wconf 81' lang='lat' dir='ltr'><strong>Mitylenis</strong></span> <span class='ocrx_word' id='word_1_192' title='bbox 785 2066 945 2107; x_wconf 86' lang='lat' dir='ltr'><strong>oriundo,</strong></span> <span class='ocrx_word' id='word_1_193' title='bbox 962 2066 996 2098; x_wconf 91' lang='lat' dir='ltr'><strong>in</strong></span> 
     </span>
     <span class='ocr_line' id='line_1_34' title="bbox 294 2117 792 2158; baseline -0.006 -8"><span class='ocrx_word' id='word_1_194' title='bbox 294 2118 408 2150; x_wconf 82' lang='lat' dir='ltr'><strong>Lesbo</strong></span> <span class='ocrx_word' id='word_1_195' title='bbox 423 2117 543 2158; x_wconf 86' lang='lat' dir='ltr'><strong>insula,</strong></span> <span class='ocrx_word' id='word_1_196' title='bbox 558 2117 601 2148; x_wconf 87' lang='lat' dir='ltr'><strong>de</strong></span> <span class='ocrx_word' id='word_1_197' title='bbox 617 2126 684 2158; x_wconf 87' lang='lat' dir='ltr'><strong>qua</strong></span> <span class='ocrx_word' id='word_1_198' title='bbox 700 2121 792 2148; x_wconf 88' lang='lat' dir='ltr'><strong>ante.</strong></span> 
     </span>
    </p>

    <p class='ocr_par' dir='ltr' id='par_1_12' title="bbox 295 2166 998 2806">
     <span class='ocr_line' id='line_1_35' title="bbox 338 2166 995 2208; baseline -0.002 -9"><span class='ocrx_word' id='word_1_199' title='bbox 338 2167 517 2208; x_wconf 80' lang='lat' dir='ltr'><strong>Modulate]</strong></span> <span class='ocrx_word' id='word_1_200' title='bbox 539 2167 581 2199; x_wconf 86' lang='lat' dir='ltr'><strong>In</strong></span> <span class='ocrx_word' id='word_1_201' title='bbox 601 2166 744 2198; x_wconf 88' lang='lat' dir='ltr'><strong>modulis</strong></span> <span class='ocrx_word' id='word_1_202' title='bbox 769 2166 945 2207; x_wconf 88' lang='lat' dir='ltr'><strong>obsecute,</strong></span> <span class='ocrx_word' id='word_1_203' title='bbox 961 2166 995 2198; x_wconf 93' lang='lat' dir='ltr'><strong>id</strong></span> 
     </span>
     <span class='ocr_line' id='line_1_36' title="bbox 296 2211 996 2260; baseline -0.006 -10"><span class='ocrx_word' id='word_1_204' title='bbox 296 2211 363 2258; x_wconf 79' lang='lat' dir='ltr'><strong>est,</strong></span> <span class='ocrx_word' id='word_1_205' title='bbox 383 2219 441 2260; x_wconf 91' lang='lat' dir='ltr'><strong>qui</strong></span> <span class='ocrx_word' id='word_1_206' title='bbox 466 2217 660 2249; x_wconf 85' lang='lat' dir='ltr'><strong>modulatus</strong></span> <span class='ocrx_word' id='word_1_207' title='bbox 685 2225 734 2256; x_wconf 81' lang='lat' dir='ltr'><strong>es,</strong></span> <span class='ocrx_word' id='word_1_208' title='bbox 749 2216 902 2247; x_wconf 86' lang='lat' dir='ltr'><strong>modulos</strong></span> <span class='ocrx_word' id='word_1_209' title='bbox 919 2216 996 2247; x_wconf 91' lang='lat' dir='ltr'><strong>red-</strong></span> 
     </span>
     <span class='ocr_line' id='line_1_37' title="bbox 295 2265 998 2305; baseline -0.003 -6"><span class='ocrx_word' id='word_1_210' title='bbox 295 2267 426 2305; x_wconf 86' lang='lat' dir='ltr'><strong>didisti,</strong></span> <span class='ocrx_word' id='word_1_211' title='bbox 458 2267 500 2299; x_wconf 86' lang='lat' dir='ltr'><strong>ad</strong></span> <span class='ocrx_word' id='word_1_212' title='bbox 531 2266 641 2298; x_wconf 85' lang='lat' dir='ltr'><strong>Alcaei</strong></span> <span class='ocrx_word' id='word_1_213' title='bbox 680 2266 868 2298; x_wconf 79' lang='lat' dir='ltr'><strong>arbitrium.</strong></span> <span class='ocrx_word' id='word_1_214' title='bbox 929 2265 998 2297; x_wconf 87' lang='lat' dir='ltr'><strong>Alii</strong></span> 
     </span>
     <span class='ocr_line' id='line_1_38' title="bbox 295 2316 996 2359; baseline -0.003 -10"><span class='ocrx_word' id='word_1_215' title='bbox 295 2317 466 2359; x_wconf 78' lang='lat' dir='ltr'><strong>passivam</strong></span> <span class='ocrx_word' id='word_1_216' title='bbox 489 2316 544 2348; x_wconf 86' lang='lat' dir='ltr'><strong>hic</strong></span> <span class='ocrx_word' id='word_1_217' title='bbox 559 2316 840 2357; x_wconf 78' lang='lat' dir='ltr'><strong>significationem</strong></span> <span class='ocrx_word' id='word_1_218' title='bbox 856 2319 996 2355; x_wconf 90' lang='lat' dir='ltr'><strong>notant;</strong></span> 
     </span>
     <span class='ocr_line' id='line_1_39' title="bbox 296 2365 998 2400; baseline -0.003 -1"><span class='ocrx_word' id='word_1_219' title='bbox 296 2367 384 2400; x_wconf 85' lang='lat' dir='ltr'><strong>sicut</strong></span> <span class='ocrx_word' id='word_1_220' title='bbox 399 2367 433 2398; x_wconf 92' lang='lat' dir='ltr'><strong>in</strong></span> <span class='ocrx_word' id='word_1_221' title='bbox 449 2365 536 2398; x_wconf 87' lang='lat' dir='ltr'><strong>Arte</strong></span> <span class='ocrx_word' id='word_1_222' title='bbox 551 2365 655 2398; x_wconf 68' lang='lat' dir='ltr'><strong>Poet.</strong></span> <span class='ocrx_word' id='word_1_223' title='bbox 680 2376 729 2397; x_wconf 86' lang='lat' dir='ltr'><strong>vs.</strong></span> <span class='ocrx_word' id='word_1_224' title='bbox 749 2369 826 2398; x_wconf 78' lang='lat'><strong>263.</strong></span> <span class='ocrx_word' id='word_1_225' title='bbox 848 2365 859 2384; x_wconf 89' lang='lat'>‘</span> <span class='ocrx_word' id='word_1_226' title='bbox 875 2365 998 2397; x_wconf 90' lang='lat' dir='ltr'><strong>Immo·</strong></span> 
     </span>
     <span class='ocr_line' id='line_1_40' title="bbox 297 2416 998 2458; baseline -0.003 -9"><span class='ocrx_word' id='word_1_227' title='bbox 297 2418 414 2450; x_wconf 88' lang='lat' dir='ltr'><strong>dulata</strong></span> <span class='ocrx_word' id='word_1_228' title='bbox 442 2416 626 2458; x_wconf 63' lang='lat' dir='ltr'><strong>poemata!</strong></span> <span class='ocrx_word' id='word_1_229' title='bbox 671 2416 772 2450; x_wconf 83' lang='lat' dir='ltr'><strong>Quod</strong></span> <span class='ocrx_word' id='word_1_230' title='bbox 801 2421 914 2448; x_wconf 88' lang='lat' dir='ltr'><strong>autem</strong></span> <span class='ocrx_word' id='word_1_231' title='bbox 950 2416 998 2447; x_wconf 90' lang='lat' dir='ltr'><strong>ait</strong></span> 
     </span>
     <span class='ocr_line' id='line_1_41' title="bbox 296 2465 996 2506; baseline -0.001 -8"><span class='ocrx_word' id='word_1_232' title='bbox 296 2467 474 2503; x_wconf 80' lang='lat' dir='ltr'><strong>Horatius,</strong></span> <span class='ocrx_word' id='word_1_233' title='bbox 501 2466 649 2506; x_wconf 79' lang='lat' dir='ltr'><strong>primum,</strong></span> <span class='ocrx_word' id='word_1_234' title='bbox 677 2465 814 2498; x_wconf 88' lang='lat' dir='ltr'><strong>videtur</strong></span> <span class='ocrx_word' id='word_1_235' title='bbox 844 2465 996 2497; x_wconf 82' lang='lat' dir='ltr'><strong>Alcaeum</strong></span> 
     </span>
     <span class='ocr_line' id='line_1_42' title="bbox 296 2515 998 2557; baseline -0.003 -9"><span class='ocrx_word' id='word_1_236' title='bbox 296 2516 415 2549; x_wconf 84' lang='lat' dir='ltr'><strong>facere</strong></span> <span class='ocrx_word' id='word_1_237' title='bbox 431 2516 557 2548; x_wconf 86' lang='lat' dir='ltr'><strong>barbiti</strong></span> <span class='ocrx_word' id='word_1_238' title='bbox 574 2515 799 2556; x_wconf 88' lang='lat' dir='ltr'><strong>inventorem,</strong></span> <span class='ocrx_word' id='word_1_239' title='bbox 819 2515 909 2557; x_wconf 91' lang='lat' dir='ltr'><strong>quod</strong></span> <span class='ocrx_word' id='word_1_240' title='bbox 924 2515 998 2557; x_wconf 87' lang='lat' dir='ltr'><strong>qui-</strong></span> 
     </span>
     <span class='ocr_line' id='line_1_43' title="bbox 297 2565 997 2607; baseline -0.001 -10"><span class='ocrx_word' id='word_1_241' title='bbox 297 2566 373 2597; x_wconf 87' lang='lat' dir='ltr'><strong>dem</strong></span> <span class='ocrx_word' id='word_1_242' title='bbox 398 2565 609 2597; x_wconf 79' lang='lat' dir='ltr'><strong>Anacreonti</strong></span> <span class='ocrx_word' id='word_1_243' title='bbox 635 2565 709 2607; x_wconf 90' lang='lat' dir='ltr'><strong>ipso</strong></span> <span class='ocrx_word' id='word_1_244' title='bbox 735 2565 916 2607; x_wconf 84' lang='lat' dir='ltr'><strong>posteriori</strong></span> <span class='ocrx_word' id='word_1_245' title='bbox 937 2565 997 2597; x_wconf 90' lang='lat' dir='ltr'><strong>tri-</strong></span> 
     </span>
     <span class='ocr_line' id='line_1_44' title="bbox 297 2614 995 2655; baseline -0.001 -8"><span class='ocrx_word' id='word_1_246' title='bbox 297 2615 415 2647; x_wconf 86' lang='lat' dir='ltr'><strong>buitur</strong></span> <span class='ocrx_word' id='word_1_247' title='bbox 441 2615 531 2655; x_wconf 84' lang='lat' dir='ltr'><strong>apud</strong></span> <span class='ocrx_word' id='word_1_248' title='bbox 563 2616 688 2647; x_wconf 84' lang='lat' dir='ltr'><strong>Athen.</strong></span> <span class='ocrx_word' id='word_1_249' title='bbox 703 2624 755 2647; x_wconf 80' lang='grc' dir='ltr'><strong>ιν.</strong></span> <span class='ocrx_word' id='word_1_250' title='bbox 770 2618 823 2647; x_wconf 80' lang='grc'><strong>23.</strong></span> <span class='ocrx_word' id='word_1_251' title='bbox 865 2614 995 2646; x_wconf 85' lang='lat' dir='ltr'><strong>Verum</strong></span> 
     </span>
     <span class='ocr_line' id='line_1_45' title="bbox 297 2664 996 2706; baseline 0.001 -11"><span class='ocrx_word' id='word_1_252' title='bbox 297 2664 380 2696; x_wconf 86' lang='lat' dir='ltr'><strong>ibid.</strong></span> <span class='ocrx_word' id='word_1_253' title='bbox 406 2674 483 2704; x_wconf 88' lang='lat' dir='ltr'><strong>cap.</strong></span> <span class='ocrx_word' id='word_1_254' title='bbox 499 2667 553 2697; x_wconf 79' lang='lat'><strong>25.</strong></span> <span class='ocrx_word' id='word_1_255' title='bbox 577 2665 775 2705; x_wconf 85' lang='lat' dir='ltr'><strong>Euphorion</strong></span> <span class='ocrx_word' id='word_1_256' title='bbox 792 2665 851 2706; x_wconf 89' lang='lat' dir='ltr'><strong>ait,</strong></span> <span class='ocrx_word' id='word_1_257' title='bbox 869 2664 996 2696; x_wconf 82' lang='lat' dir='ltr'><strong>barbiti</strong></span> 
     </span>
     <span class='ocr_line' id='line_1_46' title="bbox 297 2714 997 2756; baseline -0.001 -10"><span class='ocrx_word' id='word_1_258' title='bbox 297 2714 492 2746; x_wconf 86' lang='lat' dir='ltr'><strong>meminisse</strong></span> <span class='ocrx_word' id='word_1_259' title='bbox 508 2719 578 2745; x_wconf 88' lang='lat' dir='ltr'><strong>tum</strong></span> <span class='ocrx_word' id='word_1_260' title='bbox 605 2715 742 2756; x_wconf 83' lang='lat' dir='ltr'><strong>Sappho</strong></span> <span class='ocrx_word' id='word_1_261' title='bbox 758 2719 830 2746; x_wconf 90' lang='lat' dir='ltr'><strong>tum</strong></span> <span class='ocrx_word' id='word_1_262' title='bbox 848 2714 997 2746; x_wconf 87' lang='lat' dir='ltr'><strong>Anacre-</strong></span> 
     </span>
     <span class='ocr_line' id='line_1_47' title="bbox 298 2763 998 2806; baseline 0 -10"><span class='ocrx_word' id='word_1_263' title='bbox 298 2768 428 2805; x_wconf 88' lang='lat' dir='ltr'><strong>ontem,</strong></span> <span class='ocrx_word' id='word_1_264' title='bbox 453 2772 647 2806; x_wconf 86' lang='lat' dir='ltr'><strong>novumque</strong></span> <span class='ocrx_word' id='word_1_265' title='bbox 674 2773 741 2795; x_wconf 90' lang='lat' dir='ltr'><strong>non</strong></span> <span class='ocrx_word' id='word_1_266' title='bbox 771 2773 845 2796; x_wconf 87' lang='lat' dir='ltr'><strong>esse</strong></span> <span class='ocrx_word' id='word_1_267' title='bbox 874 2763 998 2796; x_wconf 82' lang='lat' dir='ltr'><strong>iustru-</strong></span> 
     </span>
    </p>
   </div>
   <div class='ocr_carea' id='block_1_7' title="bbox 1054 971 1757 1312">
    <p class='ocr_par' dir='ltr' id='par_1_13' title="bbox 1054 971 1757 1312">
     <span class='ocr_line' id='line_1_48' title="bbox 1054 971 1755 1014; baseline 0.001 -11"><span class='ocrx_word' id='word_1_268' title='bbox 1054 976 1220 1004; x_wconf 87' lang='lat' dir='ltr'><strong>mentum.</strong></span> <span class='ocrx_word' id='word_1_269' title='bbox 1258 971 1450 1004; x_wconf 85' lang='lat' dir='ltr'><strong>Dicendum</strong></span> <span class='ocrx_word' id='word_1_270' title='bbox 1465 971 1570 1012; x_wconf 82' lang='lat' dir='ltr'><strong>igitur</strong></span> <span class='ocrx_word' id='word_1_271' title='bbox 1585 971 1755 1014; x_wconf 79' lang='lat' dir='ltr'><strong>antiquius</strong></span> 
     </span>
     <span class='ocr_line' id='line_1_49' title="bbox 1055 1020 1754 1062; baseline 0.001 -10"><span class='ocrx_word' id='word_1_272' title='bbox 1055 1021 1164 1053; x_wconf 89' lang='lat' dir='ltr'><strong>videri</strong></span> <span class='ocrx_word' id='word_1_273' title='bbox 1180 1021 1256 1061; x_wconf 92' lang='lat' dir='ltr'><strong>ipso</strong></span> <span class='ocrx_word' id='word_1_274' title='bbox 1274 1021 1404 1062; x_wconf 83' lang='lat' dir='ltr'><strong>Alcaeo,</strong></span> <span class='ocrx_word' id='word_1_275' title='bbox 1418 1021 1478 1053; x_wconf 87' lang='lat' dir='ltr'><strong>sed</strong></span> <span class='ocrx_word' id='word_1_276' title='bbox 1494 1020 1540 1052; x_wconf 88' lang='lat' dir='ltr'><strong>ab</strong></span> <span class='ocrx_word' id='word_1_277' title='bbox 1554 1030 1596 1052; x_wconf 91' lang='lat' dir='ltr'><strong>eo</strong></span> <span class='ocrx_word' id='word_1_278' title='bbox 1610 1021 1754 1054; x_wconf 81' lang='lat' dir='ltr'><strong>modulis</strong></span> 
     </span>
     <span class='ocr_line' id='line_1_50' title="bbox 1054 1069 1754 1113; baseline 0 -11"><span class='ocrx_word' id='word_1_279' title='bbox 1054 1071 1148 1102; x_wconf 87' lang='lat' dir='ltr'><strong>novis</strong></span> <span class='ocrx_word' id='word_1_280' title='bbox 1161 1074 1296 1104; x_wconf 89' lang='lat' dir='ltr'><strong>auctum</strong></span> <span class='ocrx_word' id='word_1_281' title='bbox 1309 1080 1349 1103; x_wconf 82' lang='lat' dir='ltr'><strong>ac</strong></span> <span class='ocrx_word' id='word_1_282' title='bbox 1360 1070 1551 1113; x_wconf 86' lang='lat' dir='ltr'><strong>perfectum</strong></span> <span class='ocrx_word' id='word_1_283' title='bbox 1567 1069 1754 1102; x_wconf 83' lang='lat' dir='ltr'><strong>duntaxat:</strong></span> 
     </span>
     <span class='ocr_line' id='line_1_51' title="bbox 1055 1120 1755 1163; baseline -0.001 -10"><span class='ocrx_word' id='word_1_284' title='bbox 1055 1121 1123 1161; x_wconf 89' lang='lat' dir='ltr'><strong>vel,</strong></span> <span class='ocrx_word' id='word_1_285' title='bbox 1137 1121 1228 1163; x_wconf 89' lang='lat' dir='ltr'><strong>quod</strong></span> <span class='ocrx_word' id='word_1_286' title='bbox 1246 1121 1374 1163; x_wconf 85' lang='lat' dir='ltr'><strong>primus</strong></span> <span class='ocrx_word' id='word_1_287' title='bbox 1391 1121 1486 1153; x_wconf 83' lang='lat' dir='ltr'><strong>Odas</strong></span> <span class='ocrx_word' id='word_1_288' title='bbox 1502 1120 1662 1153; x_wconf 83' lang='lat' dir='ltr'><strong>Alcaicas</strong></span> <span class='ocrx_word' id='word_1_289' title='bbox 1678 1120 1755 1153; x_wconf 88' lang='lat' dir='ltr'><strong>bar-</strong></span> 
     </span>
     <span class='ocr_line' id='line_1_52' title="bbox 1054 1171 1757 1213; baseline 0.001 -11"><span class='ocrx_word' id='word_1_290' title='bbox 1054 1171 1120 1203; x_wconf 89' lang='lat' dir='ltr'><strong>biti</strong></span> <span class='ocrx_word' id='word_1_291' title='bbox 1134 1171 1259 1204; x_wconf 83' lang='lat' dir='ltr'><strong>fidibus</strong></span> <span class='ocrx_word' id='word_1_292' title='bbox 1272 1171 1450 1212; x_wconf 86' lang='lat' dir='ltr'><strong>cecinerit,</strong></span> <span class='ocrx_word' id='word_1_293' title='bbox 1459 1171 1539 1203; x_wconf 85' lang='lat' dir='ltr'><strong>hine</strong></span> <span class='ocrx_word' id='word_1_294' title='bbox 1552 1171 1624 1213; x_wconf 73' lang='lat' dir='ltr'><strong>ejus</strong></span> <span class='ocrx_word' id='word_1_295' title='bbox 1637 1171 1757 1203; x_wconf 81' lang='lat' dir='ltr'><strong>inven-</strong></span> 
     </span>
     <span class='ocr_line' id='line_1_53' title="bbox 1055 1221 1755 1264; baseline 0.003 -12"><span class='ocrx_word' id='word_1_296' title='bbox 1055 1221 1182 1253; x_wconf 88' lang='lat' dir='ltr'><strong>tionem</strong></span> <span class='ocrx_word' id='word_1_297' title='bbox 1211 1221 1278 1263; x_wconf 84' lang='lat' dir='ltr'><strong>ipsi</strong></span> <span class='ocrx_word' id='word_1_298' title='bbox 1303 1221 1440 1254; x_wconf 84' lang='lat' dir='ltr'><strong>ascribi.</strong></span> <span class='ocrx_word' id='word_1_299' title='bbox 1484 1222 1538 1254; x_wconf 87' lang='lat' dir='ltr'><strong>Ex</strong></span> <span class='ocrx_word' id='word_1_300' title='bbox 1560 1221 1658 1263; x_wconf 80' lang='lat' dir='ltr'><strong>Lylio</strong></span> <span class='ocrx_word' id='word_1_301' title='bbox 1682 1221 1755 1264; x_wconf 77' lang='lat' dir='ltr'><strong>Gy-</strong></span> 
     </span>
     <span class='ocr_line' id='line_1_54' title="bbox 1055 1270 1755 1312; baseline 0.001 -10"><span class='ocrx_word' id='word_1_302' title='bbox 1055 1270 1164 1311; x_wconf 85' lang='lat' dir='ltr'><strong>raldo,</strong></span> <span class='ocrx_word' id='word_1_303' title='bbox 1180 1271 1303 1303; x_wconf 86' lang='lat' dir='ltr'><strong>Attilio</strong></span> <span class='ocrx_word' id='word_1_304' title='bbox 1318 1271 1528 1309; x_wconf 79' lang='lat' dir='ltr'><strong>Donatiano,</strong></span> <span class='ocrx_word' id='word_1_305' title='bbox 1553 1276 1591 1303; x_wconf 87' lang='lat' dir='ltr'><strong>et</strong></span> <span class='ocrx_word' id='word_1_306' title='bbox 1613 1272 1697 1312; x_wconf 84' lang='lat' dir='ltr'><strong>aliis,</strong></span> <span class='ocrx_word' id='word_1_307' title='bbox 1719 1271 1755 1303; x_wconf 87' lang='lat' dir='ltr'><strong>in</strong></span> 
     </span>
    </p>
   </div>
   <div class='ocr_carea' id='block_1_8' title="bbox 1020 1320 1755 1354">
    <p class='ocr_par' dir='ltr' id='par_1_14' title="bbox 1020 1320 1755 1354">
     <span class='ocr_line' id='line_1_55' title="bbox 1020 1320 1755 1354; baseline 0.003 -3"><span class='ocrx_word' id='word_1_308' title='bbox 1020 1341 1024 1343; x_wconf 33' lang='lat' dir='ltr'>v</span> <span class='ocrx_word' id='word_1_309' title='bbox 1054 1320 1197 1352; x_wconf 87' lang='lat' dir='ltr'><strong>Musicis</strong></span> <span class='ocrx_word' id='word_1_310' title='bbox 1226 1327 1263 1353; x_wconf 92' lang='lat' dir='ltr'><strong>et</strong></span> <span class='ocrx_word' id='word_1_311' title='bbox 1298 1322 1334 1353; x_wconf 88' lang='lat' dir='ltr'><strong>in</strong></span> <span class='ocrx_word' id='word_1_312' title='bbox 1371 1326 1444 1354; x_wconf 87' lang='lat' dir='ltr'><strong>arte</strong></span> <span class='ocrx_word' id='word_1_313' title='bbox 1473 1321 1755 1353; x_wconf 81' lang='lat' dir='ltr'><strong>modulandornm</strong></span> 
     </span>
    </p>
   </div>
   <div class='ocr_carea' id='block_1_9' title="bbox 1049 1370 1757 2806">
    <p class='ocr_par' dir='ltr' id='par_1_15' title="bbox 1052 1370 1756 1601">
     <span class='ocr_line' id='line_1_56' title="bbox 1054 1370 1753 1411; baseline 0.003 -11"><span class='ocrx_word' id='word_1_314' title='bbox 1054 1370 1241 1401; x_wconf 88' lang='lat' dir='ltr'><strong>carminum</strong></span> <span class='ocrx_word' id='word_1_315' title='bbox 1272 1370 1497 1411; x_wconf 84' lang='lat' dir='ltr'><strong>peritissimus</strong></span> <span class='ocrx_word' id='word_1_316' title='bbox 1524 1370 1685 1403; x_wconf 82' lang='lat' dir='ltr'><strong>Alcaeus:</strong></span> <span class='ocrx_word' id='word_1_317' title='bbox 1714 1375 1753 1403; x_wconf 86' lang='lat' dir='ltr'><strong>et</strong></span> 
     </span>
     <span class='ocr_line' id='line_1_57' title="bbox 1052 1418 1753 1462; baseline 0.001 -12"><span class='ocrx_word' id='word_1_318' title='bbox 1052 1418 1180 1451; x_wconf 88' lang='lat' dir='ltr'><strong>Athen.</strong></span> <span class='ocrx_word' id='word_1_319' title='bbox 1194 1428 1272 1451; x_wconf 81' lang='lat' dir='ltr'><strong>xtv.</strong></span> <span class='ocrx_word' id='word_1_320' title='bbox 1283 1418 1315 1451; x_wconf 77' lang='grc'><strong>5.</strong></span> <span class='ocrx_word' id='word_1_321' title='bbox 1332 1419 1342 1436; x_wconf 89' lang='lat'>‘</span> <span class='ocrx_word' id='word_1_322' title='bbox 1356 1419 1494 1451; x_wconf 84' lang='lat' dir='ltr'><strong>Alcaeus</strong></span> <span class='ocrx_word' id='word_1_323' title='bbox 1507 1419 1622 1462; x_wconf 67' lang='lat' dir='ltr'><strong>poeta,</strong></span> <span class='ocrx_word' id='word_1_324' title='bbox 1638 1420 1666 1452; x_wconf 89' lang='lat' dir='ltr'><strong>si</strong></span> <span class='ocrx_word' id='word_1_325' title='bbox 1677 1420 1753 1462; x_wconf 88' lang='lat' dir='ltr'><strong>quis</strong></span> 
     </span>
     <span class='ocr_line' id='line_1_58' title="bbox 1053 1468 1756 1510; baseline 0.004 -11"><span class='ocrx_word' id='word_1_326' title='bbox 1053 1468 1151 1510; x_wconf 86' lang='lat' dir='ltr'><strong>alius,</strong></span> <span class='ocrx_word' id='word_1_327' title='bbox 1185 1469 1336 1501; x_wconf 90' lang='lat' dir='ltr'><strong>Musices</strong></span> <span class='ocrx_word' id='word_1_328' title='bbox 1368 1475 1445 1501; x_wconf 86' lang='lat' dir='ltr'><strong>erat</strong></span> <span class='ocrx_word' id='word_1_329' title='bbox 1484 1469 1756 1503; x_wconf 71' lang='lat' dir='ltr'><strong>scientissimus:</strong></span> 
     </span>
     <span class='ocr_line' id='line_1_59' title="bbox 1053 1518 1756 1552; baseline 0.001 -2"><span class='ocrx_word' id='word_1_330' title='bbox 1053 1519 1187 1551; x_wconf 89' lang='lat' dir='ltr'><strong>Floruit</strong></span> <span class='ocrx_word' id='word_1_331' title='bbox 1223 1525 1302 1551; x_wconf 89' lang='lat' dir='ltr'><strong>aute</strong></span> <span class='ocrx_word' id='word_1_332' title='bbox 1342 1519 1518 1552; x_wconf 88' lang='lat' dir='ltr'><strong>Christum</strong></span> <span class='ocrx_word' id='word_1_333' title='bbox 1550 1518 1646 1551; x_wconf 85' lang='lat' dir='ltr'><strong>anuis</strong></span> <span class='ocrx_word' id='word_1_334' title='bbox 1678 1528 1756 1551; x_wconf 88' lang='lat' dir='ltr'><strong>sex·</strong></span> 
     </span>
     <span class='ocr_line' id='line_1_60' title="bbox 1053 1570 1177 1601; baseline -0.008 0"><span class='ocrx_word' id='word_1_335' title='bbox 1053 1570 1177 1601; x_wconf 84' lang='lat' dir='ltr'><strong>centis.</strong></span> 
     </span>
    </p>

    <p class='ocr_par' dir='ltr' id='par_1_16' title="bbox 1049 1619 1757 2806">
     <span class='ocr_line' id='line_1_61' title="bbox 1094 1619 1753 1659; baseline 0.002 -8"><span class='ocrx_word' id='word_1_336' title='bbox 1094 1622 1116 1651; x_wconf 82' lang='lat'><strong>6</strong></span> <span class='ocrx_word' id='word_1_337' title='bbox 1140 1620 1319 1659; x_wconf 75' lang='lat' dir='ltr'><strong>Qui,ferox</strong></span> <span class='ocrx_word' id='word_1_338' title='bbox 1332 1619 1420 1658; x_wconf 75' lang='lat' dir='ltr'><strong>bello,</strong></span> <span class='ocrx_word' id='word_1_339' title='bbox 1435 1623 1540 1652; x_wconf 75' lang='lat' dir='ltr'><strong>tamen</strong></span> <span class='ocrx_word' id='word_1_340' title='bbox 1554 1619 1638 1651; x_wconf 76' lang='lat' dir='ltr'><strong>inter</strong></span> <span class='ocrx_word' id='word_1_341' title='bbox 1651 1628 1753 1659; x_wconf 77' lang='lat' dir='ltr'><strong>arma,</strong></span> 
     </span>
     <span class='ocr_line' id='line_1_62' title="bbox 1051 1669 1757 1712; baseline 0.001 -12"><span class='ocrx_word' id='word_1_342' title='bbox 1051 1669 1125 1712; x_wconf 48' lang='grc' dir='ltr'><strong>φὴ]</strong></span> <span class='ocrx_word' id='word_1_343' title='bbox 1139 1669 1219 1706; x_wconf 82' lang='lat' dir='ltr'><strong>Qui,</strong></span> <span class='ocrx_word' id='word_1_344' title='bbox 1234 1679 1294 1702; x_wconf 88' lang='lat' dir='ltr'><strong>seu</strong></span> <span class='ocrx_word' id='word_1_345' title='bbox 1315 1670 1350 1701; x_wconf 90' lang='lat' dir='ltr'><strong>in</strong></span> <span class='ocrx_word' id='word_1_346' title='bbox 1362 1669 1497 1710; x_wconf 84' lang='lat' dir='ltr'><strong>castris,</strong></span> <span class='ocrx_word' id='word_1_347' title='bbox 1507 1678 1567 1701; x_wconf 82' lang='lat' dir='ltr'><strong>seu</strong></span> <span class='ocrx_word' id='word_1_348' title='bbox 1581 1679 1602 1701; x_wconf 84' lang='lat' dir='ltr'><strong>a</strong></span> <span class='ocrx_word' id='word_1_349' title='bbox 1613 1669 1705 1702; x_wconf 86' lang='lat' dir='ltr'><strong>bello</strong></span> <span class='ocrx_word' id='word_1_350' title='bbox 1719 1673 1757 1702; x_wconf 89' lang='lat' dir='ltr'><strong>et</strong></span> 
     </span>
     <span class='ocr_line' id='line_1_63' title="bbox 1053 1719 1756 1761; baseline 0.003 -12"><span class='ocrx_word' id='word_1_351' title='bbox 1053 1719 1271 1760; x_wconf 84' lang='lat' dir='ltr'><strong>navigatione</strong></span> <span class='ocrx_word' id='word_1_352' title='bbox 1292 1719 1502 1761; x_wconf 85' lang='lat' dir='ltr'><strong>quiesceret,</strong></span> <span class='ocrx_word' id='word_1_353' title='bbox 1525 1719 1667 1752; x_wconf 76' lang='lat' dir='ltr'><strong>citharae</strong></span> <span class='ocrx_word' id='word_1_354' title='bbox 1683 1723 1756 1751; x_wconf 82' lang='lat' dir='ltr'><strong>stu-</strong></span> 
     </span>
     <span class='ocr_line' id='line_1_64' title="bbox 1050 1767 1753 1802; baseline 0.004 -3"><span class='ocrx_word' id='word_1_355' title='bbox 1050 1768 1143 1801; x_wconf 90' lang='lat' dir='ltr'><strong>dium</strong></span> <span class='ocrx_word' id='word_1_356' title='bbox 1155 1774 1191 1801; x_wconf 87' lang='lat' dir='ltr'><strong>et</strong></span> <span class='ocrx_word' id='word_1_357' title='bbox 1200 1769 1465 1801; x_wconf 83' lang='lat' dir='ltr'><strong>oblectationem</strong></span> <span class='ocrx_word' id='word_1_358' title='bbox 1476 1777 1545 1800; x_wconf 90' lang='lat' dir='ltr'><strong>non</strong></span> <span class='ocrx_word' id='word_1_359' title='bbox 1556 1767 1753 1802; x_wconf 87' lang='lat' dir='ltr'><strong>omittebat.</strong></span> 
     </span>
     <span class='ocr_line' id='line_1_65' title="bbox 1050 1817 1756 1851; baseline 0 -1"><span class='ocrx_word' id='word_1_360' title='bbox 1050 1818 1175 1851; x_wconf 84' lang='lat' dir='ltr'><strong>Athen.</strong></span> <span class='ocrx_word' id='word_1_361' title='bbox 1191 1817 1254 1851; x_wconf 73' lang='lat' dir='ltr'><strong>lib.</strong></span> <span class='ocrx_word' id='word_1_362' title='bbox 1267 1828 1302 1851; x_wconf 88' lang='lat' dir='ltr'><strong>v.</strong></span> <span class='ocrx_word' id='word_1_363' title='bbox 1325 1818 1464 1851; x_wconf 78' lang='lat' dir='ltr'><strong>Alcaeus</strong></span> <span class='ocrx_word' id='word_1_364' title='bbox 1488 1818 1616 1850; x_wconf 86' lang='lat' dir='ltr'><strong>dicitur</strong></span> <span class='ocrx_word' id='word_1_365' title='bbox 1639 1817 1756 1850; x_wconf 80' lang='lat' dir='ltr'><strong>fortis-</strong></span> 
     </span>
     <span class='ocr_line' id='line_1_66' title="bbox 1052 1867 1753 1910; baseline -0.001 -9"><span class='ocrx_word' id='word_1_366' title='bbox 1052 1870 1156 1902; x_wconf 87' lang='lat' dir='ltr'><strong>simus</strong></span> <span class='ocrx_word' id='word_1_367' title='bbox 1171 1878 1211 1901; x_wconf 87' lang='lat' dir='ltr'><strong>ac</strong></span> <span class='ocrx_word' id='word_1_368' title='bbox 1227 1869 1371 1910; x_wconf 84' lang='lat' dir='ltr'><strong>belliger</strong></span> <span class='ocrx_word' id='word_1_369' title='bbox 1387 1867 1500 1910; x_wconf 63' lang='lat' dir='ltr'><strong>poeta.</strong></span> <span class='ocrx_word' id='word_1_370' title='bbox 1541 1868 1588 1900; x_wconf 87' lang='lat' dir='ltr'><strong>Et</strong></span> <span class='ocrx_word' id='word_1_371' title='bbox 1603 1867 1663 1900; x_wconf 90' lang='lat' dir='ltr'><strong>lib.</strong></span> <span class='ocrx_word' id='word_1_372' title='bbox 1677 1876 1753 1900; x_wconf 73' lang='lat' dir='ltr'><strong>xiv.</strong></span> 
     </span>
     <span class='ocr_line' id='line_1_67' title="bbox 1055 1919 1756 1962; baseline -0.003 -9"><span class='ocrx_word' id='word_1_373' title='bbox 1055 1921 1114 1953; x_wconf 79' lang='lat' dir='ltr'><strong>cit.</strong></span> <span class='ocrx_word' id='word_1_374' title='bbox 1138 1929 1328 1962; x_wconf 83' lang='lat' dir='ltr'><strong>pugnacem</strong></span> <span class='ocrx_word' id='word_1_375' title='bbox 1355 1919 1594 1951; x_wconf 80' lang='lat' dir='ltr'><strong>strenuitatem</strong></span> <span class='ocrx_word' id='word_1_376' title='bbox 1613 1923 1756 1960; x_wconf 85' lang='lat' dir='ltr'><strong>autepo-</strong></span> 
     </span>
     <span class='ocr_line' id='line_1_68' title="bbox 1054 1968 1755 2011; baseline 0 -9"><span class='ocrx_word' id='word_1_377' title='bbox 1054 1970 1163 2002; x_wconf 85' lang='lat' dir='ltr'><strong>suisse</strong></span> <span class='ocrx_word' id='word_1_378' title='bbox 1195 1969 1354 2010; x_wconf 70' lang='lat' dir='ltr'><strong>poeticae,</strong></span> <span class='ocrx_word' id='word_1_379' title='bbox 1382 1970 1456 2010; x_wconf 81' lang='lat' dir='ltr'><strong>plus</strong></span> <span class='ocrx_word' id='word_1_380' title='bbox 1489 1977 1588 2011; x_wconf 79' lang='lat' dir='ltr'><strong>aequo</strong></span> <span class='ocrx_word' id='word_1_381' title='bbox 1617 1968 1755 2002; x_wconf 83' lang='lat' dir='ltr'><strong>bellico-</strong></span> 
     </span>
     <span class='ocr_line' id='line_1_69' title="bbox 1053 2017 1756 2060; baseline 0.003 -12"><span class='ocrx_word' id='word_1_382' title='bbox 1053 2027 1146 2048; x_wconf 84' lang='lat' dir='ltr'><strong>sum:</strong></span> <span class='ocrx_word' id='word_1_383' title='bbox 1179 2018 1374 2059; x_wconf 85' lang='lat' dir='ltr'><strong>ibidemque</strong></span> <span class='ocrx_word' id='word_1_384' title='bbox 1403 2017 1553 2050; x_wconf 83' lang='lat' dir='ltr'><strong>refertur</strong></span> <span class='ocrx_word' id='word_1_385' title='bbox 1579 2018 1652 2060; x_wconf 92' lang='lat' dir='ltr'><strong>ejus</strong></span> <span class='ocrx_word' id='word_1_386' title='bbox 1681 2027 1756 2050; x_wconf 81' lang='lat' dir='ltr'><strong>car-</strong></span> 
     </span>
     <span class='ocr_line' id='line_1_70' title="bbox 1051 2067 1754 2108; baseline 0.007 -13"><span class='ocrx_word' id='word_1_387' title='bbox 1051 2075 1141 2105; x_wconf 89' lang='lat' dir='ltr'><strong>men,</strong></span> <span class='ocrx_word' id='word_1_388' title='bbox 1158 2076 1223 2107; x_wconf 88' lang='lat' dir='ltr'><strong>quo</strong></span> <span class='ocrx_word' id='word_1_389' title='bbox 1239 2076 1316 2096; x_wconf 80' lang='lat' dir='ltr'><strong>suas</strong></span> <span class='ocrx_word' id='word_1_390' title='bbox 1332 2067 1424 2098; x_wconf 85' lang='lat' dir='ltr'><strong>aedes</strong></span> <span class='ocrx_word' id='word_1_391' title='bbox 1445 2068 1536 2099; x_wconf 88' lang='lat' dir='ltr'><strong>omni</strong></span> <span class='ocrx_word' id='word_1_392' title='bbox 1560 2077 1686 2108; x_wconf 78' lang='lat' dir='ltr'><strong>genere</strong></span> <span class='ocrx_word' id='word_1_393' title='bbox 1701 2077 1754 2100; x_wconf 75' lang='lat' dir='ltr'><strong>ar-</strong></span> 
     </span>
     <span class='ocr_line' id='line_1_71' title="bbox 1049 2114 1755 2154; baseline 0.006 -9"><span class='ocrx_word' id='word_1_394' title='bbox 1049 2123 1179 2146; x_wconf 86' lang='lat' dir='ltr'><strong>morum</strong></span> <span class='ocrx_word' id='word_1_395' title='bbox 1203 2114 1398 2154; x_wconf 84' lang='lat' dir='ltr'><strong>splendidas</strong></span> <span class='ocrx_word' id='word_1_396' title='bbox 1421 2118 1457 2145; x_wconf 89' lang='lat' dir='ltr'><strong>et</strong></span> <span class='ocrx_word' id='word_1_397' title='bbox 1477 2122 1615 2148; x_wconf 82' lang='lat' dir='ltr'><strong>ornatas</strong></span> <span class='ocrx_word' id='word_1_398' title='bbox 1639 2121 1755 2149; x_wconf 68' lang='lat' dir='ltr'><strong>osten-</strong></span> 
     </span>
     <span class='ocr_line' id='line_1_72' title="bbox 1051 2163 1755 2206; baseline 0.006 -12"><span class='ocrx_word' id='word_1_399' title='bbox 1051 2167 1104 2194; x_wconf 88' lang='lat' dir='ltr'><strong>tat</strong></span> <span class='ocrx_word' id='word_1_400' title='bbox 1120 2167 1157 2195; x_wconf 89' lang='lat' dir='ltr'><strong>et</strong></span> <span class='ocrx_word' id='word_1_401' title='bbox 1179 2163 1366 2204; x_wconf 83' lang='lat' dir='ltr'><strong>gloriatur;</strong></span> <span class='ocrx_word' id='word_1_402' title='bbox 1389 2164 1513 2206; x_wconf 86' lang='lat' dir='ltr'><strong>illaque</strong></span> <span class='ocrx_word' id='word_1_403' title='bbox 1535 2165 1610 2197; x_wconf 84' lang='lat' dir='ltr'><strong>fuse</strong></span> <span class='ocrx_word' id='word_1_404' title='bbox 1623 2166 1755 2200; x_wconf 74' lang='lat' dir='ltr'><strong>deseri-</strong></span> 
     </span>
     <span class='ocr_line' id='line_1_73' title="bbox 1051 2212 1752 2249; baseline 0.006 -5"><span class='ocrx_word' id='word_1_405' title='bbox 1051 2212 1113 2244; x_wconf 87' lang='lat' dir='ltr'><strong>bit.</strong></span> <span class='ocrx_word' id='word_1_406' title='bbox 1151 2212 1226 2244; x_wconf 90' lang='lat' dir='ltr'><strong>Cic.</strong></span> <span class='ocrx_word' id='word_1_407' title='bbox 1252 2213 1355 2245; x_wconf 81' lang='lat' dir='ltr'><strong>Tusc.</strong></span> <span class='ocrx_word' id='word_1_408' title='bbox 1383 2223 1433 2245; x_wconf 89' lang='lat' dir='ltr'><strong>1v.</strong></span> <span class='ocrx_word' id='word_1_409' title='bbox 1462 2223 1496 2246; x_wconf 89' lang='lat' dir='ltr'><strong>n.</strong></span> <span class='ocrx_word' id='word_1_410' title='bbox 1523 2217 1577 2246; x_wconf 81' lang='grc'><strong>71.</strong></span> <span class='ocrx_word' id='word_1_411' title='bbox 1615 2216 1752 2249; x_wconf 80' lang='lat' dir='ltr'><strong>‘Fortis</strong></span> 
     </span>
     <span class='ocr_line' id='line_1_74' title="bbox 1051 2261 1753 2307; baseline 0.009 -15"><span class='ocrx_word' id='word_1_412' title='bbox 1051 2261 1126 2302; x_wconf 86' lang='lat' dir='ltr'><strong>vir,’</strong></span> <span class='ocrx_word' id='word_1_413' title='bbox 1140 2261 1263 2304; x_wconf 84' lang='lat' dir='ltr'><strong>inquit,</strong></span> <span class='ocrx_word' id='word_1_414' title='bbox 1292 2262 1302 2279; x_wconf 78' lang='lat'>⁴</span> <span class='ocrx_word' id='word_1_415' title='bbox 1319 2262 1456 2295; x_wconf 87' lang='lat' dir='ltr'><strong>Alcaeus</strong></span> <span class='ocrx_word' id='word_1_416' title='bbox 1479 2263 1515 2295; x_wconf 91' lang='lat' dir='ltr'><strong>in</strong></span> <span class='ocrx_word' id='word_1_417' title='bbox 1534 2274 1593 2296; x_wconf 82' lang='lat' dir='ltr'><strong>sua</strong></span> <span class='ocrx_word' id='word_1_418' title='bbox 1610 2264 1753 2307; x_wconf 84' lang='lat' dir='ltr'><strong>Repub-</strong></span> 
     </span>
     <span class='ocr_line' id='line_1_75' title="bbox 1049 2312 1754 2358; baseline 0.007 -15"><span class='ocrx_word' id='word_1_419' title='bbox 1049 2312 1117 2343; x_wconf 86' lang='lat' dir='ltr'><strong>lica</strong></span> <span class='ocrx_word' id='word_1_420' title='bbox 1141 2312 1317 2354; x_wconf 65' lang='lat' dir='ltr'><strong>cognitus?</strong></span> <span class='ocrx_word' id='word_1_421' title='bbox 1353 2313 1528 2345; x_wconf 80' lang='lat' dir='ltr'><strong>Pittacum</strong></span> <span class='ocrx_word' id='word_1_422' title='bbox 1553 2323 1677 2357; x_wconf 83' lang='lat' dir='ltr'><strong>nempe</strong></span> <span class='ocrx_word' id='word_1_423' title='bbox 1700 2320 1754 2358; x_wconf 71' lang='lat' dir='ltr'><strong>ty·</strong></span> 
     </span>
     <span class='ocr_line' id='line_1_76' title="bbox 1052 2363 1752 2407; baseline 0.009 -14"><span class='ocrx_word' id='word_1_424' title='bbox 1052 2372 1194 2394; x_wconf 85' lang='lat' dir='ltr'><strong>rannum</strong></span> <span class='ocrx_word' id='word_1_425' title='bbox 1218 2363 1396 2404; x_wconf 86' lang='lat' dir='ltr'><strong>Mitylenis</strong></span> <span class='ocrx_word' id='word_1_426' title='bbox 1419 2364 1576 2406; x_wconf 75' lang='lat' dir='ltr'><strong>expulitz</strong></span> <span class='ocrx_word' id='word_1_427' title='bbox 1598 2365 1752 2407; x_wconf 84' lang='lat' dir='ltr'><strong>aliosque</strong></span> 
     </span>
     <span class='ocr_line' id='line_1_77' title="bbox 1051 2413 1751 2455; baseline 0.004 -10"><span class='ocrx_word' id='word_1_428' title='bbox 1051 2413 1153 2445; x_wconf 84' lang='lat' dir='ltr'><strong>armis</strong></span> <span class='ocrx_word' id='word_1_429' title='bbox 1192 2418 1391 2454; x_wconf 86' lang='lat' dir='ltr'><strong>persecutus</strong></span> <span class='ocrx_word' id='word_1_430' title='bbox 1426 2419 1491 2455; x_wconf 86' lang='lat' dir='ltr'><strong>est,</strong></span> <span class='ocrx_word' id='word_1_431' title='bbox 1523 2414 1751 2448; x_wconf 76' lang='lat' dir='ltr'><strong>Athenienses</strong></span> 
     </span>
     <span class='ocr_line' id='line_1_78' title="bbox 1050 2459 1751 2506; baseline 0.004 -12"><span class='ocrx_word' id='word_1_432' title='bbox 1050 2473 1184 2505; x_wconf 89' lang='lat' dir='ltr'><strong>quoque</strong></span> <span class='ocrx_word' id='word_1_433' title='bbox 1201 2467 1236 2495; x_wconf 89' lang='lat' dir='ltr'><strong>et</strong></span> <span class='ocrx_word' id='word_1_434' title='bbox 1260 2459 1453 2505; x_wconf 85' lang='lat' dir='ltr'><strong>Tyrrhenos</strong></span> <span class='ocrx_word' id='word_1_435' title='bbox 1475 2464 1566 2497; x_wconf 83' lang='lat' dir='ltr'><strong>bello</strong></span> <span class='ocrx_word' id='word_1_436' title='bbox 1582 2464 1751 2506; x_wconf 78' lang='lat' dir='ltr'><strong>fatigavit.</strong></span> 
     </span>
     <span class='ocr_line' id='line_1_79' title="bbox 1050 2513 1750 2553; baseline 0.003 -8"><span class='ocrx_word' id='word_1_437' title='bbox 1050 2513 1189 2553; x_wconf 88' lang='lat' dir='ltr'><strong>Strabo,</strong></span> <span class='ocrx_word' id='word_1_438' title='bbox 1203 2513 1318 2545; x_wconf 78' lang='lat' dir='ltr'><strong>Lae&#39;rt.</strong></span> <span class='ocrx_word' id='word_1_439' title='bbox 1338 2513 1474 2546; x_wconf 87' lang='lat' dir='ltr'><strong>Suidas.</strong></span> <span class='ocrx_word' id='word_1_440' title='bbox 1509 2514 1654 2547; x_wconf 84' lang='lat' dir='ltr'><strong>Quintil.</strong></span> <span class='ocrx_word' id='word_1_441' title='bbox 1667 2523 1703 2547; x_wconf 74' lang='grc' dir='ltr'><strong>Χ.</strong></span> <span class='ocrx_word' id='word_1_442' title='bbox 1719 2518 1750 2547; x_wconf 92' lang='grc'><strong>1.</strong></span> 
     </span>
     <span class='ocr_line' id='line_1_80' title="bbox 1050 2563 1750 2607; baseline 0.006 -13"><span class='ocrx_word' id='word_1_443' title='bbox 1050 2564 1100 2594; x_wconf 89' lang='lat' dir='ltr'><strong>sic</strong></span> <span class='ocrx_word' id='word_1_444' title='bbox 1117 2563 1235 2595; x_wconf 83' lang='lat' dir='ltr'><strong>scribit</strong></span> <span class='ocrx_word' id='word_1_445' title='bbox 1250 2575 1257 2594; x_wconf 86' lang='lat'>=</span> <span class='ocrx_word' id='word_1_446' title='bbox 1280 2564 1291 2582; x_wconf 81' lang='lat'><strong><em>⁴</em></strong></span> <span class='ocrx_word' id='word_1_447' title='bbox 1307 2564 1446 2595; x_wconf 84' lang='lat' dir='ltr'><strong>Alcaeus</strong></span> <span class='ocrx_word' id='word_1_448' title='bbox 1466 2563 1499 2595; x_wconf 93' lang='lat' dir='ltr'><strong>in</strong></span> <span class='ocrx_word' id='word_1_449' title='bbox 1522 2569 1621 2605; x_wconf 86' lang='lat' dir='ltr'><strong>parte</strong></span> <span class='ocrx_word' id='word_1_450' title='bbox 1635 2565 1750 2607; x_wconf 85' lang='lat' dir='ltr'><strong>operis</strong></span> 
     </span>
     <span class='ocr_line' id='line_1_81' title="bbox 1050 2613 1751 2657; baseline 0.004 -13"><span class='ocrx_word' id='word_1_451' title='bbox 1050 2622 1152 2644; x_wconf 85' lang='lat' dir='ltr'><strong>aureo</strong></span> <span class='ocrx_word' id='word_1_452' title='bbox 1176 2614 1309 2654; x_wconf 88' lang='lat' dir='ltr'><strong>plectro</strong></span> <span class='ocrx_word' id='word_1_453' title='bbox 1334 2613 1458 2645; x_wconf 88' lang='lat' dir='ltr'><strong>merito</strong></span> <span class='ocrx_word' id='word_1_454' title='bbox 1488 2613 1646 2655; x_wconf 85' lang='lat' dir='ltr'><strong>donatur,</strong></span> <span class='ocrx_word' id='word_1_455' title='bbox 1669 2615 1751 2657; x_wconf 84' lang='lat' dir='ltr'><strong>quia.</strong></span> 
     </span>
     <span class='ocr_line' id='line_1_82' title="bbox 1049 2662 1749 2703; baseline 0.003 -9"><span class='ocrx_word' id='word_1_456' title='bbox 1049 2667 1210 2703; x_wconf 81' lang='lat' dir='ltr'><strong>tyrannos</strong></span> <span class='ocrx_word' id='word_1_457' title='bbox 1236 2662 1443 2694; x_wconf 88' lang='lat' dir='ltr'><strong>insectatur:</strong></span> <span class='ocrx_word' id='word_1_458' title='bbox 1481 2664 1622 2695; x_wconf 87' lang='lat' dir='ltr'><strong>multum</strong></span> <span class='ocrx_word' id='word_1_459' title='bbox 1645 2665 1749 2696; x_wconf 83' lang='lat' dir='ltr'><strong>etiam</strong></span> 
     </span>
     <span class='ocr_line' id='line_1_83' title="bbox 1049 2712 1750 2755; baseline 0.001 -11"><span class='ocrx_word' id='word_1_460' title='bbox 1049 2713 1198 2745; x_wconf 88' lang='lat' dir='ltr'><strong>moribus</strong></span> <span class='ocrx_word' id='word_1_461' title='bbox 1222 2712 1375 2745; x_wconf 81' lang='lat' dir='ltr'><strong>confert:</strong></span> <span class='ocrx_word' id='word_1_462' title='bbox 1401 2714 1436 2744; x_wconf 90' lang='lat' dir='ltr'><strong>iu</strong></span> <span class='ocrx_word' id='word_1_463' title='bbox 1455 2713 1645 2755; x_wconf 84' lang='lat' dir='ltr'><strong>eloquendo</strong></span> <span class='ocrx_word' id='word_1_464' title='bbox 1668 2723 1750 2755; x_wconf 86' lang='lat' dir='ltr'><strong>quo-</strong></span> 
     </span>
     <span class='ocr_line' id='line_1_84' title="bbox 1051 2762 1748 2806; baseline 0.001 -11"><span class='ocrx_word' id='word_1_465' title='bbox 1051 2773 1117 2806; x_wconf 85' lang='lat' dir='ltr'><strong>que</strong></span> <span class='ocrx_word' id='word_1_466' title='bbox 1134 2763 1260 2802; x_wconf 80' lang='lat' dir='ltr'><strong>brevis,</strong></span> <span class='ocrx_word' id='word_1_467' title='bbox 1274 2768 1310 2796; x_wconf 88' lang='lat' dir='ltr'><strong>et</strong></span> <span class='ocrx_word' id='word_1_468' title='bbox 1325 2762 1534 2806; x_wconf 69' lang='lat' dir='ltr'><strong>magnificus,</strong></span> <span class='ocrx_word' id='word_1_469' title='bbox 1545 2767 1582 2796; x_wconf 90' lang='lat' dir='ltr'><strong>et</strong></span> <span class='ocrx_word' id='word_1_470' title='bbox 1593 2763 1748 2806; x_wconf 74' lang='lat' dir='ltr'><strong>diligens,</strong></span> 
     </span>
    </p>
   </div>
   <div class='ocr_carea' id='block_1_10' title="bbox 1904 2362 1916 2599">
    <p class='ocr_par' dir='ltr' id='par_1_17' title="bbox 1904 2362 1916 2599">
     <span class='ocr_line' id='line_1_85' title="bbox 1904 2362 1916 2599; textangle 90"><span class='ocrx_word' id='word_1_471' title='bbox 1904 2583 1916 2599; x_wconf 50' lang='grc' dir='ltr'><strong>ΧΑ</strong></span> <span class='ocrx_word' id='word_1_472' title='bbox 1906 2426 1916 2574; x_wconf 48' lang='lat' dir='ltr'><strong>amn--..mm</strong></span> <span class='ocrx_word' id='word_1_473' title='bbox 1907 2362 1916 2411; x_wconf 50' lang='grc' dir='ltr'><strong>«ΜΛ</strong></span> 
     </span>
    </p>
   </div>
  </div>
 </body>
</html>
