1916 3190
215 242 300 284 268

687 254 731 290 Q.
764 251 972 282 HORA'rn
1011 251 1182 282 FLAGCI

385 346 592 388 Versatur
612 359 718 387 urna
739 345 880 387 serius
903 352 1044 399 ocyus

442 413 549 455 Sors
572 414 762 463 exitura,
783 418 829 455 et
850 426 931 454 nos
951 414 994 454 in
1015 417 1232 454 aeternum

497 480 693 521 Exilium
712 480 978 535 impositura
998 479 1187 533 cymbae.

214 584 343 614 eundem
355 579 575 623 compellimurss
626 584 805 615 Communis
827 585 972 623 agitatur
997 594 1088 616 urna.
1136 578 1238 617 Turde
1264 587 1311 618 vel
1335 586 1396 617 cito
1419 584 1555 625 prodibit
1585 593 1650 615 sors
1658 592 1671 619 ;

214 634 328 666 nosque
341 626 468 665 navigio
482 625 657 657 transvehet
673 626 706 657 in
718 630 902 667 perpetuum
917 627 1059 659 exitium.

825 711 841 721 o
847 710 1060 723 oeoeeeum

215 766 301 795 —26
323 765 332 781 ‘
348 765 432 795 Post
449 774 528 795 urna
552 764 700 804 pessime
725 764 888 795 claudunt
906 765 1000 796 multi
1018 765 1236 804 sententiam,
1253 769 1415 806 tanquam
1442 769 1534 796 esset
1559 765 1666 796 nomi-

215 806 364 844 nativus,
378 816 453 838 cum
470 806 638 838 ablativus
655 807 712 839 sit.
758 807 845 838 Vide
863 808 1024 848 Rutgers.
1048 809 1162 839 Lectt.
1190 808 1315 839 Venus.
1341 818 1418 848 cap.
1434 811 1465 839 5.
1482 817 1516 847 p.
1530 810 1605 838 262.
1630 812 1668 838 et

215 849 320 880 Dous.
340 849 531 879 Comment.
549 859 625 889 cap.
639 848 682 879 6!
705 849 882 880 Jani.-27
906 850 996 880 Mors
1015 851 1141 881 exitum
1168 850 1258 889 Lips.
1275 852 1304 880 l.
1329 850 1404 880 sors
1418 850 1561 881 excitum
1578 859 1665 880 unus

214 891 346 922 Bersm.
361 896 398 922 et
415 892 512 923 Dess.
524 894 645 922 2.-28
667 891 816 923 Exitium
833 896 902 923 tres
924 892 1042 923 Lamb.
1063 892 1175 923 Pulm.
1199 892 1380 924 Gammae.
1397 895 1428 923 l.
1443 895 1476 924 2.
1490 897 1526 922 et
1546 891 1661 923 Hunn.

214 933 330 974 plures
344 933 501 964 Torrent.
516 934 662 965 Mentel.
679 938 715 965 et
731 934 877 974 Franeq.
899 935 1008 975 cymba
1022 934 1155 965 emend.
1173 935 1264 966 Dan.
1280 934 1400 966 Heius.
1416 939 1454 965 ut
1469 934 1528 977 sit,
1537 938 1567 966 et
1583 943 1668 974 cym-

182 999 185 1001 >
213 976 250 1007 ba
264 986 318 1007 nos
334 976 520 1017 impositura
533 976 567 1006 in
581 979 734 1007 aeternum
748 976 890 1007 exilium.
936 977 1052 1008 Bentl.
1070 976 1214 1017 Cuning.
1232 980 1268 1007 et
1283 976 1375 1012 Jani,
1389 976 1516 1008 cumbae.

870 1049 902 1080 N
908 1048 1016 1080 OTAE

254 1115 296 1145 27
322 1113 390 1143 Nos
403 1112 438 1143 in
455 1115 604 1143 aeternum
621 1110 762 1143 Exilium
787 1111 913 1152 imposi-

210 1166 284 1194 tura
305 1161 435 1204 cymboe]
456 1162 535 1193 Sors
561 1161 689 1193 educta
713 1161 794 1192 vitae
811 1161 913 1193 finem

212 1213 370 1253 imponit,
383 1220 426 1243 ex
441 1211 504 1243 hoc
520 1210 603 1242 orbe
616 1211 752 1252 ablegat
768 1211 914 1243 animam

212 1263 245 1293 iu
258 1266 475 1303 perpetuum,
485 1265 590 1303 atque
607 1260 649 1292 ad
661 1261 796 1293 Inferos
809 1266 915 1293 traus-

211 1312 331 1350 mittit,
353 1310 556 1342 traducente
573 1319 647 1341 eam
665 1319 726 1351 per
742 1310 914 1342 Acheron-

211 1365 281 1392 tem
297 1359 436 1391 fluvium
452 1360 625 1391 Charonte
641 1359 675 1391 in
691 1370 754 1391 sua
776 1360 914 1392 navicu·

211 1410 256 1449 la,
282 1409 327 1440 de
350 1419 417 1450 qua
447 1409 664 1449 Propertius,
690 1418 748 1441 ιιι.
780 1413 831 1442 18.
858 1413 913 1441 24.

210 1459 220 1476 ‘
235 1458 436 1491 scandenda
451 1462 506 1490 est
528 1459 616 1490 torvi
639 1459 776 1501 publica
790 1460 914 1501 cymba

967 1111 1080 1143 senis.¹
1122 1112 1214 1144 Vide
1237 1121 1263 1143 1.
1288 1111 1403 1144 od.4.
1425 1115 1462 1144 et
1482 1111 1584 1152 hujus
1607 1110 1667 1143 lib.

967 1162 1036 1194 od.
1056 1164 1108 1194 14.

1010 1215 1053 1244 28
1076 1211 1234 1252 Exilium]
1259 1213 1345 1243 Sunt
1371 1211 1430 1253 qui
1453 1211 1570 1254 legant
1589 1212 1671 1243 Exi·

969 1262 1060 1294 tium.
1099 1263 1236 1298 Exules,
1251 1261 1360 1303 iuquit
1375 1261 1507 1293 Nonius
1522 1261 1672 1294 Marcel-

969 1313 1033 1350 lus,
1069 1312 1233 1344 dicuntur
1272 1316 1372 1343 extra
1401 1311 1521 1343 solum.
1549 1311 1671 1352 Virgil.

969 1362 1096 1402 Georg.
1122 1371 1180 1394 ιιι.
1203 1364 1278 1394 225.
1300 1362 1310 1379 ‘
1331 1362 1515 1403 Longeque
1543 1358 1669 1402 ignotis

968 1411 1083 1442 exulat
1103 1409 1192 1442 oris!
1214 1411 1261 1441 Et
1277 1414 1367 1450 post,
1383 1420 1430 1443 vs.
1453 1413 1529 1442 228.
1552 1412 1563 1428 ‘
1580 1411 1669 1451 Reg-

967 1460 1018 1492 nis
1036 1460 1185 1492 excessit
1199 1458 1322 1491 avitis-¹

806 1590 937 1632 ODE
991 1590 1076 1632 IV.

617 1690 681 1720 An
714 1689 995 1720 ΧΑΝΊῊῙΑΜ
1041 1689 1295 1721 PHOCEUM.

210 1771 442 1803 Formosulam
474 1771 642 1813 quandam
668 1771 841 1812 captivam
864 1781 884 1803 a
908 1771 1062 1803 Xanthia
1088 1772 1230 1804 Phoceu
1256 1771 1394 1804 domino
1417 1781 1478 1804 suo
1501 1772 1670 1813 compres-

253 1834 337 1865 sam,
364 1825 427 1856 sub
445 1825 582 1867 poetico
611 1824 776 1866 Phyllidis
800 1823 949 1863 nemine,
985 1824 1080 1856 miris
1105 1824 1263 1856 laudibus
1290 1824 1416 1864 effert3
1444 1827 1484 1857 ut
1506 1825 1558 1856 vel
1585 1825 1687 1857 anti·-

253 1878 327 1918 quis
344 1877 508 1910 Heroinis
524 1888 600 1910 eam
617 1878 823 1920 aequiparet.
866 1877 984 1920 (Conf.
997 1878 1104 1911 Ovid.
1121 1878 1199 1910 Am.
1214 1888 1256 1911 ιι.
1272 1881 1304 1911 8.
1322 1881 1375 1911 11.
1390 1888 1466 1922 sqq.
1491 1878 1607 1920 Gesn.)

440 1947 485 1989 N
491 1959 517 1988 Ε
538 1948 597 1989 sit
617 1948 792 1990 ancillae
810 1948 892 1989 tibi
910 1961 1032 1990 amor
1051 1948 1230 2002 pudori,

437 2013 642 2055 Xanthia
665 2014 875 2065 Phoceu3
905 2015 1028 2067 ptius
1050 2015 1310 2057 insolentem

255 2104 306 2136 Ne
326 2106 442 2145 pudeat
463 2108 495 2137 te
520 2115 640 2138 servam
661 2106 807 2147 diligere,
835 2106 981 2138 Xanthia
1007 2106 1150 2138 Phoceu.-
1172 2110 1247 2138 anle
1276 2111 1308 2139 te
1329 2108 1484 2140 Achillem
1506 2110 1670 2150 superbam·

816 2179 1041 2191 ΝΟΜ
1044 2179 1062 2191 0

254 2232 360 2264 Deest
376 2232 528 2265 Editioni
544 2232 735 2266 Saua‹l.—2
759 2233 927 2275 Xanthioe,
955 2235 978 2265 i.
996 2244 1027 2265 e.
1042 2233 1210 2274 Trojanae‚
1235 2234 1377 2266 Venett.
1394 2235 1488 2266 1492.
1514 2233 1667 2266 Florem.

868 2308 1010 2342 NOTAE

255 2371 409 2403 Metram
426 2370 518 2402 idem
535 2370 626 2412 quod
643 2380 668 2403 1.
687 2370 756 2404 od.
769 2375 804 2405 2.

255 2424 272 2452 1
299 2422 350 2453 Ne
377 2421 421 2452 sit
441 2420 577 2460 aucitloe,
607 2419 679 2461 εγω]
731 2421 915 2454 Xanthiam

214 2471 388 2502 Phoceum
401 2469 570 2512 Phyllidis
586 2480 711 2511 genere
727 2471 842 2503 servili
858 2481 916 2504 na·

213 2526 257 2551 tae
297 2519 470 2552 amoribus
507 2519 681 2551 irretitum
718 2521 917 2554 consolatur

212 2570 401 2609 Horatius;
439 2574 542 2612 atque
571 2570 713 2601 heroum
749 2571 915 2612 exemplis

213 2624 391 2659 expugnat
411 2629 486 2650 eam
505 2619 595 2660 vulgi
611 2619 822 2663 opinionem,
847 2629 916 2662 qua

213 2668 370 2700 servilem
400 2669 632 2701 conditionem
667 2669 717 2701 sic
753 2679 916 2712 asperna-

213 2724 281 2758 tur,
305 2722 344 2749 ut
362 2718 505 2750 Plautus
528 2719 699 2760 Amphitr.
717 2721 914 2762 scripserit:

215 2774 222 2788 ⁸
242 2769 353 2802 Quem
381 2767 521 2809 Jupiter
551 2770 637 2811 odit,
667 2779 801 2803 servum
826 2770 915 2803 hunc

971 2371 1115 2413 primum
1147 2370 1231 2402 facit
1243 2370 1265 2402 :'
1287 2374 1325 2402 et
1355 2370 1499 2402 Romani
1526 2380 1588 2412 per
1618 2373 1669 2404 lu-

969 2421 1117 2453 dibrium
1141 2420 1152 2437 ‘
1167 2419 1395 2452 ancillariolos
1412 2422 1421 2436 ¹
1446 2421 1669 2462 appellabant

970 2481 1041 2513 eos,
1064 2471 1122 2513 qui
1145 2471 1284 2504 ancillas
1307 2474 1523 2502 sectarentur
1549 2480 1589 2503 ac
1619 2471 1670 2503 di-

969 2523 1127 2563 ligerent.
1173 2521 1265 2552 Hinc
1296 2520 1463 2552 dicaciter
1493 2520 1667 2553 Martialis

969 2581 1036 2604 xn.
1066 2574 1120 2603 58.
1144 2571 1186 2602 ad
1210 2570 1379 2612 quendam
1404 2570 1539 2602 nomine
1563 2570 1667 2602 Alau-

969 2623 1068 2654 dam:
1101 2623 1112 2640 ‘
1128 2620 1390 2653 Ancillariolum
1415 2625 1479 2660 ,tua
1507 2625 1542 2652 te
1567 2626 1669 2654 vocat

969 2681 1073 2711 uxot-3
1091 2675 1126 2703 at
1137 2671 1213 2711 ipsa
1227 2670 1451 2702 Lecticariola
1466 2675 1532 2702 est.
1576 2671 1668 2703 Estis

970 2721 1105 2755 Alauda
1121 2721 1245 2763 pares.’

1022 2775 1043 2804 2
1079 2771 1179 2803 Prius
1213 2770 1407 2812 insolentem]
1441 2771 1669 2813 Interpretari
