1916 3190
639 242 912 273 cARManM
948 241 1042 273 mu.
1075 243 1106 273 1.
1134 234 1205 275 15.
1557 239 1640 281 133

781 397 910 439 ODE
941 397 1054 439 XV.

459 504 511 533 ΙΝ
547 504 597 534 Μ.
628 506 896 538 ΑΝΤΟΝΙΟΜ
931 507 991 538 ΒΤ
1023 506 1374 538 CLEOPATRAM.

190 593 358 635 Exemplo
371 595 505 627 Paridis
520 597 683 629 luxuriosi
694 597 837 630 Juvenis
851 598 904 630 M.
918 597 1107 630 Antonium
1122 607 1144 629 a
1157 598 1256 630 Civili
1269 599 1367 631 Bello
1377 598 1542 631 deterret.
1566 599 1637 640 (Si-

230 645 322 678 milia
337 648 581 680 vetustissimus
604 649 691 680 liber
710 649 891 686 Torrentii‚
905 650 974 682 Mn.
992 650 1094 683 Gott.
1106 650 1294 687 Laudiuus,
1310 651 1495 692 Loclnerua,
1520 654 1584 683 ὅτε.
1601 656 1638 683 et

230 698 355 738 probat
377 698 585 740 Allegoriam
609 700 818 733 Sanadonus.
861 701 915 735 Ac
942 700 1080 734 difficile
1104 707 1158 734 est
1181 712 1252 735 rem
1272 713 1399 746 negare
1415 705 1638 745 simpliciter:

232 749 292 781 sed
304 759 368 782 nee
377 757 444 792 est,
459 761 526 794 quo
540 751 676 785 refellas
689 763 779 794 eum,
793 753 850 796 qui
862 754 968 795 dieat,
983 754 1104 786 lusisse
1121 754 1302 788 Horatium
1319 757 1371 788 vel
1385 757 1576 789 imitatione
1587 759 1641 789 vel

230 803 449 836 translatione
465 804 552 838 adeo
566 806 680 839 Groeei
695 807 875 840 Carminis.
918 807 1086 850 Equidem
1102 814 1199 849 puto,
1215 809 1245 841 si
1260 810 1427 851 cogitavit
1448 809 1634 842 Antonium

226 858 263 886 et
276 854 496 898 Cleopatram
511 858 691 901 Horatius,
703 859 796 892 illum
811 860 912 892 modo
927 860 1110 902 cogitasse,
1125 861 1207 893 nihil
1224 862 1326 894 alind.
1350 861 1464 903 Gen.)

354 941 557 985 PASTOR
577 925 675 986 cum
692 945 882 988 traheret
899 960 979 1001 per
998 946 1110 993 freta
1128 948 1316 989 navibus

356 1007 493 1051 Idaeis
512 1010 738 1053 Helenam
759 1013 948 1066 perfidus
967 1014 1207 1067 hospitam,

233 1123 312 1154 c·-
337 1128 442 1165 pascor
453 1126 560 1164 saun
579 1138 637 1169 per
660 1128 757 1159 maria
784 1129 946 1160 abduceret
971 1129 1125 1161 Helenam
1150 1121 1303 1170 liospitoen
1324 1129 1453 1162 navibus
1481 1129 1635 1169 Trajan-is,

228 1295 306 1330 ode
320 1307 409 1331 noua
421 1299 517 1332 Libri
531 1302 673 1334 secundi
688 1303 721 1335 in
734 1303 798 1336 Ed.
813 1304 941 1336 Sanad.
966 1304 1113 1336 Variaut
1128 1304 1162 1335 in
1173 1304 1407 1345 Inscriptione
1424 1304 1526 1336 codd.
1559 1303 1629 1336 Atii

185 1338 324 1377 hibent.
345 1340 401 1373 Aa
424 1343 595 1381 Paridenu
628 1344 698 1386 alii,
720 1347 774 1377 Aa
795 1346 1033 1384 Διικωιάηιις
1068 1347 1139 1388 alii,
1155 1347 1209 1378 De
1233 1347 1363 1379 Paride.
1408 1348 1552 1378 Venett.
1567 1346 1632 1377 As-

184 1389 279 1413 eens.
292 1386 329 1414 et
343 1383 485 1416 Loclier.

184 1464 285 1503 bello,-
318 1469 437 1510 ceteri,
462 1469 502 1500 la
524 1470 575 1501 M.
590 1471 764 1503 Antonium
783 1476 816 1505 et
833 1474 862 1504 C

501 1385 727 1426 Prognostica
746 1388 873 1428 Trqy'mi
893 1389 1033 1427 ιπίἀίἰς
1068 1389 1217 1430 optimus
1239 1394 1276 1420 et
1300 1388 1551 1421 vetustissimus
1576 1397 1633 1419 co-

184 1421 250 1454 dex
263 1423 421 1458 Torreut.
445 1427 498 1459 Aa
510 1427 726 1461 Alexandrum
741 1431 902 1469 Paridem,
918 1431 975 1463 aab
1000 1432 1087 1472 cnjus
1109 1441 1240 1472 persona
1263 1441 1280 1463 e
1346 1431 1353 1438 ⁰

1389 1431 1397 1438 ‘
1436 1431 1634 1462 §affluentia

947 1477 1043 1513 tran,
1064 1478 1074 1492 ³
1087 1473 1178 1515 quod
1194 1474 1292 1514 liujus
1320 1475 1383 1505 loci
1400 1483 1468 1505 non
1485 1472 1562 1510 est,’
1585 1473 1636 1503 in-

183 1507 259 1546 quit
271 1508 427 1542 ,lauh—2
448 1511 546 1543 Idoeia
566 1513 697 1545 AE'leaen
723 1515 824 1547 Harl.
846 1518 877 1547 1.
920 1515 1075 1548 Helenum
1103 1516 1243 1548 Venett.
1264 1515 1345 1548 Ald.
1369 1515 1492 1547 Heius.
1516 1515 1636 1555 Steph-

185 1548 309 1592 Delph.
324 1552 436 1584 Bond.
452 1554 623 1587 Schrevel.
638 1556 782 1588 Baxter.
805 1557 926 1589 Comb.
949 1564 985 1589 et
1006 1557 1139 1590 Wakef.
1183 1558 1325 1590 Helenen
1348 1558 1505 1590 Lambini
1529 1557 1632 1599 pleri-

184 1592 392 1632 que,Pu1m.
409 1597 437 1628 1.
453 1598 485 1628 2.
502 1599 579 1629 3.4.
601 1598 705 1640 Cruq.
733 1599 851 1632 Lamb.
876 1600 1038 1632 Glarean.
1063 1600 1178 1632 Bentl.
1206 1601 1353 1641 Cuuiug.
1380 1600 1509 1632 Sanad.
1534 1599 1630 1634 Jani.

828 1693 975 1725 ΝΟἸἺΕ

225 1757 376 1789 Mettum
393 1757 481 1790 idem
496 1759 586 1800 quod
600 1768 703 1800 supra
716 1760 795 1792 Ode
808 1769 855 1792 vr.

227 1809 245 1836 1
270 1807 384 1838 Pastor
410 1818 479 1839 cun
503 1809 655 1848 traheret,
679 1809 749 1850 ssa]
782 1810 879 1842 Sicut

183 1854 272 1894 apud
292 1856 529 1897 Bacchylidem
550 1858 743 1890 Cassandra
757 1859 879 1891 Paridi

183 1904 316 1944 Trojam
330 1905 603 1947 ingredienti,ita
616 1907 672 1940 hic
686 1908 796 1940 eidem
811 1909 878 1942 iter

183 1954 314 1995 agenti,
325 1955 560 1998 Helenamque
583 1957 664 1988 belli
687 1957 796 1990 facem
815 1959 876 1990 dn·

182 2004 288 2044 eenti,
297 2004 428 2037 Nereus
434 2006 641 2038 vaticinatur
651 2012 778 2048 quanta
787 2007 877 2040 ferat

182 2055 284 2091 mala,
295 2055 450 2097 adeoque
463 2056 575 2097 Trojae
590 2057 734 2089 ruinam.
766 2058 875 2091 Anto·

176 2103 272 2136 alna·
294 2103 488 2146 cleopatra
513 2106 684 2138 amoribus
701 2108 872 2141 irretitum

179 2154 336 2194 exemplo
358 2154 493 2186 Paridis
515 2156 689 2189 admoneri
700 2157 744 2189 ab
760 2158 873 2190 Hora-

180 2201 230 2235 tio
257 2212 324 2235 non
350 2213 451 2237 nemo
480 2205 651 2247 opinatur.
708 2208 873 2240 Ceterum

178 2257 303 2287 euecta
330 2252 405 2286 fere
432 2264 477 2286 ex
502 2255 654 2288 Homero
681 2257 872 2298 depromta.

176 2302 301 2338 seua·
324 2310 397 2338 eat:
420 2306 507 2338 Cum
522 2306 622 2339 Paris
637 2307 805 2340 Helenam
822 2319 873 2341 ra·

177 2357 277 2393 peret
289 2353 431 2396 hospitia
440 2355 592 2388 Menelai
603 2366 755 2397 uxorem,
767 2363 873 2400 atque

177 2411 199 2434 e
218 2402 344 2444 Sparta
367 2404 503 2446 'frojam
527 2405 717 2447 navigaret,
739 2408 873 2439 Nereus

179 2450 275 2484 Deus
299 2455 447 2487 marinna
472 2460 591 2487 ventos
613 2456 778 2498 cohibuit,
791 2458 872 2490 dum

178 2501 308 2540 perfido
319 2503 370 2536 illi
386 2505 516 2545 raptori
524 2511 666 2538 caneret
676 2506 872 2548 impenden-

178 2552 249 2580 tem
262 2551 409 2592 cladem,
428 2553 475 2585 ob
489 2553 649 2586 violatum
667 2555 740 2596 jus,
762 2561 799 2588 et
822 2557 872 2588 in-

178 2602 290 2630 costas
303 2602 450 2641 nuptias.
476 2603 567 2635 Vide
583 2603 747 2638 Herodot.
763 2607 872 2639 lib-u.

179 2645 334 2679 Eustath.
349 2649 384 2680 iu
396 2650 498 2683 Iliad.
512 2656 547 2684 z.

222 2695 354 2737 Pauor]
374 2697 486 2740 Paris,
510 2701 576 2734 alio
598 2703 734 2736 nomine
757 2703 872 2736 dictus

55 2744 58 2746 ·
128 2763 146 2770 .,
178 2743 385 2785 Alexander.
400 2749 572 2789 expositas
593 2750 628 2784 in
654 2752 719 2785 Ida
741 2758 870 2794 monte,

932 1760 1166 1802 educatusque
1189 1770 1210 1791 a
1235 1765 1386 1801 pastore,
1410 1766 1447 1792 et
1472 1760 1546 1801 ipse
1571 1760 1631 1792 ali-

931 1811 1091 1851 quamdiu
1107 1816 1236 1851 pastor,
1246 1820 1438 1852 quanquam
1453 1816 1531 1842 erat
1543 1811 1630 1842 filius

932 1859 1063 1891 Priami
1072 1860 1300 1901 Trojanorum
1313 1861 1403 1902 regis
1413 1866 1447 1892 et
1460 1860 1630 1901 Hecubae,

932 1919 1008 1950 quae
1034 1918 1216 1950 praegnans
1248 1909 1357 1942 facem
1384 1920 1421 1942 se
1449 1910 1628 1942 ardentem

931 1968 1054 1999 parere
1064 1959 1245 1991 somniavit
1257 1971 1267 1991 z
1292 1969 1359 2000 quo
1369 1961 1491 1992 territa
1503 1964 1540 1991 et
1549 1970 1630 1992 cou-

924 2009 1097 2050 jectorum
1111 2009 1258 2051 impulsa
1277 2019 1441 2052 responso
1455 2020 1629 2053 exponen-

928 2059 1009 2090 dum
1024 2065 1205 2091 curaverat
1220 2059 1336 2092 fllium.

971 2109 1140 2150 Tmloent]
1161 2109 1232 2141 Per
1254 2110 1364 2142 varias
1390 2110 1557 2151 regiones,
1578 2111 1630 2142 di·

928 2167 1094 2200 versaque
1122 2160 1243 2200 maria,
1270 2160 1477 2202 tandemque
1502 2161 1537 2192 in
1568 2171 1627 2203 pa·

927 2209 1028 2240 triam
1043 2218 1139 2241 snam
1151 2209 1292 2251 Trojam
1312 2212 1541 2252 pertraheret.

970 2258 1115 2290 Navibus
1136 2258 1249 2300 Idoeis]
1283 2259 1473 2292 rubricatio
1499 2260 1533 2290 in
1563 2259 1627 2291 Ida

925 2308 1069 2341 Troadis
1085 2313 1212 2341 monte.

969 2361 991 2390 2
1013 2358 1170 2391 Helenam
1184 2358 1321 2399 perfidus
1333 2357 1500 2398 hospitoaeufl
1523 2357 1623 2390 Paris

923 2407 1073 2448 hospitio
1088 2412 1248 2448 receptus
1258 2406 1349 2447 apud
1362 2407 1571 2446 Menelaum,
1583 2416 1624 2438 eo

925 2456 1063 2496 quidem
1088 2456 1230 2486 absente
1260 2456 1294 2486 in
1322 2455 1526 2486 adulterium
1552 2456 1625 2497 pel-

924 2506 1010 2536 lexit
1025 2504 1236 2546 abduxitque
1259 2504 1428 2535 Helenam
1450 2505 1522 2546 ejus
1542 2515 1624 2538 uxo-

927 2564 1024 2594 rem3
1063 2555 1248 2595 adjuvaute
1284 2554 1439 2586 nimirum
1474 2556 1623 2597 Venere,

927 2614 1004 2646 quae
1032 2603 1308 2635 formosissimam
1331 2603 1449 2636 Paridi
1475 2614 1625 2646 spopon-

926 2655 1024 2686 derat
1039 2653 1222 2693 t‘oemiuam,
1236 2654 1271 2686 in
1290 2654 1466 2696 praemium
1484 2656 1621 2696 judicii,

925 2715 992 2746 quo
1005 2705 1135 2737 Junoni
1155 2709 1192 2737 et
1214 2703 1348 2738 Palladi
1363 2706 1508 2747 prelata
1520 2705 1564 2739 ab
1580 2715 1623 2739 eo

924 2754 1050 2787 fuerat.
