1916 3190
605 277 875 310 camnnuu
910 277 1003 308 mn.
1032 277 1107 307 m.
1135 268 1204 309 27.

1516 269 1603 311 515

392 373 646 424 Antequam
666 376 833 415 stantes
852 373 1024 433 repetat
1042 369 1227 426 paludes

168 481 302 510 netum
313 487 417 518 augur
434 481 608 520 previdens
625 480 764 519 futura?
794 481 983 522 Priusquam
1002 481 1124 514 «viulo
1140 479 1254 522 plnoioe
1263 480 1417 520 proxima
1430 481 1606 521 proenuntia

774 574 811 586 00
814 575 853 587 00

168 635 300 677 tiquiss.
323 637 426 678 Cruq.
445 637 648 679 (quanquam
672 647 748 669 cum
770 637 902 679 litura),
923 647 1000 670 cum
1023 645 1214 678 superascr.
1235 636 1246 654 ‘
1261 636 1344 668 alins
1366 635 1462 676 quidss
1486 635 1604 666 Lamb.

167 677 326 718 Torrent.
342 679 508 711 etBentl.
524 689 544 711 e
560 680 628 711 suis
642 679 743 712 codd.
757 680 938 712 Pulmsnni
952 679 1130 711 Gembiac.
1147 682 1187 710 l:
1205 687 1291 710 nnus
1306 678 1441 710 Bersm.
1468 678 1561 717 Lips.
1580 681 1610 710 1.

171 719 366 761 8-Praneq.
377 720 525 752 Heimst.
541 719 658 752 Basili.
675 723 770 753 1527.
785 723 838 753 31.
853 725 906 753 55.
919 723 974 752 80.
1002 720 1130 752 Venet.
1149 722 1244 752 1⁵90.
1282 719 1410 751 Muret-
1434 718 1479 750 H.
1490 719 1608 759 Steph.

170 761 272 793 Fabr-
286 761 407 794 Heius.
421 762 506 794 Fab.
518 763 623 803 Rutg.
636 763 754 794 Burm.
766 763 894 795 Dacer.
907 762 1023 794 Benti.
1035 762 1211 794 Cun.San.
1223 761 1303 794 Jon.
1315 763 1326 779 ‘
1339 762 1491 793 Praestat
1504 762 1608 791 etiam

168 802 221 834 esi
233 802 275 834 nd
289 804 509 844 sententiam,
523 813 567 834 ex
582 813 690 844 eoque
705 803 804 835 facile
819 810 944 835 ceterae
960 803 1143 835 varietntes
1157 803 1266 835 orte!
1280 804 1371 835 Jani.
1417 803 1502 834 Mox
1514 812 1562 834 vs.
1579 805 1611 834 7.

159 849 248 886 ,με
269 853 389 886 ..φη
409 845 687 886 interrogationis
712 846 845 886 signum
871 845 998 878 habent
1020 844 1163 878 Ascens.
1178 845 1298 877 Basili.
1315 844 1432 877 Lamb.
1446 845 1525 885 (sed
1543 854 1610 876 non

155 917 161 923 ,
196 890 200 891 ’
259 894 311 925 ss,
329 891 368 919 ut
381 887 479 918 Torr.
493 886 708 928 criminatur)
723 887 828 928 Crnq.
853 887 973 919 Heius.
997 887 1101 919 Fabr.
1123 888 1243 928 Stepb.
1267 887 1352 919 Fsb.
1378 887 1482 927 Rutg.
1507 887 1610 917 Baxt.

297 928 407 962 zeum
429 929 550 961 Comb.
578 929 689 960 Bond.
718 929 891 961 Scbrevel.
918 929 1040 969 Delpb.
1064 930 1108 960 al.

1165 929 1214 960 At
1239 929 1365 961 nudum
1391 938 1522 959 comma
1551 937 1611 968 po-

155 951 316 1006 ...καί-11
345 979 509 1007 censuere
538 970 712 1002 Passerat.
734 971 862 1002 Muret.
890 970 1039 1010 xyland.
1072 976 1109 1002 et
1141 971 1299 1002 Turrem.
1331 977 1369 1002 et
1401 970 1451 1002 sic
1482 970 1611 1001 Dacer.

168 1007 275 1046 znrk.
299 1012 425 1052 Despr.
449 1012 565 1044 Benti.
591 1012 677 1044 Cnn.
701 1012 829 1044 Sanad.
848 1012 966 1045 Jones.
997 1012 1091 1052 hui,
1123 1012 1276 1051 Francis,
1305 1013 1445 1044 Mitscb.
1470 1012 1610 1052 Bipont.

168 1053 314 1086 wetzel.
341 1052 472 1085 Wakef.
496 1059 533 1086 et
555 1053 662 1085 Kidd.

704 1055 791 1086 ‘Est
813 1059 926 1086 autem
954 1058 991 1085 et
1018 1063 1148 1086 comme
1169 1054 1384 1086 inserendum
1416 1059 1496 1095 post
1525 1054 1613 1085 time-

819 1148 958 1182 NOTAE

155 1209 247 1243 >Non
261 1213 317 1242 snt
338 1209 428 1252 qnod
449 1210 587 1242 timeam
603 1210 679 1250 tibi,
694 1210 860 1250 (huten

157 1267 244 1292 «em
257 1259 350 1292 unito
363 1259 409 1291 sis
423 1259 564 1292 crimine
575 1260 754 1300 obstricta,
768 1259 861 1293 felici

156 1307 262 1340 ⁴exitu
277 1311 316 1340 ut
327 1312 364 1340 et
374 1309 525 1350 auspicio
537 1308 645 1342 fluent
658 1310 720 1342 tibi
731 1311 860 1343 omnia:

166 1365 232 1388 nec
259 1365 328 1389 non
355 1356 502 1390 faustum
531 1358 594 1390 tibi
623 1359 802 1400 augurium
824 1364 862 1392 et

167 1414 232 1447 ogo
245 1406 413 1447 precabor
431 1408 592 1448 navigare
615 1409 792 1450 cupienti:
815 1410 862 1441 sis

153 1454 294 1496 -nbiqno
305 1454 405 1493 fiiis.
447 1457 549 1491 Quod
567 1459 596 1491 si
612 1459 716 1491 liceat
730 1459 865 1499 aperire

155 1502 258 1546 'qnod
272 1504 398 1545 sentio,
407 1505 524 1537 malim
538 1510 647 1545 certe,
657 1516 733 1539 cnm
745 1506 866 1538 Erudi-

159 1553 216 1585 »ῆι
240 1554 422 1590 nonnullis,
446 1554 722 1596 interrogationis
749 1561 864 1587 notam

157 1611 377 1644 ,expungam
400 1608 451 1645 st,
479 1605 679 1636 continuato
706 1613 805 1635 sensu
832 1608 870 1635 et

167 1651 339 1690 oratione.
361 1653 510 1694 jungere
539 1662 616 1684 cum
646 1653 866 1693 sequentibus

156 1701 347 1741 thoe-semu
359 1711 370 1733 ε
382 1703 455 1742 Ego
468 1701 647 1738 Horatius,
660 1704 688 1733 si
702 1704 756 1734 cui
769 1703 868 1734 time-

168 1749 214 1782 bo
228 1759 358 1790 auspex
373 1750 546 1790 providus,
567 1751 626 1792 (ut
648 1751 710 1783 tibi
730 1752 867 1792 naviga-

155 1804 257 1831 tura
282 1796 399 1839 timeo,
426 1799 602 1841 (histem)
624 1801 704 1832 huic
737 1801 865 1842 ‘prece

157 1848 340 1880 -snseitabo
363 1848 512 1880 oscinem
533 1849 578 1880 ab
596 1854 674 1881 ortu
688 1851 777 1882 Solis
792 1860 866 1883 cor-

155 1895 271 1936 -vnnq'
282 1906 353 1939 qno
366 1897 584 1930 deterreatur
599 1909 620 1930 a
634 1901 864 1932 conscenden-

158 1945 213 1977 do
233 1947 334 1986 mari,
358 1946 424 1978 isto
448 1947 581 1980 scilicet
603 1949 691 1980 maio
713 1950 863 1989 augurio.

154 1995 261 2027 -vide
277 2005 356 2028 nox
369 1997 575 2028 annotanda.
622 2022 630 2027 „

156 2057 158 2059 ’
207 2048 232 2078 8
245 2045 392 2089 Aaou]
416 2046 452 2078 Is
465 2048 642 2087 augurium
656 2054 798 2089 captans
813 2058 866 2080 se-

168 2095 276 2128 debat
285 2097 403 2138 capite
413 2097 526 2129 velato
537 2107 548 2129 ε
562 2097 684 2129 lituum
694 2097 769 2130 sine
777 2098 867 2129 nodo

167 2147 291 2176 teum
310 2145 493 2185 aduncum,
519 2155 587 2187 quo
609 2147 685 2178 coeli
708 2148 866 2187 regiones

158 2198 207 2225 ,ει
229 2199 327 2226 certa
348 2195 458 2236 spatia
489 2196 645 2236 notabat,
673 2197 795 2238 quibus
818 2198 866 2229 vi-

157 2240 286 2273 -denda
311 2242 357 2274 ad
387 2252 424 2274 se
451 2245 625 2284 pertinere
655 2244 868 2286 designabat,

158 2290 239 2321 Δια.
267 2289 370 2322 Alex.
386 2290 430 2322 ab
445 2291 546 2324 Alex.
561 2297 642 2324 ante
661 2293 723 2326 cit.
754 2295 866 2327 Quam

159 2347 252 2370 sero
267 2341 384 2372 mundi
398 2345 533 2382 partem
547 2342 866 2384 spectabat-ngat?

156 2387 252 2421 -hinc
272 2390 364 2423 enim
384 2390 523 2432 pendet.
535 2391 716 2425 muitarum
738 2391 863 2423 solutio

170 2439 412 2478 quastionum:
448 2439 603 2471 nimirum
643 2440 703 2471 nbi
741 2441 864 2471 dextra

159 2494 265 2526 mars,
272 2487 330 2519 nbi
344 2489 386 2520 ln
392 2498 432 2520 va
446 2488 697 2527 constituenda3
713 2488 865 2528 sdeoqne

161 2534 263 2575 -qnod
277 2533 376 2575 felix,
386 2537 477 2577 quod
493 2536 613 2569 infelix
625 2546 736 2569 omen.
760 2537 866 2569 Primi

165 2581 276 2615 2800.
295 2593 441 2624 augures
463 2585 640 2618 Orientem
666 2590 866 2627 spectarunt

166 2632 219 2664 -ab
234 2632 376 2664 Albanis
396 2638 433 2664 et
452 2634 583 2667 latinis
598 2637 725 2668 edocti.
759 2636 866 2667 Patet

177 2690 220 2713 ex
242 2681 361 2723 Virgil-
373 2682 506 2716 AEneid.
519 2692 600 2715 vm.
614 2688 668 2718 ⁶8.
682 2690 719 2717 et
732 2686 866 2718 AEneid,

179 2740 248 2764 xri.
264 2733 337 2765 172.
372 2731 523 2765 subinde
547 2742 640 2774 vero,
661 2744 704 2767 ex
719 2736 866 2767 Etrusca

914 1210 1110 1252 disciplina,
1151 1211 1193 1243 ad
1238 1210 1420 1243 Meridiem
1459 1211 1613 1242 conversi

913 1270 1012 1294 omen
1027 1261 1208 1301 capiebant
1230 1266 1267 1293 et
1289 1261 1487 1302 auspicium.
1524 1260 1613 1292 Vide

913 1311 1058 1342 Varrou.
1088 1311 1145 1342 lib.
1172 1320 1223 1342 vt.
1249 1311 1339 1343 Piin.
1364 1320 1405 1342 ιι.
1433 1313 1488 1342 54.
1524 1310 1612 1343 Quoe

914 1369 990 1392 cnm
1005 1360 1054 1391 ita
1078 1360 1150 1392 sint
1169 1365 1266 1392 ortus
1290 1361 1378 1392 Solis
1401 1365 1474 1391 erat
1496 1359 1545 1391 eis
1570 1360 1613 1391 ad

913 1409 1049 1448 laevam,
1077 1417 1220 1441 occasus
1248 1409 1292 1439 ad
1320 1409 1500 1440 dextram:
1531 1418 1614 1449 ergo

914 1457 1008 1499 qnod
1034 1467 1113 1489 mox
1127 1458 1176 1489 eit
1191 1457 1370 1498 Horatius,
1390 1458 1401 1475 ‘
1416 1467 1555 1490 corvum
1571 1458 1614 1489 ab

915 1510 994 1537 ortu
1012 1505 1101 1538 Solis
1125 1507 1299 1547 oscinem‚'
1328 1507 1499 1539 sinistrum
1526 1506 1614 1538 infe-

913 1555 1030 1595 lixque
1042 1557 1222 1595 augurium
1231 1556 1384 1588 denotat.
1405 1555 1507 1587 Adde
1523 1557 1614 1597 quod

916 1605 1019 1644 vulgo
1034 1604 1243 1644 putabantur
1258 1605 1410 1646 auspicia
1423 1606 1517 1636 corvi
1530 1605 1615 1636 dex-

916 1654 962 1685 tri
990 1652 1115 1691 fausta,
1148 1653 1227 1685 laevi
1260 1653 1429 1686 infelicia:
1467 1654 1614 1686 cornicis

916 1707 1047 1734 contra.
1074 1703 1189 1735 Plaut.
1212 1703 1349 1735 Asinar.
1373 1702 1465 1735 infra
1486 1703 1615 1735 citand.

918 1751 1008 1796 ltgm
1024 1750 1138 1784 Aului.
1151 1753 1252 1784 Scen.
1274 1756 1328 1784 20.
1361 1755 1371 1771 ‘
1389 1754 1466 1785 Non
1483 1759 1614 1784 temere

918 1805 973 1832 est
986 1801 1075 1842 quod
1091 1810 1215 1834 corvus
1230 1808 1346 1835 cantat
1369 1803 1448 1834 mihi
1465 1812 1555 1834 nunc
1570 1803 1613 1833 ab

918 1851 1007 1882 laeva
1029 1851 1156 1892 manu,’
1181 1854 1247 1884 &c.
1282 1853 1357 1884 Cic.
1381 1852 1424 1883 de
1448 1852 1562 1884 Divin.
1586 1855 1615 1882 1.

917 1901 927 1918 ‘
945 1900 1036 1933 Quid
1054 1910 1177 1942 augur,
1191 1911 1252 1933 cur
1264 1911 1284 1933 a
1296 1902 1421 1933 dextra
1436 1911 1572 1940 corvus,
1594 1911 1615 1932 a

917 1950 1054 1981 sinistra
1068 1951 1187 1982 cornix
1201 1950 1308 1982 facist
1323 1957 1431 1982 ratum
1443 1951 1475 1982 ?’
1499 1951 1546 1982 Et
1556 1960 1615 1981 an·

918 2003 999 2030 tea:
1023 2001 1034 2017 ‘
1050 1999 1226 2031 Panoetins
1257 2001 1401 2042 requirit
1427 2001 1612 2041 Jupiterne

918 2049 1086 2080 cornicem
1113 2059 1135 2080 a
1155 2051 1254 2090 laeva,
1282 2059 1421 2081 corvum
1445 2059 1466 2081 a
1490 2049 1614 2081 dextra

917 2106 1041 2129 canere
1050 2098 1234 2139 jussisset!
1248 2100 1301 2132 Et
1310 2099 1356 2131 de
1369 2099 1490 2130 Divin.
1500 2107 1543 2130 ιι.
1556 2101 1594 2130 81
1603 2122 1611 2130 .

915 2147 926 2165 ⁴
943 2147 1014 2179 Cur
1034 2148 1109 2179 aliis
1131 2158 1153 2179 a
1174 2148 1313 2188 dextra,
1334 2148 1407 2180 aliis
1422 2148 1542 2180 alaeva
1554 2148 1613 2179 da-

917 2199 990 2228 tum
1012 2201 1068 2228 est
1090 2196 1221 2236 avibus,
1243 2200 1284 2228 nt
1296 2201 1407 2228 ratum
1423 2197 1613 2237 auspicium

906 2244 1032 2278 -fecere
1067 2245 1237 2286 possint?'
1277 2246 1406 2276 Verum
1440 2246 1613 2276 enimvero

914 2298 926 2314 ⁸
939 2304 1063 2335 magna
1078 2295 1179 2336 hujus
1194 2294 1440 2326 observationis
1461 2293 1615 2331 vanitas,’

903 2348 954 2375 ‚ut
968 2344 1018 2376 ait
1031 2345 1105 2384 ipse
1121 2344 1212 2374 Piin.
1234 2352 1311 2373 mox
1334 2342 1393 2373 cit.
1418 2342 1464 2372 Et
1481 2341 1553 2372 Cic.
1568 2341 1612 2372 de

915 2393 1029 2424 Divin.
1043 2401 1085 2423 ιι.
1101 2395 1155 2423 82.
1187 2393 1197 2409 ‘
1213 2392 1299 2424 Quae
1320 2394 1432 2421 autem
1455 2395 1509 2421 est
1522 2390 1614 2422 inter

915 2441 1072 2482 Augures
1082 2441 1286 2471 conveniens
1294 2444 1331 2471 et
1342 2440 1522 2480 conjuncta
1532 2449 1613 2471 con·

917 2490 1066 2521 stantia?
1095 2489 1153 2520 Ad
1167 2490 1275 2520 nostri
1289 2489 1419 2530 augurii
1434 2493 1613 2521 consuetu-

917 2538 1029 2569 dinem
1055 2538 1146 2569 dixit
1173 2538 1322 2570 Ennius:
1358 2543 1368 2557 ¹
1386 2538 1471 2570 Cum
1501 2539 1613 2571 tonuit

917 2587 1039 2618 laevum
1058 2587 1146 2618 bene
1162 2592 1367 2628 tempestate
1389 2587 1531 2620 serena!
1564 2588 1613 2620 At

919 2636 1120 2668 Homericus
1135 2636 1225 2678 Ajax
1241 2637 1332 2678 apud
1346 2637 1515 2670 Achillem
1530 2647 1612 2679 qne-

918 2695 996 2717 rens
1020 2685 1063 2717 de
1086 2684 1269 2717 ferocitate
1290 2686 1524 2727 Trojanornm,
1551 2696 1610 2719 ne-

918 2737 986 2768 scio
1010 2735 1090 2777 quid
1109 2736 1173 2768 boc
1197 2735 1296 2768 modo
1320 2737 1475 2769 nuntiat:
1498 2738 1509 2755 ‘
1526 2737 1609 2769 Pro-
