1916 3190
278 250 366 292 452
760 266 803 303 Q.
836 265 1045 296 HoRA'rn
1082 266 1254 298 FLAcm

336 354 477 395 Simul
497 357 655 397 unctos
675 355 896 399 Tiberinis
915 358 1122 400 humeros
1141 359 1252 402 lavit
1271 361 1315 401 in
1339 360 1479 412 undis,

279 471 345 508 sis;
365 473 419 513 qui
433 477 480 505 est
493 483 584 514 eques
596 475 741 507 solertior
755 476 821 517 ipso
836 476 1089 517 Bellerophonte,
1103 487 1159 510 nec
1171 479 1318 520 pugilatu
1332 479 1492 511 nectardo
1506 486 1598 510 cum
1610 485 1735 518 supera-

883 571 1124 585 ‘O‘O‘OmNO

284 632 441 664 scribunt.
465 634 581 666 Bentl.
598 635 742 677 Cuning.
762 637 857 676 Jani,
879 638 1021 670 Mitsch.
1044 638 1185 679 Bipont.
1201 643 1237 670 et
1251 638 1398 670 XVetzel.
1421 636 1561 677 Liparaei
1577 635 1737 676 vulgg.—-

285 678 306 705 6
328 678 337 692 ‘
350 674 436 706 Haec
461 677 576 717 verba,
600 678 702 709 Simul
726 683 834 710 unctos
847 703 874 711 ..
887 704 895 712 .
908 682 1013 720 undis,
1032 682 1086 712 liic
1106 685 1182 721 post
1198 683 1283 712 nitor
1299 680 1401 712 Hebri
1425 679 1584 710 exhibent
1607 686 1736 717 omnes,

285 726 342 757 qui
360 718 467 749 adhuc
490 720 638 759 inspecti
655 727 746 760 sunt,
762 722 864 752 codd.
882 723 1018 754 Horatii
1043 724 1215 764 (exceptis
1233 723 1352 761 tribus,
1375 726 1413 753 nt
1428 719 1648 759 videbimus),
1669 728 1739 750 om-

284 768 413 799 nesque
429 766 508 792 ante
524 762 649 793 Aidum
675 763 775 794 editt.
793 770 879 796 vett.
925 765 1015 796 Item
1029 764 1202 796 Acronem
1218 770 1255 796 et
1271 766 1581 796 commentatorem
1597 761 1742 802 Cruquii

285 803 334 832 sic
349 802 474 842 legisse
489 809 646 844 apparet.
691 806 813 846 Neque
839 816 858 837 e
887 807 1130 847 Porphyrionis
1147 812 1231 838 nota
1246 812 1372 847 potest,
1395 815 1471 836 eum
1488 805 1588 835 aliter
1604 804 1740 844 legisse,

286 843 447 892 derivari.
492 846 557 877 Sed
579 846 707 886 primus
731 847 840 878 Aldus
866 849 953 889 haec,
972 849 1094 880 Simul.
1112 871 1119 878 .
1135 849 1264 887 ,undis,
1290 849 1412 888 rejecit
1443 851 1520 887 post
1537 845 1644 877 verba
1661 846 1740 885 pede

285 889 396 925 victus,
415 897 462 917 vs.
480 890 510 918 8.
528 898 547 919 e
563 889 749 920 Viennensi
767 890 886 921 codiee
903 891 1065 921 Stanislai
1081 891 1173 922 Zaur
1195 891 1367 932 (Saueri):
1389 890 1531 930 ejusque
1547 888 1739 927 exemplum

286 937 405 959 omnes
423 930 667 970 propemodum
684 936 802 970 postea
823 932 991 963 editiones
1017 937 1158 972 secutae,
1182 938 1219 963 ut
1242 933 1358 963 Basili.
1375 932 1490 962 Lamb.
1506 930 1639 961 MarciI.
1656 928 1740 960 Asc.

288 970 421 1002 Fabric.
449 972 569 1012 Stepb.
592 972 711 1004 Heius.
729 973 833 1012 Rutg.
850 973 933 1005 Fab.
949 975 1080 1006 Dacer.
1101 975 1145 1005 ai.
1189 973 1288 1006 Quod
1307 973 1424 1004 Bentl.
1447 971 1650 1010 ait,-Alduni
1675 980 1741 1002 non

287 1010 411 1043 vidisse
426 1014 536 1053 ipsum
549 1014 700 1045 codicem
716 1014 936 1056 Zaurianum,
951 1015 1011 1046 sed
1035 1015 1236 1056 imposuisse
1251 1015 1298 1046 illi
1315 1015 1517 1045 nebulonem
1533 1013 1692 1054 aliquem,
1706 1013 1742 1043 in

287 1063 328 1084 eo
349 1055 399 1085 vir
415 1056 631 1086 doctissimus
647 1056 800 1095 graviter
815 1061 921 1089 errat.
969 1057 1058 1088 Nam
1085 1058 1193 1088 Aldus
1215 1058 1224 1074 ‘
1236 1056 1279 1087 ad
1301 1066 1337 1088 se
1354 1057 1494 1087 missum·
1508 1055 1550 1086 ab
1563 1055 1672 1086 amico
1687 1062 1744 1086 co-

289 1097 399 1127 dicem
426 1098 538 1137 ipsnm
565 1107 601 1128 se
623 1098 784 1129 habuisse
799 1100 807 1114 ’
829 1099 871 1129 ad
885 1097 929 1131 Ἰι.
953 1099 975 1130 1.
1001 1099 1119 1131 tradit.
1165 1100 1210 1130 Et
1230 1105 1306 1139 post
1329 1099 1432 1130 etiam
1449 1098 1482 1128 in
1500 1097 1630 1129 duobus
1645 1096 1747 1129 codd.

288 1139 403 1169 collat.
419 1139 499 1170 Sax.
517 1149 572 1180 ap.
587 1139 693 1172 Geso.
709 1145 869 1180 repertus
883 1146 936 1172 est
952 1140 1097 1172 Aldinus
1111 1141 1292 1173 verborum
1308 1142 1401 1172 ordo.
1445 1140 1513 1172 Sed
1529 1139 1562 1170 in
1583 1139 1646 1170 boe
1660 1138 1744 1170 Cat·-

289 1181 379 1212 mine
396 1182 538 1221 ejusque
556 1187 665 1213 metro
686 1182 806 1214 faciles
831 1187 930 1214 erant
956 1193 1108 1214 versuum
1136 1189 1171 1215 et
1199 1184 1379 1215 verborum
1407 1182 1685 1220 permutationes,
1707 1185 1748 1212 nt

289 1223 464 1254 Excursus
480 1223 594 1256 docet.
630 1224 731 1257 Quod
749 1230 986 1265 argumentum
1003 1225 1112 1257 Aldus
1124 1226 1222 1256 duxit
1235 1235 1256 1256 a
1271 1225 1376 1257 verbo
1389 1223 1744 1265 Bellerophontem-md

290 1274 356 1296 non
375 1265 526 1297 efficiant
535 1272 680 1308 quatuor
693 1267 820 1298 ultimae
832 1267 974 1308 syllabae
987 1267 1140 1300 Ionicum
1158 1278 1178 1299 a
1193 1268 1334 1309 minore,
1345 1267 1406 1298 sed
1421 1267 1584 1298 Paeonem
1597 1265 1747 1303 tertium,

290 1307 436 1348 ideoque
452 1318 518 1339 non
533 1309 567 1340 in
584 1309 694 1340 medio
713 1319 811 1340 versu
825 1310 885 1340 sed
902 1310 935 1341 in
953 1315 1109 1342 extremo
1125 1310 1208 1341 illud
1225 1309 1461 1341 collocandum
1477 1308 1535 1345 sit,
1547 1307 1580 1339 id
1593 1307 1675 1338 satis
1691 1315 1745 1338 re-

283 1348 446 1381 futarunt.
470 1351 573 1391 Cruq.
596 1351 758 1383 Glarean.
784 1358 819 1382 et
847 1353 962 1382 Bentl.
1009 1353 1095 1383 Nam
1114 1353 1241 1383 dicitur
1262 1354 1376 1388 etiam,
1401 1355 1440 1382 ut
1462 1348 1675 1386 ‘Anchisese
1697 1349 1746 1380 sic

289 1393 299 1408 ‘
315 1392 614 1432 Bellerophontes,
640 1392 692 1431 α’]
717 1402 736 1422 e
763 1393 827 1424 Gr.
843 1393 1112 1434 Βελλεροφόντης,
1137 1407 1185 1431 ov,
1208 1404 1274 1434 quo
1302 1399 1403 1434 pacto
1429 1392 1569 1424 ablativi
1595 1391 1748 1422 ultimam

292 1432 434 1473 produci
452 1443 594 1464 necesse
611 1439 678 1466 est.
725 1435 885 1475 Denique
901 1436 975 1475 jam
991 1437 1152 1467 Torrent.
1169 1441 1262 1467 recte
1277 1435 1488 1473 observavit,
1499 1435 1534 1465 in
1550 1433 1677 1464 Aldino
1692 1441 1747 1463 or-

293 1474 374 1506 dine
397 1475 462 1506 sibi
489 1485 557 1506 non
583 1480 740 1507 constare
767 1477 985 1517 sententiam,
1013 1478 1103 1517 qnod
1131 1484 1250 1518 postea
1275 1478 1392 1507 Benti.
1410 1475 1563 1515 pluribus
1583 1474 1748 1506 ostendit.

292 1517 383 1548 Nam
401 1518 545 1557 primum
561 1517 678 1558 inepte
694 1518 821 1549 dicitur
837 1518 978 1549 Hebrus
994 1528 1093 1560 equo,
1103 1529 1228 1559 pugno,
1243 1519 1331 1558 pede
1346 1517 1507 1553 invictus.
1521 1517 1615 1548 simul
1629 1520 1748 1552 unctos,

293 1560 347 1599 &a
371 1559 404 1590 h.
420 1563 584 1599 postquam
598 1559 693 1590 lavit.
740 1559 876 1591 Deinde
891 1560 940 1590 sic
949 1561 1108 1602 jungitur
1124 1562 1208 1592 nitor
1223 1560 1338 1597 Hebri.
1359 1569 1470 1601 equeb·
1492 1558 1582 1601 quod
1598 1558 1745 1589 occasio-

293 1609 371 1631 nem
388 1601 485 1631 dedit
502 1601 596 1641 gravi
614 1601 663 1631 illi
679 1599 936 1641 reprehensioni
949 1602 988 1633 T.
1006 1602 1120 1641 Fabri,
1138 1612 1157 1632 a
1171 1602 1320 1634 Dacerio
1337 1601 1496 1642 repetitae
1512 1612 1520 1632 ε
1546 1606 1555 1619 ¹
1567 1601 1748 1641 pessimam

294 1643 382 1674 hanc
398 1651 474 1673 esse
490 1647 527 1674 et
543 1643 832 1683 corruptissimam
850 1643 1077 1675 cacozeliam.’
1123 1645 1199 1675 Non
1215 1643 1371 1675 sufficere
1386 1643 1522 1674 videtur
1535 1643 1578 1673 ad
1601 1643 1662 1673 lioc
1686 1641 1752 1672 cri-

294 1694 372 1715 men
388 1685 644 1725 depellendum,
658 1685 749 1726 quod
764 1685 848 1716 nitor
863 1685 968 1716 Hebri
984 1689 1038 1716 est
1053 1695 1115 1726 pro
1138 1685 1149 1702 ‘
1162 1685 1301 1716 Hebrus
1315 1684 1336 1715 ε’
1356 1685 1415 1716 sed
1432 1690 1592 1716 revocato
1608 1684 1748 1725 antiquo

297 1727 479 1758 verborum
495 1727 613 1758 ordine
629 1727 743 1758 omnia
757 1727 845 1758 bene
860 1727 1013 1759 habent.’
1033 1728 1123 1759 Jani.
1167 1721 1343 1768 Liparinis,
1358 1736 1420 1767 pro
1437 1726 1604 1764 Tiberinis,
1615 1726 1748 1757 emend.

295 1769 385 1801 Sivr.
409 1769 576 1810 opinionis
602 1779 671 1800 suae
694 1769 737 1801 de
762 1769 827 1802 hoc
852 1770 1013 1801 Carmine
1035 1779 1151 1802 causa.
1180 1770 1258 1801 lacit
1271 1769 1375 1810 undis,
1388 1769 1512 1801 omisso
1525 1768 1572 1809 in,
1586 1767 1663 1800 fere
1673 1767 1752 1799 edd.

954 1865 1099 1898 NOTAE

299 1946 470 1982 nocteque
487 1950 557 1973 rem
574 1945 719 1974 amatam
731 1941 843 1974 animo
856 1940 1000 1974 duntax-

298 1995 334 2021 at
349 1991 482 2030 objicit,
498 1992 639 2022 aliarum
653 1993 799 2023 omnium
817 2000 930 2023 rerum
945 2002 1001 2023 co-

300 2039 498 2079 gitationem
516 2045 552 2071 et
562 2050 677 2071 curam
690 2041 814 2072 aufert.
837 2041 977 2081 Sappho
991 2051 999 2072 ε

300 2090 432 2119 Γλυκεῖα
462 2090 573 2128 μᾶτερ,
606 2091 693 2122 οὔτοι
726 2089 855 2130 δύναμαι
883 2089 1003 2130 κρέκειν

299 2137 357 2169 τὸν
371 2137 472 2176 ἰστὸν,
488 2138 576 2177 Πόθῳ
587 2141 718 2177 δαμεῖσα
725 2140 846 2179 παιδὸς,
855 2141 1003 2180 βραδινὰν

303 2188 340 2218 δι’
355 2186 550 2228 Ἀφροδίτα-ν.
583 2188 696 2218 Dulcis
710 2193 821 2228 mater,
836 2190 919 2220 haud
931 2200 1001 2230 pos·

301 2247 370 2269 sum
382 2237 483 2268 ordiri
497 2237 601 2276 telam,
622 2237 776 2276 Cor-repta
792 2247 895 2268 amore
914 2240 1002 2277 pueri

297 2297 356 2328 per
382 2288 498 2319 lentmn
530 2287 690 2318 Venerem.
741 2284 843 2326 Apud
881 2286 1001 2325 Virgil.

304 2337 398 2368 Dido
411 2345 525 2368 amore
535 2340 638 2376 capta
650 2334 775 2371 AEneoe,
791 2334 908 2366 cetera
922 2344 1001 2374 neg-

302 2388 378 2428 ligit
393 2387 517 2418 omnia.
561 2385 694 2418 AEneid.
710 2383 760 2417 ιύ.
774 2386 829 2416 86.
870 2385 960 2415 Vide
978 2393 1003 2415 1.

307 2437 375 2469 Od.
391 2439 422 2467 8.
443 2436 558 2477 ibique
576 2435 660 2466 Not.

349 2485 502 2525 Neobuze]
527 2483 595 2516 Νέα
607 2484 721 2524 βουλὴ,
727 2483 868 2523 juvenile
882 2483 1005 2514 consiti-

305 2547 358 2568 um
367 2549 377 2568 .·
401 2537 456 2567 vel
470 2534 538 2567 νέος
552 2537 667 2574 βῶλος,
682 2544 761 2566 noim
773 2534 876 2573 gleba.

349 2586 486 2627 Liparaei
501 2588 585 2617 nitor
602 2585 719 2626 Hebri]
744 2584 883 2625 Species
898 2588 934 2614 et
948 2583 1008 2615 de-

306 2646 367 2667 cor
391 2635 617 2667 adolescentis
640 2634 750 2666 Hebri
767 2643 786 2665 e
802 2633 927 2673 Lipara
942 2633 1008 2663 ori·

308 2686 411 2716 nudi:
436 2695 512 2726 quae
529 2685 698 2726 praecipua
710 2688 763 2715 est
778 2683 868 2715 inter
884 2683 1008 2714 AEolias

308 2734 449 2773 insulas,
466 2734 498 2764 in
515 2734 599 2765 mari
621 2733 821 2774 Tyrrhen03
838 2731 937 2764 hodie
954 2732 1011 2762 Li-

306 2785 400 2825 pari‚·
432 2783 559 2824 pendet
587 2794 606 2815 a
631 2783 769 2821 Sicilia3
800 2782 898 2813 inodo
920 2781 1007 2813 bene

1055 1942 1158 1978 culta,
1172 1943 1209 1974 et
1224 1949 1303 1973 arce
1319 1940 1450 1972 mnnita
1464 1942 1530 1971 est.

1099 1992 1195 2023 Nitor
1211 1992 1325 2028 Hebri,
1339 1990 1408 2031 afa]
1433 1989 1551 2022 Dictio
1577 1987 1679 2029 plane
1701 1987 1751 2020 in-

1054 2043 1178 2083 solens,
1190 2051 1310 2073 carens
1326 2040 1496 2081 exemplo,
1504 2043 1541 2071 et
1555 2047 1633 2080 qnae
1647 2037 1751 2070 bilem

1055 2092 1162 2123 movit
1184 2091 1289 2123 etiam
1316 2088 1579 2121 admiratoribus
1604 2087 1754 2126 Horatii,

1056 2142 1131 2183 ejus
1169 2142 1236 2173 isto
1264 2141 1341 2173 loco
1369 2138 1574 2172 cacozeliam
1603 2137 1754 2169 notanti-

1056 2192 1128 2223 bus.

1098 2243 1120 2271 6
1143 2240 1245 2271 Simul
1277 2242 1386 2271 unctos
1414 2238 1569 2270 fiber-inis
1603 2237 1756 2275 hamos,

1055 2287 1126 2327 mu]
1151 2289 1252 2320 Hunc
1270 2298 1404 2320 vei-snm
1430 2289 1638 2320 interserunt
1651 2285 1756 2326 aliqui

1056 2337 1200 2375 septimo
1212 2337 1301 2375 loco,
1317 2337 1463 2376 planiori
1479 2335 1616 2377 quidem
1630 2342 1730 2365 sensu
1744 2343 1753 2364 ι

1056 2393 1173 2415 verum
1203 2389 1433 2424 praeterquam
1464 2383 1555 2424 quod
1584 2386 1755 2423 repugnat

1057 2433 1214 2466 carminis
1229 2434 1297 2469 lex,
1309 2438 1345 2464 et
1359 2433 1520 2463 instituta
1529 2441 1685 2463 versuum
1702 2441 1754 2463 se-

1055 2483 1146 2522 ries3
1171 2483 1334 2524 siquidem
1350 2483 1414 2513 hoc
1430 2486 1534 2523 pacto
1549 2481 1617 2514 dno
1632 2482 1755 2514 Tetra-

1054 2533 1155 2563 metri
1177 2531 1329 2564 continui
1355 2537 1581 2572 ponerentur3
1603 2531 1638 2562 id
1667 2532 1758 2563 insu-

1057 2592 1117 2622 per
1131 2587 1262 2614 rectum
1284 2581 1505 2623 perturbaret
1526 2580 1679 2612 ordinem
1695 2589 1754 2611 ex-

1056 2632 1294 2663 ercitationum
1338 2630 1496 2662 Romanis
1540 2631 1754 2662 usitatarum.

1059 2674 1147 2713 Nam
1177 2685 1254 2722 post
1291 2681 1528 2712 decursionem
1556 2680 1592 2711 in
1627 2680 1754 2720 Campo

1058 2731 1185 2763 Martio
1198 2731 1380 2772 duplicem,
1395 2741 1484 2772 equo
1499 2739 1623 2771 nempe
1639 2735 1676 2761 et
1695 2723 1754 2770 pe-

1060 2781 1170 2822 dibus,
1195 2785 1339 2822 postque
1370 2781 1512 2821 luctam,
1539 2789 1598 2812 seu
1623 2779 1754 2821 pugila-
