1916 3190
720 237 764 275 Q.
798 236 1010 266 Honmu
1047 236 1218 267 rmum

420 327 589 378 Victor,
612 328 795 370 Maeonii
816 329 1023 370 carminis
1043 329 1152 378 aliti,

863 446 1100 459 ‘oonaeonaete

245 521 456 554 Chabon—2
482 522 547 554 Ed.
566 533 617 563 pr.
634 524 711 554 Zar.
729 523 872 555 Mediol.
890 526 985 554 1485.
1004 525 1099 554 1486.
1123 521 1266 552 Venett.
1284 522 1379 552 1477.
1396 522 1491 552 1478.
1509 523 1604 552 1479.
1621 521 1698 553 Flo-

243 569 332 595 reut.
350 566 443 596 1482.
490 565 569 597 Vet.
585 565 703 597 Comb.
720 575 797 596 cum
814 565 969 596 omnibus
985 564 1087 596 codd.
1115 563 1280 599 Lambini,
1303 563 1460 603 Cruquii,
1475 567 1511 594 et
1528 564 1699 595 Torrentii

243 606 342 643 clite3
364 613 400 637 et
416 607 465 638 ita
482 607 597 638 Bentl.
615 617 691 639 curn
706 608 836 639 assecla
852 607 959 638 Kidd.
994 608 1050 640 Jo.
1067 606 1256 638 Passeratii
1273 605 1406 636 emend.
1419 604 1505 644 aliti,
1522 605 1698 650 Lambino,

242 649 428 689 Stephano,
443 649 638 687 Sauadono,
650 649 807 682 Gesnero
827 651 1016 690 probatam,
1033 655 1238 689 receperunt
1260 647 1379 679 Comb.
1396 647 1536 687 Bipont.
1552 648 1698 679 Wetzel.

241 690 336 729 Jani‚
355 698 390 722 et
418 692 558 723 Mitsch.
604 692 693 723 Vide
710 693 825 732 Heyn.
842 692 884 723 ad
903 693 998 732 Virg.
1024 692 1098 723 Ecl.
1117 700 1168 722 rx.
1186 693 1238 722 36.
1270 690 1365 721 auen·
1389 690 1478 730 conj.
1505 690 1700 721 Markland.

242 733 356 773 Epist.
373 734 457 765 Crit.
474 744 508 774 p.
523 736 596 765 107.
618 736 727 766 oemulo
744 735 873 774 placuit
897 734 1114 771 Atterburio,
1140 732 1358 764 Adventurer
1382 732 1449 763 No.
1465 734 1518 763 58.
1535 732 1624 773 quod
1646 742 1700 763 re-

243 781 412 815 ceperunt
432 776 552 809 Jones.
568 783 604 807 et
627 777 782 808 Francis.
827 777 915 808 Post
942 777 1051 809 Victor
1076 780 1240 817 punctum
1262 775 1360 815 ponit
1386 774 1421 807 J.
1437 775 1477 806 F.
1493 774 1644 806 Schmid.
1661 780 1700 806 nt

243 818 423 859 sequentia
440 828 545 860 usque
562 818 606 850 ad
621 828 670 851 vs.
685 822 718 850 9.
735 818 953 860 jungantur:
980 819 1050 850 Nos
1074 823 1182 850 tenues
1201 827 1298 858 neque
1322 826 1470 848 conamur
1489 817 1567 847 alite
1592 817 1644 848 M.
1670 827 1699 847 c.

240 860 356 900 dicere,
369 861 423 900 &a
447 861 613 892 Similiter
623 861 697 902 jam
716 861 875 901 Landius,
891 862 947 902 qui
964 865 1128 902 punctum
1145 860 1241 901 pouit
1258 864 1336 900 post
1349 859 1437 891 alite.
1459 859 1469 876 ‘
1481 859 1550 890 Sed
1565 868 1699 896 vereor,

241 911 285 934 ue
301 903 352 935 sic
368 904 466 935 nimis
483 908 683 945 torqueatur
700 904 807 945 locus,
825 911 861 935 et
879 903 1033 944 inprimis
1049 903 1132 935 illud
1148 903 1214 933 hoec
1232 912 1279 934 vs.
1293 905 1325 933 5.
1355 902 1490 941 ingrato
1505 903 1699 943 pleonasmo

904 1019 1046 1051 NOTAE

241 1103 407 1145 Observa,
438 1104 560 1145 lector,
590 1103 875 1145 quemadmodum
908 1113 944 1134 se

239 1153 404 1185 Horatius
418 1154 538 1185 eximit
555 1164 574 1185 a
590 1154 716 1185 triviali
730 1153 945 1185 laudantium

240 1204 503 1244 consuetudine,
517 1204 656 1244 quitum
668 1213 706 1235 se
716 1203 806 1235 belle
819 1203 943 1235 fecisse

240 1253 439 1284 existimant
461 1262 538 1284 cum
563 1262 625 1294 per
649 1253 780 1293 singula
805 1253 941 1284 laudum

240 1303 356 1343 capita
379 1303 578 1344 diligenter,
608 1312 651 1334 ne
676 1303 786 1335 dicam
805 1303 943 1344 insulse,

237 1352 353 1385 ierint.

286 1402 397 1443 Vario]
414 1402 451 1433 L.
465 1402 589 1434 Varius
601 1402 711 1434 Poeta
722 1412 790 1434 non
805 1411 825 1433 e
841 1402 943 1443 vulgo

239 1453 376 1493 scripsit
401 1451 549 1493 Augusti
574 1452 841 1494 Panegyricum,
863 1453 944 1483 Tra·

238 1503 381 1543 goedias,
405 1507 442 1533 et
471 1499 538 1534 alia
564 1502 730 1544 quaedam.
772 1503 943 1543 Thyesten

238 1552 313 1593 ejus
339 1552 481 1583 cuilibet
502 1552 704 1584 Graecorum
730 1562 830 1593 posse
853 1562 943 1584 com·

238 1602 354 1643 parari
378 1600 524 1633 affirmat
547 1602 692 1635 Quintil.
718 1603 778 1635 lib.
805 1612 841 1634 x.
886 1602 942 1634 Ad

238 1662 299 1684 nos
314 1657 547 1693 pervenerunt
565 1661 676 1693 pauca
688 1655 821 1683 tantum
837 1652 943 1693 Frag-

237 1707 365 1734 menta.
410 1702 607 1733 Macrobius
630 1710 684 1732 vr.
708 1704 740 1733 1.
764 1701 943 1742 Virgilium

237 1762 255 1783 e
273 1752 378 1783 Vario
400 1752 563 1783 nonnulla
581 1750 752 1783 imitatum
767 1751 942 1783 ostendit:

236 1802 365 1843 hosque
380 1801 469 1833 illius
486 1801 593 1833 refert
610 1811 727 1833 versus
746 1802 789 1834 de
804 1795 942 1835 Mortei

239 1851 248 1868 ‘
263 1852 431 1884 Vendidit
444 1853 500 1884 hic
514 1852 649 1884 Latium
666 1853 814 1894 populis,
826 1862 940 1894 agros-

238 1913 305 1943 que
331 1903 503 1935 Quiritum
538 1904 698 1943 Eripuit:
741 1903 818 1935 fixit
847 1905 941 1945 leges

238 1951 364 1992 pretio,
381 1957 483 1992 atque
499 1951 639 1982 refixit!
682 1952 791 1983 Item:
817 1951 939 1993 ‘’Incu-

237 2002 297 2032 bet
323 2007 360 2032 et
377 2001 502 2041 Tyriis,
517 2004 620 2040 atque
645 2009 688 2031 ex
712 2001 821 2031 solido
843 2001 941 2031 bibat

238 2051 344 2083 auro.’
386 2051 498 2082 Item:
532 2049 664 2083 ‘Quem
689 2059 756 2080 non
780 2050 838 2080 ille
861 2050 941 2080 sinit

236 2101 341 2132 leutae
365 2100 563 2132 moderator
587 2099 729 2130 habenae
753 2098 831 2131 Qua
858 2099 941 2131 velit

237 2151 298 2192 ire,
325 2149 386 2181 sed
409 2154 556 2190 angusto
577 2148 671 2189 prius
688 2158 747 2179 ore
763 2148 939 2190 coerceuS,

236 2199 409 2231 Insultare
424 2199 527 2231 docet
547 2199 676 2240 campis
691 2198 857 2240 fingitque
871 2209 941 2231 mo-

238 2249 370 2282 rando!
414 2250 529 2281 Item:
567 2248 661 2280 ‘ceu
689 2250 781 2280 canis
809 2249 942 2281 umbro-

238 2309 311 2331 sam
334 2300 480 2331 lustrans
499 2298 654 2330 Cortinia
670 2299 805 2341 vallem,
827 2299 864 2330 Si
887 2308 942 2330 ve-

237 2350 321 2382 teris
343 2349 457 2392 potuit
477 2359 590 2382 cervae
606 2347 854 2390 compi-endere
873 2351 941 2382 lus-

237 2405 303 2436 tra,
332 2400 442 2432 Saevit
466 2400 500 2431 iu
530 2400 719 2441 absentem,
746 2405 785 2432 et
811 2400 940 2432 circum

238 2451 383 2491 vestigia
411 2451 573 2491 lustrans,
604 2449 746 2482 AEtliera
775 2459 837 2491 per
863 2450 940 2481 niti-

239 2501 320 2531 dum
351 2506 472 2532 tenues
500 2503 655 2531 sectatur
681 2499 815 2540 adpres.
860 2500 940 2531 Non

238 2559 355 2581 amnes
379 2550 472 2580 illam
500 2549 616 2590 medii,
642 2558 708 2580 non
736 2549 842 2580 ardua
871 2554 941 2581 tar-

239 2599 344 2637 dant3
366 2599 511 2630 Perdita
527 2608 591 2630 nec
611 2607 696 2638 serae
713 2598 866 2631 meminit
881 2598 940 2630 de„

239 2648 362 2679 cedere
390 2647 504 2679 nocti!
558 2648 721 2680 Nonnulli
749 2658 792 2679 ex
820 2649 940 2681 Servio

240 2707 422 2739 perperam
437 2697 592 2728 scribunt
604 2698 692 2730 hune
708 2707 782 2730 esse
797 2698 940 2730 Varium

241 2748 337 2790 cnjus
364 2747 516 2780 meminit
543 2747 707 2788 Virgilius
734 2749 859 2790 Ecloga
887 2757 940 2782 lx.

1001 1113 1116 1134 verum
1142 1102 1401 1134 hallucinantur.
1443 1101 1523 1134 Illic
1545 1101 1634 1133 enim
1653 1101 1703 1134 le-

1000 1163 1081 1195 gere
1104 1158 1259 1194 oportet:
1293 1153 1304 1170 ‘
1319 1154 1443 1195 Neque
1472 1152 1581 1185 adbuc
1606 1153 1701 1186 Varo

1000 1202 1488 1245 videor....dicere....Digna;'
1527 1204 1618 1235 sicut
1646 1208 1702 1236 est

996 1255 1099 1296 paulo
1112 1258 1212 1285 ante:
1230 1254 1240 1270 ‘
1250 1254 1355 1293 Vare,
1365 1258 1460 1285 tuum
1474 1252 1700 1295 nomeu,'&e.

1040 1305 1162 1345 Fortis,
1179 1310 1210 1336 et
1225 1304 1360 1335 hostium
1381 1302 1504 1344 Victor]
1526 1303 1614 1335 Veli.
1632 1304 1700 1336 Pa-

997 1359 1082 1387 tere.
1097 1354 1155 1386 lib.
1170 1363 1210 1385 η.
1233 1353 1244 1370 ‘
1258 1354 1306 1386 M.
1322 1352 1479 1394 Agrippa
1496 1353 1622 1385 virtute
1639 1363 1700 1385 no·

997 1402 1206 1445 bilissimus‚'
1219 1405 1291 1435 &ci
1302 1404 1438 1435 Cornel.
1451 1403 1560 1436 Tacit.
1575 1402 1701 1435 Annal.

999 1463 1022 1486 1.
1034 1454 1109 1485 init.
1133 1453 1144 1470 ⁴
1154 1454 1204 1485 M.
1213 1452 1403 1494 Agrippam
1415 1453 1598 1494 ignobilem
1610 1454 1699 1496 loco,

998 1504 1120 1536 bonum
1138 1503 1271 1544 militia,
1282 1507 1320 1535 et
1331 1503 1483 1535 victoriae
1496 1503 1625 1535 socium
1641 1513 1700 1544 ge-

997 1555 1134 1587 minatis
1164 1554 1407 1586 Consulatibus
1435 1554 1584 1594 extulit;
1619 1564 1699 1586 mox

997 1606 1164 1637 defuncto
1183 1605 1349 1648 Marcello
1365 1614 1526 1645 generum
1551 1603 1699 1646 sumsit,'

998 1655 1172 1697 Augustus
1195 1665 1331 1695 nempe.
1376 1655 1496 1687 Senec.
1516 1655 1626 1696 Epist.
1643 1658 1698 1687 94.

997 1706 1008 1723 ⁴
1019 1707 1070 1738 M.
1086 1706 1255 1748 Agrippa,
1270 1706 1321 1737 vir
1343 1705 1494 1746 ingentis
1510 1705 1626 1746 animi,
1642 1705 1700 1746 qni

997 1758 1088 1788 solus
1113 1766 1159 1789 ex
1175 1756 1240 1796 his,
1256 1765 1339 1797 quos
1354 1755 1468 1787 civilia
1481 1755 1574 1787 bella
1587 1755 1698 1786 claros

998 1799 1227 1847 potentiaque
1240 1805 1411 1845 fecerunt,
1429 1802 1516 1836 felix
1537 1804 1572 1835 in
1589 1803 1702 1844 publi·

994 1866 1071 1888 cum
1086 1855 1165 1892 fuit,
1179 1855 1295 1887 dicere
1310 1855 1430 1887 solitus
1445 1859 1534 1895 erat,
1553 1855 1700 1887 multum

995 1915 1032 1937 se
1048 1906 1128 1937 huie
1143 1905 1270 1937 debere
1294 1904 1476 1936 sententiae
1492 1915 1500 1935 ι
1525 1904 1536 1921 ‘
1550 1904 1700 1936 Concor-

994 1954 1053 1985 dia
1089 1964 1205 1995 parvae
1237 1964 1291 1986 res
1328 1958 1502 1996 crescunt,
1531 1953 1700 1986 discordia

994 2003 1150 2033 maximae
1165 2003 1405 2034 dilabuntur.”

1037 2055 1058 2083 2
1081 2052 1213 2083 Moeom'i
1225 2052 1374 2082 carminis
1382 2052 1471 2092 aliti]
1494 2053 1590 2088 Alai,
1602 2054 1700 2095 quasi

995 2101 1127 2132 volucri
1153 2101 1347 2142 grandiore,
1373 2109 1437 2133 ceu
1472 2110 1593 2143 cyeno,
1619 2112 1698 2134 ean-

994 2154 1067 2181 tum
1105 2149 1282 2181 sublimem
1318 2149 1448 2190 pariter
1476 2155 1512 2181 et
1541 2160 1699 2184 sonorum

996 2200 1149 2231 tollente.
1192 2199 1247 2229 Sic
1262 2199 1436 2231 Theocrit.
1452 2199 1581 2232 Poe'las
1598 2206 1699 2234 voeat

994 2248 1110 2290 ὄρνιθας
1134 2246 1270 2287 μουσῶν,
1295 2258 1367 2279 aves
1396 2249 1572 2281 Musarum.
1617 2250 1698 2283 Non

995 2309 1109 2331 moror
1118 2299 1260 2330 aliorum
1272 2298 1605 2341 interpretationem,
1612 2301 1698 2343 aliti,

996 2359 1058 2390 pro
1088 2358 1213 2389 penna,
1242 2348 1386 2389 calamo,
1416 2349 1521 2389 stylo.
1565 2350 1699 2382 Moeonii

994 2397 1158 2437 carminis]
1181 2398 1326 2429 Maeonis
1350 2397 1450 2439 filius,
1477 2403 1539 2431 aut
1559 2399 1650 2431 forte
1676 2410 1696 2432 e

995 2449 1144 2480 Maeonia
1164 2448 1303 2488 regione
1320 2447 1409 2479 Asiae
1429 2449 1589 2490 Minoris,
1610 2449 1696 2481 urbe

993 2500 1151 2541 Smyrna,
1168 2498 1331 2530 oriundus
1347 2502 1422 2530 erat
1439 2499 1622 2541 Homerue,
1638 2500 1696 2541 qui

993 2549 1119 2580 heroici
1145 2547 1307 2579 carminis
1336 2547 1503 2589 Princeps
1532 2553 1570 2581 et
1597 2550 1696 2591 quasi

994 2599 1100 2630 Deus.
1146 2597 1237 2629 Hinc
1258 2597 1446 2628 Maeonium
1471 2606 1608 2630 carmen
1633 2608 1696 2640 pro

993 2649 1126 2690 Epica‘,
1142 2647 1315 2688 Heroicae,
1332 2648 1464 2680 eximiae
1480 2647 1632 2681 Poeseos
1645 2649 1696 2682 fa·
1757 2673 1767 2680 .

993 2699 1123 2730 cultate
1139 2701 1176 2728 et
1198 2697 1335 2738 spiritu,
1361 2697 1485 2738 quibus
1510 2698 1696 2740 preditum

993 2748 1134 2780 Varium
1149 2746 1315 2781 Horatius
1330 2746 1469 2780 indicat.
