1916 3190
281 210 340 251 66

760 224 804 261 Q.
834 222 1045 253 HORA'ru
1080 223 1255 254 FLACCI

457 317 700 359 Secernunt
718 317 888 371 populo
906 330 918 369 ;
949 318 1153 371 sineque
1171 317 1308 359 tibias

454 383 647 439 Euterpe
669 382 858 434 cohibet,
877 397 961 426 nec
983 384 1282 438 Polyhymnia

455 451 680 494 Lesboum
701 451 860 505 refugit
879 451 1058 494 tendere
1075 450 1296 493 barbiton.

455 519 591 571 Quod
610 519 649 561 si
668 532 737 561 me
757 519 910 573 lyricis
930 519 1110 561 vatibus
1130 518 1310 569 inser-ie,

1680 519 1739 562 35

282 654 420 693 Euterpe
433 651 563 694 fistulas
576 651 706 692 coiit-cet,
723 660 818 692 neque
833 650 1044 692 Polyhymnia
1065 650 1254 690 dedignatur
1272 650 1434 683 intendere
1455 650 1558 692 lyram
1578 648 1738 682 Lesbium.

285 696 376 732 Quod
387 695 417 727 si
430 705 478 727 me
492 704 675 727 annumeres
688 695 799 726 Poetis
813 694 950 736 Lyricz’s,
964 694 1072 726 coelum
1086 694 1244 734 attingam
1258 694 1377 726 excelso
1391 693 1504 735 capite.

886 783 1129 797 “oeteo-‘0000

282 849 421 883 Anhalt.
444 849 477 881 in
493 860 560 892 quo
576 850 702 882 diserte
718 850 876 883 Dia-33
898 851 937 882 Si
950 861 1047 892 neque
1057 851 1202 892 prohibet
1217 850 1323 883 Brod.
1338 853 1374 882 et
1389 850 1490 882 Harl.
1506 853 1538 881 6.
1561 859 1658 890 neque

1674 850 1737 881 Po-

281 893 399 934 lymm'a
414 893 515 925 codd.
533 893 613 924 Aldi
628 904 638 932 3
670 893 829 924 Polimnia
847 893 942 925 Harl.
962 897 992 925 1.
1009 896 1040 926 2.
1056 897 1088 925 3.
1103 898 1135 925 5.
1152 897 1183 926 6.
1216 894 1402 935 Polymneia
1417 893 1450 924 in
1466 893 1549 924 Vet.
1566 892 1685 924 cumb.
1701 895 1739 924 et

283 936 380 975 aliis;
404 936 463 968 sed
484 936 660 978 Sosipater
683 941 719 967 et
745 935 969 978 antiquissimi
984 937 1109 968 Blaud.
1133 936 1443 978 Polyhymnia—35
1468 935 1551 967 Duo
1563 934 1688 967 Bland.
1701 937 1740 966 et

936 1040 968 1072 N
974 1039 1080 1072 OTAE

283 1104 325 1136 ad
337 1113 430 1135 mare
441 1102 675 1135 descendente
686 1103 793 1145 Syna,
801 1112 869 1135 non
879 1103 982 1144 longe

281 1153 498 1195 Dyrrhachio
523 1153 705 1195 vicinaque
727 1153 927 1194 Apollonia,
948 1163 983 1184 a·

281 1204 354 1246 pud
384 1204 611 1246 Nymphaeum
644 1214 777 1236 sacrum
813 1204 982 1246 quendam

278 1255 405 1294 locum,
420 1255 508 1286 colle
521 1254 644 1286 virenti
660 1264 700 1286 ac
713 1254 832 1285 rivulis
849 1263 982 1285 amoeno

280 1304 590 1336 obdormiscentem
638 1305 809 1345 Satyrum,
848 1304 982 1345 qualem

279 1354 402 1387 Poetae.
419 1355 643 1396 pictoresque
655 1353 983 1395 effingunt‚captum

278 1404 411 1437 fuisse:
437 1405 493 1446 qui
510 1404 695 1446 perductus
717 1404 761 1436 ad
775 1404 903 1445 Syllam
919 1413 983 1445 per

279 1456 391 1487 varios
415 1456 625 1496 interpretes
647 1456 889 1495 interrogatus,
907 1454 983 1495 quis

279 1510 384 1546 esset,
408 1506 494 1537 nihil
511 1504 600 1547 quod
624 1504 770 1545 intelligi
788 1509 905 1545 posset
929 1513 982 1535 re-

273 1557 442 1598 ,spondit3
459 1560 591 1588 tantum
606 1565 725 1587 vocem
741 1564 897 1596 asperam
911 1555 983 1586 hin-

278 1607 355 1638 nitu
379 1607 506 1649 equiuo
530 1610 568 1637 et
593 1606 679 1637 hirci
701 1605 822 1638 balatu
842 1605 983 1636 mixtam

279 1657 400 1689 edidit.
443 1657 520 1689 Quo
545 1661 697 1688 astantes
721 1656 865 1697 ipseque
891 1655 985 1696 Sylla

279 1707 513 1749 obstupefacti
557 1708 719 1748 Satyrum
767 1705 982 1739 dimiserunt.

278 1759 426 1790 Sanctus
449 1760 560 1788 autem
588 1756 820 1797 Hieronymus
842 1757 876 1787 in
902 1757 984 1789 Vita

278 1807 383 1839 Pauli
415 1807 581 1839 Eremitae
619 1806 751 1845 scribit,
773 1807 984 1847 temporibus

280 1857 497 1889 Constantini
526 1857 635 1888 visum
668 1857 732 1888 toti
763 1856 983 1888 Alexandriae

280 1907 407 1947 populo
436 1907 619 1946 Satyrum:
658 1910 828 1946 praeterea
864 1911 983 1938 sancto

279 1954 434 1986 Antonio
448 1953 539 1994 apud
555 1963 703 1984 eremum
720 1955 911 1993 occurrisse
926 1955 984 1986 ho-

279 2005 492 2036 muncionem
522 2003 662 2035 aduncis
691 2003 843 2043 naribus,
867 2003 982 2035 fronte

280 2054 440 2087 cornibus
456 2062 592 2095 aspera,
612 2053 668 2084 cui
691 2057 846 2083 extrema
861 2062 983 2092 corpo-

280 2108 325 2139 ris
339 2107 374 2139 in
390 2114 570 2148 caprarum
584 2104 690 2145 pedes
704 2103 916 2134 desinerent:
932 2102 982 2134 in-

280 2161 494 2198 terrogatum
517 2163 597 2186 vero
620 2154 695 2195 quis
717 2158 822 2194 esset,
843 2162 981 2194 respon-

281 2206 395 2239 disse:
425 2204 584 2237 Mortalis
612 2213 674 2243 ego
696 2213 783 2243 sum,
812 2213 898 2235 unus
938 2213 981 2235 ex

281 2257 386 2294 eremi
414 2256 546 2297 incolis,
574 2264 657 2297 quos
682 2254 799 2286 delusa
833 2253 981 2285 Gentili-

281 2312 337 2340 tas
365 2308 500 2339 Faunos
529 2306 739 2348 Satyrosque
769 2304 922 2346 appellat
946 2309 983 2335 et

280 2357 376 2390 colit.

324 2410 366 2440 32
397 2406 568 2440 Secermmt
592 2404 717 2447 populo]
752 2405 864 2446 Supra
892 2403 984 2444 vulgi

280 2458 440 2491 humilem
453 2456 716 2498 imperitumque
731 2454 867 2486 turbam
883 2454 984 2485 attol-

281 2510 370 2550 lunt,
385 2520 425 2542 ac
449 2510 544 2542 velut
566 2517 698 2540 sacrum
724 2517 745 2539 a
768 2505 912 2548 profano
935 2515 985 2537 se-

282 2565 440 2600 gregant.
464 2568 521 2591 ιιι.
544 2559 614 2591 od.
631 2561 661 2590 l.
687 2561 697 2576 ⁸
714 2557 783 2589 Odi
806 2556 984 2598 profanum

283 2610 404 2649 vulgus
419 2614 455 2640 et
470 2608 595 2640 arceo.'

271 2701 274 2702 ⁷
326 2658 365 2689 Si
380 2668 475 2699 neque
498 2658 592 2689 tibias
616 2658 751 2699 Euterpe
768 2656 900 2693 cohibet,
914 2655 985 2698 ξω]

284 2708 322 2740 si
338 2708 439 2740 modo
456 2708 535 2739 mihi
551 2718 644 2739 suain
660 2718 759 2749 opem
777 2717 841 2740 non
857 2710 985 2749 negent

284 2758 406 2790 Musae.
448 2758 557 2789 Tibiae
588 2757 718 2799 pridem
746 2757 916 2791 confectae
941 2767 984 2790 ex

1035 1102 1167 1135 ossibus
1198 1112 1348 1143 crurum,
1369 1112 1431 1134 seu
1452 1102 1612 1135 tibiarum
1635 1103 1741 1144 gruis,

1036 1152 1143 1193 cervi,
1158 1154 1224 1184 &c.
1241 1157 1278 1184 et
1288 1152 1368 1183 hinc
1383 1161 1518 1184 nomen.
1554 1152 1644 1184 Vide
1659 1153 1739 1186 Sca—

1035 1203 1133 1243 liger.
1158 1201 1295 1234 Poetic.
1318 1211 1343 1234 1.
1360 1205 1414 1233 20.
1448 1202 1558 1234 Porro
1574 1202 1741 1245 Euterpe,

1036 1253 1211 1284 Musarum
1227 1261 1307 1293 una,
1323 1251 1483 1284 tibiarum
1498 1252 1674 1284 inventrix
1687 1253 1741 1285 di·

1036 1302 1136 1342 citur,
1150 1311 1272 1334 nomen
1295 1304 1411 1334 autem
1434 1302 1558 1333 sortita
1579 1311 1599 1333 a
1617 1306 1740 1335 cantus

1035 1353 1204 1385 suavitate
1219 1355 1255 1384 et
1270 1362 1291 1383 a
1303 1352 1526 1385 delectando:
1549 1350 1595 1392 εὖ,
1609 1352 1741 1394 bene,et

1034 1400 1171 1443 τέρπειν,
1195 1403 1360 1435 delectare.
1391 1402 1521 1435 Auson.
1549 1403 1670 1444 Eclog.
1695 1403 1740 1436 de

1035 1453 1160 1485 Musis.

1078 1505 1120 1535 33
1143 1502 1367 1545 Polyhymnia]
1394 1502 1482 1535 Haec
1502 1503 1597 1536 inter
1618 1503 1739 1537 Musas

1035 1553 1072 1586 id
1098 1553 1248 1585 muueris
1275 1554 1420 1594 obtinet,
1435 1558 1475 1586 ut
1497 1554 1624 1586 multos
1637 1559 1742 1587 canat

1034 1606 1190 1647 hymnos,
1211 1606 1430 1648 virorumque
1457 1605 1642 1647 insignium
1666 1606 1742 1639 lau·

1036 1655 1231 1688 dationibus
1261 1656 1388 1697 praesit.
1431 1655 1534 1687 Unde
1560 1664 1683 1688 nomen
1707 1657 1741 1689 ei

1035 1705 1176 1738 factum·
1221 1706 1288 1744 Ita,
1305 1706 1620 1748 inquam,scribunt
1634 1705 1740 1738 Ovid.

1039 1758 1132 1789 Fast.
1156 1766 1194 1789 v.
1220 1756 1352 1788 Herod.
1375 1756 1435 1788 lib.
1449 1764 1520 1788 vn.
1538 1757 1607 1788 &e.
1650 1754 1740 1788 Aliis

1037 1807 1224 1849 Polymneia
1244 1815 1265 1838 a
1282 1805 1468 1848 multiplici
1483 1814 1598 1838 rerum
1612 1814 1740 1839 memo-

1038 1858 1090 1889 ria
1104 1858 1242 1890 dicitur.

1080 1910 1122 1940 34
1146 1908 1214 1939 Nec
1227 1906 1379 1938 Lesbo-m
1395 1905 1517 1946 refingit
1529 1905 1657 1937 tendere
1669 1904 1741 1938 ban-

1039 1956 1140 1995 biton]
1174 1958 1210 1988 Si
1239 1957 1320 1988 mihi
1343 1955 1518 1988 concedat
1541 1954 1740 1988 facultatem

1038 2005 1160 2045 optimi
1187 2005 1356 2036 Carminis
1380 2005 1508 2046 Lyriei,
1527 2005 1661 2046 qualem
1681 2006 1741 2038 ha.-

1038 2054 1186 2085 buerunt
1212 2053 1349 2084 Alcaeus
1374 2058 1410 2084 et
1431 2054 1570 2095 Sappho
1590 2063 1610 2086 e
1626 2054 1742 2087 Lesbo

1038 2102 1155 2134 Insula
1169 2102 1319 2142 oriundi,
1333 2102 1377 2133 de
1392 2102 1515 2144 quibus
1534 2108 1662 2144 postea
1677 2104 1740 2136 hu—

1030 2153 1088 2194 jus
1103 2151 1179 2183 libri
1196 2151 1265 2185 Od.
1279 2154 1334 2183 82.
1349 2153 1384 2182 et
1397 2160 1440 2183 ιι.
1456 2150 1527 2183 Od.
1541 2153 1596 2185 1⁸.

1079 2200 1252 2241 Barbitun]
1275 2200 1548 2233 lustramentum
1571 2201 1740 2235 musicu-

1037 2253 1159 2284 multas
1175 2251 1302 2283 habens
1316 2250 1472 2283 chordas.
1510 2250 1741 2285 Anacreontis

1037 2302 1213 2334 inventum
1245 2301 1362 2333 facere
1398 2301 1536 2334 videtur
1564 2301 1740 2344 Horatius,

1038 2352 1108 2385 Od.
1123 2355 1177 2385 ³2.
1193 2356 1230 2384 et
1241 2362 1336 2394 seqq.

1079 2406 1121 2435 35
1141 2403 1234 2439 Quod
1246 2403 1275 2434 si
1285 2413 1344 2440 me,
1355 2403 1428 2445 Bra]
1443 2404 1478 2436 Si
1493 2406 1602 2439 tuum,
1617 2412 1638 2433 ο
1652 2402 1738 2434 Mae-

1039 2463 1151 2489 cenas.
1176 2453 1320 2486 accedat
1341 2454 1421 2486 mibi
1434 2454 1618 2496 judicium,
1641 2453 1739 2494 sique

1037 2513 1091 2534 me
1115 2504 1315 2544 pronunties
1337 2505 1426 2536 inter
1451 2503 1578 2535 Poetn-
1598 2503 1739 2543 Lyris-0⁸

1037 2553 1177 2595 dignum
1194 2555 1383 2595 recenseri,
1403 2557 1475 2586 turn
1497 2561 1552 2585 me
1573 2552 1652 2585 Diis
1677 2561 1738 2593 pa·-

1037 2614 1108 2636 rem
1124 2603 1338 2637 existimabo.

1078 2653 1219 2696 Lyricis]
1240 2653 1499 2695 Apndoraecon
1515 2661 1636 2685 novem
1651 2651 1740 2685 Ροὸ-

1037 2710 1083 2738 toe
1101 2705 1216 2747 Lyriei
1231 2704 1464 2744 celebrantur,
1479 2702 1662 2744 Pindarus,
1678 2701 1738 2734 ΑΙ-

1037 2765 1142 2793 caeus,
1166 2755 1318 2797 Sappho,
1341 2754 1573 2796 Stesichorus,
1597 2752 1739 2796 Ibyeus,
