1916 3190
258 234 315 273 44
715 244 777 274 DE
810 243 997 275 ME'rlus
1029 244 1255 275 HoRA‘rn.

265 335 399 378 Quinti
417 336 570 387 generis
591 335 691 374 Odae
711 338 750 374 7.

312 398 395 437 Lib.
417 411 448 438 1.
470 399 558 438 Ode
614 403 652 438 5.
681 399 778 443 Quis
794 398 918 436 multa
936 398 1093 449 gracilis
1113 404 1151 436 te
1169 412 1264 449 puer
1283 400 1322 436 in
1342 412 1444 438 rosa.

596 466 656 502 14.
688 463 722 499 O
744 462 868 508 navis,
888 462 1055 500 referent
1074 463 1112 499 in
1133 474 1238 500 mare
1256 470 1294 500 te
1313 463 1416 500 novi.

593 529 659 564 21.
689 527 858 564 Dianam
878 534 1020 565 tenerae
1040 524 1157 563 dicite
1176 525 1358 576 virgines.

595 591 661 627 23.
690 589 802 627 Vitas
821 589 1006 627 hinnuleo
1025 601 1086 626 me
1107 588 1259 635 similis,
1279 588 1419 627 Chloe.

378 665 451 690 111.
621 655 659 692 7.
689 652 793 697 Quid
811 653 896 699 fles,
916 652 1083 697 Asterie,
1102 665 1218 703 quem
1238 652 1307 690 tibi
1325 651 1499 691 candidi.

596 717 657 754 13.
689 715 724 752 Ο
742 715 828 754 fons
849 715 1091 761 Blandusiae,
1109 715 1350 766 splendidior
1367 715 1480 753 vitro.

382 790 445 817 iv.
591 780 656 817 13.
686 778 894 824 Audivere,
910 778 1025 830 Lyce,
1047 778 1111 815 Dii
1130 791 1216 815 mea
1234 784 1338 824 vota,
1359 777 1436 815 Dii.

311 841 497 879 Sssx'rmvr
519 854 689 880 cimus:
719 848 763 879 ut
782 855 815 880 1.
842 840 920 879 Od.
948 842 987 879 6.
1015 854 1104 892 quae
1123 848 1184 879 est
1208 841 1370 879 Dicolos
1391 839 1704 890 Tetrastrophos.

257 905 376 943 Primi
395 905 538 955 quique
556 912 635 942 tres
656 917 791 943 versus
823 910 917 942 sunt
945 903 1208 956 Asclepiadei,
1239 903 1366 954 qualis
1383 903 1475 942 ille:
1506 902 1706 941 Maecenas

258 968 382 1006 atavis
402 967 506 1005 edite
525 968 696 1018 regibus.
753 966 1005 1006 Scanduntur
1023 967 1127 1005 enim
1144 968 1219 1006 hoc
1239 967 1357 1005 modo
1376 980 1386 1005 t

341 1040 464 1072 Scribe
477 1058 528 1063 —-
555 1041 600 1071 ris
617 1041 726 1073 Vario
739 1056 843 1075 -υυ-
871 1040 972 1072 fortis
988 1045 1025 1072 et
1039 1041 1083 1071 ho
1097 1057 1197 1074 -υυ-
1225 1041 1328 1073 stium
1339 1057 1400 1074 υυ

343 1083 465 1114 Victor
477 1101 529 1105 --
554 1083 696 1115 Maeonii
711 1099 811 1116 -w-
841 1082 1003 1114 carminis
1020 1092 1040 1113 a
1054 1098 1152 1116 -υυ-
1180 1084 1238 1115 lite
1252 1099 1310 1116 υυ

345 1126 456 1159 Quam
470 1135 543 1156 rem
558 1143 611 1148 —-
639 1135 784 1168 cumque
801 1124 898 1157 ferox
914 1141 1012 1158 -υυ-
1036 1125 1179 1157 navibus
1195 1130 1256 1157 aut
1269 1141 1368 1159 -υυ-
1397 1124 1491 1167 equis
1506 1140 1558 1158 υ-

269 1197 272 1200 ⁴
312 1189 483 1233 Quartus
512 1196 642 1226 autern
673 1189 907 1241 Glyconius,
938 1188 1091 1239 qualis:
1124 1189 1188 1228 Sic
1221 1197 1260 1228 te
1289 1188 1390 1228 Diva
1412 1196 1552 1240 potens
1573 1188 1707 1239 Cypri.

261 1251 470 1291 Scanditur
491 1259 618 1291 autem
639 1253 695 1291 sic
712 1265 722 1290 t

430 1315 535 1347 Miles
550 1333 601 1338 --
629 1320 665 1347 te
681 1316 770 1348 duce
785 1325 845 1356 ges
861 1331 958 1348 -w-
982 1315 1067 1347 serit
1081 1331 1137 1349 υυ

770 1375 824 1381 “-
867 1374 964 1391 w
1005 1373 1107 1390 w
1148 1373 1205 1390 W

771 1418 822 1423 --
865 1416 963 1433 -υυ-
1004 1415 1107 1433 -uu-
1147 1415 1203 1432 υυ

771 1461 822 1466 --
865 1459 965 1477 -υυ-
1007 1459 1105 1476 -w-
1149 1458 1200 1476 υ-

861 1503 914 1509 -·
957 1501 1055 1518 w
1099 1500 1162 1518 νυ

262 1538 369 1576 Sexti
390 1538 543 1589 generis
562 1538 662 1578 Odae
682 1541 722 1578 9.

314 1601 397 1640 Lib.
420 1616 451 1641 1.
473 1602 559 1641 Ode
617 1604 655 1642 6.
673 1602 873 1640 Scriberis
893 1602 1013 1640 Vario
1028 1601 1156 1645 fortis,
1173 1607 1212 1638 et
1230 1600 1417 1639 hostium.

598 1668 659 1704 15.
689 1665 830 1704 Pastor
845 1678 933 1704 cum
951 1665 1122 1703 traheret
1143 1676 1210 1715 per
1229 1664 1329 1702 freta
1346 1663 1525 1702 navibus.

597 1730 662 1767 24.
693 1728 792 1772 Quis
810 1727 1005 1766 desiderio
1025 1727 1075 1765 sit
1094 1726 1222 1778 pudor
1241 1734 1310 1766 aut
1323 1727 1479 1766 modus.

599 1794 665 1830 33.
694 1791 798 1839 Albi,
817 1803 866 1829 ne
885 1791 1021 1829 doleas
1040 1792 1130 1842 plus
1149 1790 1269 1829 nimio
1286 1803 1448 1830 memor.

395 1868 446 1892 11.
598 1856 660 1892 12.
691 1854 804 1893 Nolis
824 1855 945 1905 longa
964 1854 1056 1892 ferae
1075 1853 1180 1893 bella
1195 1853 1435 1892 Numantiae.

377 1930 449 1954 111.
601 1919 663 1956 10.
692 1918 917 1955 Extremum
937 1918 1102 1956 Tanaim
1122 1918 1155 1955 si
1172 1918 1342 1963 biberes,
1362 1917 1478 1969 Lyce.

603 1980 665 2017 16.
693 1979 894 2017 Inclusam
914 1980 1080 2017 Danaeia
1101 1980 1218 2018 turris
1238 1981 1374 2019 abinea.

388 2054 451 2080 1v.
625 2043 663 2079 5.
692 2041 802 2080 Divis
823 2049 905 2080 orte
923 2042 1054 2088 bonis,
1074 2042 1216 2092 optime
1238 2041 1431 2079 Romulae.

598 2106 659 2142 12.
687 2105 778 2143 Jam
799 2105 896 2144 veris
916 2106 1094 2150 comites,
1113 2117 1203 2155 quae
1222 2117 1328 2142 mare
1347 2110 1580 2155 temperant.

317 2169 556 2207 SEPTIMUM
582 2180 752 2207 eunus:
782 2175 824 2206 ut
858 2182 889 2207 1.
912 2168 989 2207 Od.
1010 2170 1048 2208 7.
1069 2181 1159 2219 quae
1187 2174 1249 2206 est
1267 2167 1430 2206 Dicolos
1461 2167 1711 2219 Distropbos.

263 2224 417 2271 Primus
437 2232 603 2283 quisque
630 2244 766 2270 versus
795 2240 856 2270 est
884 2231 1076 2270 Hernicus
1107 2231 1342 2269 Hexameter
1373 2229 1638 2269 catalecticus
1670 2232 1710 2268 in

264 2296 363 2335 duas
395 2294 591 2346 syllabas:
621 2302 809 2333 constans
838 2309 860 2334 e
883 2309 952 2335 sex
977 2294 1157 2346 pedibus,
1178 2293 1348 2345 Dactylo
1374 2300 1415 2332 et
1433 2293 1633 2344 Spondaeo
1651 2293 1710 2331 in-

264 2358 487 2397 differenter
505 2357 545 2395 in
565 2358 744 2397 omnibus
762 2359 876 2404 locis,
897 2371 1122 2410 quanquam
1137 2358 1176 2395 in
1195 2358 1332 2408 quinto
1351 2356 1564 2408 aliquando
1584 2357 1710 2407 Spon-

264 2422 376 2460 daeus
394 2421 564 2472 ponitur,
581 2427 622 2459 et
639 2421 678 2459 in
698 2428 810 2460 sexto
830 2421 1021 2474 Dactylus
1039 2434 1049 2460 ε
1078 2421 1144 2459 ubi
1163 2420 1280 2458 etiam
1296 2432 1402 2470 saepe
1421 2431 1491 2470 pro
1511 2418 1710 2469 Spondaeo

263 2484 475 2524 Trochaeus
495 2484 723 2524 admittitur.
779 2484 858 2524 Sed
874 2485 924 2524 de
942 2497 1058 2524 versu
1077 2484 1249 2522 Heroico
1265 2483 1389 2521 multa
1403 2482 1570 2520 diximus
1589 2482 1628 2519 in
1646 2482 1710 2522 In-

265 2548 532 2586 stitutionibus
552 2547 695 2586 nostris
717 2548 1007 2587 Grammaticis.
1062 2546 1271 2586 Scanditur
1289 2552 1419 2584 autem
1439 2544 1519 2583 sic:

266 2621 385 2653 Lauda
399 2639 420 2644 -
432 2638 449 2645 -
477 2620 565 2652 bunt
579 2621 625 2653 ali
639 2621 743 2656 -υυί
773 2604 826 2654 cla
839 2639 890 2645 --
919 2630 991 2653 ram
1007 2620 1152 2653 Rhodon
1166 2635 1244 2653 -υυ
1268 2622 1328 2650 aut
1336 2617 1429 2659 Mity
1443 2632 1524 2651 -υυ
1546 2617 1646 2649 leuen
1660 2635 1711 2641 —-

319 2683 526 2723 Secundus
557 2691 687 2723 autem
712 2686 878 2738 quisque
909 2694 971 2724 est
1001 2684 1229 2735 Dactylicus
1258 2681 1486 2720 Alcmanius
1512 2680 1711 2720 Tetrame-

265 2755 324 2784 ter
362 2746 616 2787 Catalectus:
654 2748 803 2789 habens
835 2755 1001 2800 quatuor
1029 2747 1186 2786 ultimos
1215 2744 1336 2797 pedes
1365 2742 1522 2783 Heroici
1549 2755 1711 2788 versus;

268 2823 349 2848 Sic:
