1916 3190
276 235 361 278 500
753 248 798 285 Q.
827 244 1039 277 noRAru
1074 245 1247 277 rnAcci

446 338 496 380 Si
517 343 686 393 quaeret
706 349 871 379 PATER
895 348 1094 379 υΒΒιυΜ

503 406 731 447 Subscribi
752 405 926 455 statuis,
944 405 1201 447 indomitam
1221 404 1380 447 audeat

445 472 700 514 Refraenare
719 472 961 522 licentiam,

501 539 659 581 Clarus
678 539 965 593 postgenitis3
995 544 1216 594 quatenus
1236 539 1337 590 (heu
1356 539 1480 581 nefas
1496 538 1529 594 ἔ)

446 605 666 648 Virtutem
689 606 952 647 incolumem
973 606 1159 655 odimus,

502 672 732 715 Sublatam
751 686 812 714 ex
831 674 975 714 oculis
996 673 1233 727 quaerimus
1253 673 1408 715 invidi.

447 737 571 790 Quid
590 740 737 781 tristes
758 740 1059 794 querimoniae,

504 806 555 848 Si
574 820 664 848 non
685 807 909 861 supplicio
930 807 1062 861 culpa
1076 807 1283 848 reciditur
1295 808 1314 847 ‘i

1660 541 1718 582 30

277 924 369 956 vitem
380 924 512 965 abolere,
526 924 554 956 si
561 925 662 964 cupiet
671 923 804 963 imagini
813 921 962 954 subscribi
973 930 1111 954 Rursus
1122 930 1334 962 eivi'rnum,
1344 923 1372 954 is
1383 922 1580 961 infrenatam
1588 923 1724 955 coercere

277 966 480 1007 cupiditatem
495 966 653 1007 suscipiat,
666 976 686 996 a
704 965 837 1006 posteris
856 964 1053 996 celebrandas
1062 973 1076 1001 ‚⁴
1097 965 1340 1004 quandoquidem
1354 965 1448 1006 (proh
1460 966 1557 997 scelus
1566 964 1599 1005 !)
1619 965 1723 996 vinem

276 1011 339 1040 tem
353 1010 502 1040 virtutem
519 1017 698 1039 aversamur
716 1007 902 1042 invidentes,
916 1009 1053 1045 ereptam
1074 1015 1145 1037 vero
1159 1006 1296 1047 aspectui
1309 1007 1527 1038 desideramus.

277 1054 393 1083 moestae
407 1051 552 1091 querelae,
566 1051 594 1082 si
609 1059 701 1090 poena
719 1049 839 1080 crimen
853 1058 914 1080 non
927 1051 1107 1088 anzputatur
1122 1047 1138 1081 2
1160 1049 1247 1085 Quid
1261 1049 1344 1089 leges
1356 1053 1485 1090 prosunt
1497 1049 1611 1089 absque
1630 1048 1726 1080 mari-

887 1140 1125 1154 “neaeeeoooo

275 1196 434 1229 Tot-rent.
460 1200 498 1229 et
516 1196 782 1238 &nquius—2⁷
805 1195 952 1229 Quidam
975 1195 1075 1228 codd.
1101 1195 1270 1235 Lambini,
1295 1205 1382 1227 unns
1405 1195 1620 1235 Bersmanni,
1642 1195 1726 1228 Pul-

279 1240 394 1270 mauni
417 1239 553 1271 Diesth.
567 1239 714 1271 Mentel.
731 1238 822 1279 Lipn.
840 1241 870 1269 1.
884 1247 906 1269 a
920 1248 963 1270 m.
979 1248 1048 1270 sec.
1073 1238 1167 1279 Lips.
1191 1241 1224 1270 2.
1247 1239 1348 1270 Dess.
1364 1241 1396 1270 2.
1441 1237 1590 1269 Bentleii
1610 1238 1723 1270 Graev.

278 1281 433 1323 Magdal.
450 1286 486 1313 et
501 1282 645 1314 Rauen.
659 1281 872 1322 qaaerit—30
897 1281 998 1312 Carus
1017 1280 1204 1321 postgenitis
1218 1279 1326 1312 codex
1342 1279 1500 1322 antiquus
1516 1289 1570 1320 ap.
1586 1279 1726 1312 Cantor.

280 1323 371 1356 Nov.
386 1324 499 1355 Lectt.
516 1332 582 1355 vn.
598 1326 651 1355 30.
696 1323 817 1354 Placet
832 1322 1008 1364 Lambino,
1024 1323 1146 1362 Fabro,
1160 1323 1319 1359 Daeerio,
1337 1321 1380 1354 ob
1396 1331 1466 1363 seq.
1482 1322 1612 1358 odimus,
1625 1327 1662 1354 et
1675 1321 1726 1353 sic

279 1366 462 1397 ediderunt
478 1366 563 1396 Dan.
581 1365 702 1396 Heius.
726 1368 763 1395 et
786 1364 935 1397 Schmid.
957 1367 1026 1405 post
1050 1365 1169 1404 genitis
1192 1365 1298 1397 divise
1324 1364 1440 1396 Lami».
1467 1369 1503 1395 et
1525 1363 1644 1395 Heins-
1665 1363 1725 1395 sed

280 1408 487 1439 auctoritate
511 1406 611 1438 codd.
626 1406 776 1437 editores
797 1408 906 1437 ceteri
924 1406 1085 1447 junctim.
1109 1407 1120 1424 ‘
1132 1407 1279 1447 quatinus
1291 1406 1411 1446 Laiub.
1428 1415 1447 1437 e
1463 1405 1629 1436 nonnullis
1645 1405 1727 1444 auis,

279 1448 461 1480 Pulmanni
483 1448 611 1479 Beller.
634 1448 727 1488 Lips.
744 1450 775 1480 ³.
798 1448 922 1478 Venet.
940 1450 1035 1479 1492.
1075 1448 1226 1478 Mancin.
1244 1449 1350 1487 Cruq.
1365 1447 1484 1487 Steph.
1500 1446 1579 1477 Fab.
1598 1448 1727 1478 Dacer.

279 1491 382 1522 Baxt.
426 1490 482 1521 Sic
499 1494 536 1521 et
549 1489 652 1521 scribi
669 1489 786 1520 volunt
801 1487 915 1520 Acron
931 1493 967 1519 et
983 1488 1173 1520 Commeat.
1220 1489 1371 1529 Cruquii,
1391 1488 1470 1529 quia
1485 1488 1632 1528 quatinus
1646 1497 1725 1520 con-

276 1532 413 1572 junctio
439 1531 497 1571 sit,
521 1534 671 1571 quatenus
696 1530 906 1561 adverbium.
949 1529 1076 1561 Similia
1092 1531 1225 1568 Festus,
1250 1530 1374 1571 Caper,
1399 1531 1542 1568 Fronto,
1557 1530 1726 1561 victorin.

281 1573 350 1605 vid.
378 1573 504 1605 Cellar.
527 1572 690 1612 Orthogr.
719 1572 794 1602 Lat.
818 1572 903 1603 edit.
919 1571 1055 1602 Harles.
1070 1577 1150 1603 tom.
1165 1580 1206 1602 n.
1223 1581 1258 1611 p·
1269 1574 1324 1603 48.
1359 1571 1427 1603 Sed
1453 1576 1532 1603 sunt
1556 1571 1640 1603 talia
1663 1581 1726 1613 pro

281 1614 424 1655 argutiis
440 1613 748 1646 Grammaticorum
764 1612 932 1644 habenda.
975 1613 1115 1644 Nullum
1139 1618 1193 1644 est
1207 1613 1399 1653 discrimen,
1410 1613 1477 1649 nisi
1492 1613 1526 1644 in
1543 1615 1726 1654 scriptura,

281 1662 319 1688 ut
334 1658 368 1688 in
389 1660 539 1697 protenus
554 1661 591 1688 et
603 1655 757 1696 protinus.
801 1654 984 1695 Antiquior
999 1655 1167 1695 scriptura
1182 1659 1237 1686 est
1252 1664 1314 1695 per
1327 1664 1358 1694 e,
1371 1663 1471 1695 quam
1486 1660 1523 1686 et
1536 1656 1568 1686 h.
1584 1656 1608 1687 l.
1624 1655 1725 1687 codd.

283 1703 414 1730 tantum
441 1707 507 1730 non
531 1707 647 1730 omnes
669 1696 857 1728 exhibent.’
879 1697 1058 1728 ὠκὺ-32
1080 1698 1090 1714 ‘
1107 1696 1400 1738 Interpiinximns,
1422 1701 1461 1728 ut
1482 1695 1523 1727 ad
1548 1700 1725 1738 utramque

280 1741 480 1777 clausulam,
502 1744 605 1781 prout
621 1749 684 1781 par
709 1743 775 1779 est,
800 1738 973 1771 referatur
1000 1747 1064 1769 vox
1088 1738 1208 1776 invidi,·
1230 1739 1278 1770 sic
1301 1739 1496 1780 postulante
1519 1738 1586 1770 loci
1601 1738 1727 1780 scopo.'

828 1831 831 1833 >
898 1851 902 1855 ,
933 1812 1074 1844 NOTAE

324 1881 366 1910 27
382 1877 420 1909 Si
433 1881 550 1919 quaeret
572 1881 663 1919 pater
684 1876 980 1916 urbium-Subscribi

230 1961 234 1965 ,
282 1927 412 1969 statuis]
433 1927 469 1959 Si
481 1928 573 1960 volet
582 1927 702 1967 dignus
714 1935 787 1959 esse
797 1927 851 1959 cui
865 1930 981 1958 statua

284 1979 434 2018 erigatur
450 1987 526 2008 cum
545 1977 609 2008 hac
624 1976 823 2017 epigraphe,
847 1976 858 1993 ‘
872 1975 980 2007 Pater

285 2026 436 2057 Patriae?
471 2027 557 2059 Quoe
571 2025 707 2066 quidem
722 2025 908 2066 appellatio
922 2025 980 2056 ho·

285 2073 426 2104 notifica
451 2075 597 2115 contigit
626 2074 780 2113 Camillo,
798 2074 979 2114 ¹Ciceroni,

283 2122 377 2155 Julio
406 2122 545 2160 caesari,
575 2121 752 2162 August03
786 2122 860 2153 aliis
897 2123 979 2154 item

285 2174 406 2212 postea
434 2170 533 2201 bonis
569 2170 846 2209 Imperatoribus.
904 2172 979 2204 Liv.

287 2219 438 2261 Appian.
453 2219 543 2250 Flor.
558 2218 699 2250 Sueton.
715 2220 780 2250 διο.
823 2219 893 2249 Hic
912 2220 981 2251 Oc-

287 2275 356 2302 tav.
370 2279 447 2310 cap.
457 2273 511 2300 58.
533 2269 544 2286 ‘
559 2269 702 2300 Senatus
718 2273 753 2299 te
767 2269 981 2299 consentiens

286 2330 363 2352 cum
379 2319 513 2359 Populo
528 2318 682 2350 Romano
701 2318 893 2349 consalutat
910 2318 980 2348 ΡΑ-

286 2378 385 2401 ‘rizus
407 2369 578 2401 PATREM.
629 2367 693 2398 Cui
719 2365 914 2407 Augustus.

286 2427 424 2459 compos
433 2417 544 2449 faetus
555 2420 707 2448 votorum
717 2424 879 2455 meorum,
891 2415 932 2446 P.
940 2415 980 2446 C.

288 2467 369 2509 quid
398 2467 506 2498 habeo
533 2465 625 2497 aliud
655 2466 747 2497 Deos
775 2463 981 2495 immortales

289 2516 449 2558 precari‚’
462 2518 525 2549 &c.
554 2515 712 2548 Juvenal.
727 2514 799 2546 Sat.
812 2521 894 2545 vm.
906 2515 982 2546 244.

289 2570 297 2584 ‘
312 2567 418 2597 Roma
433 2566 575 2597 Patrem
589 2564 716 2596 Patriae
731 2564 931 2596 Ciceronem
942 2563 981 2595 li-

290 2615 372 2646 bera
388 2614 498 2647 dixit?

333 2668 375 2696 30
401 2666 514 2698 Clarus
541 2663 742 2706 postgenitis]
773 2662 916 2696 Quidam
935 2662 983 2694 le-

291 2719 373 2754 gunt
386 2724 486 2747 carus.
529 2724 553 2747 1.
569 2714 636 2747 Od.
647 2716 701 2746 28.
724 2714 734 2731 ‘
748 2712 933 2744 Postmodo
949 2716 983 2744 te

291 2763 403 2796 natis!

1077 1877 1240 1913 Quatenus
1254 1876 1330 1919 (heu
1343 1875 1461 1917 nesasss
1491 1876 1542 1908 Ea
1559 1876 1727 1918 siquidem
1755 1871 1763 1877 ⁷

1033 1931 1087 1959 est
1102 1928 1252 1967 pravitas
1263 1935 1392 1958 morum
1407 1930 1614 1965 nostrorum,
1623 1930 1663 1958 ut
1674 1926 1728 1958 in-

1034 1977 1206 2008 videamus
1220 1975 1351 2016 virtuti,
1372 1974 1602 2014 excellentie,
1624 1975 1728 2006 hono-

1033 2026 1125 2056 ribus
1154 2034 1269 2056 eornm
1294 2023 1353 2066 q'ui
1380 2023 1555 2055 nobiscum
1584 2023 1725 2055 vivunt:

1033 2075 1176 2106 mortuis
1191 2078 1303 2106 autem
1317 2074 1457 2114 gloriam
1471 2078 1593 2113 sponte
1601 2073 1726 2106 deferi-

1033 2135 1107 2156 mus
1130 2129 1167 2156 et
1190 2125 1430 2156 laudationem.
1473 2125 1621 2166 Egregie
1637 2124 1727 2157 ven.

1033 2175 1170 2213 Patere.
1182 2174 1192 2192 ‘
1205 2174 1393 2206 Praesentia
1401 2173 1539 2214 invidia,
1550 2174 1727 2215 praeterita

1034 2223 1255 2255 veneratione
1270 2223 1517 2265 prosequimur.
1542 2224 1588 2255 Et
1600 2223 1650 2255 his
1665 2232 1725 2255 nos

1033 2271 1144 2311 obrui,
1159 2272 1225 2302 illis
1240 2273 1359 2304 instrui
1376 2272 1567 2303 credimus!

1076 2322 1118 2350 32
1132 2319 1295 2350 Sublatam
1307 2330 1348 2351 ex
1360 2320 1455 2351 oculis
1469 2320 1649 2360 quaen'mus]
1669 2321 1725 2352 Sic

1033 2365 1091 2398 fit:
1115 2367 1165 2398 sic
1177 2367 1313 2398 vivitur.
1336 2368 1499 2398 Homines
1511 2378 1586 2408 quae
1600 2369 1727 2401 habent

1035 2425 1106 2456 prae
1127 2415 1280 2447 manibus
1301 2415 1388 2447 bona
1409 2417 1465 2447 vix
1484 2423 1563 2448 aute
1584 2427 1726 2458 cognos-

1032 2470 1115 2497 cunt
1131 2469 1190 2496 aut
1212 2468 1250 2496 nt
1274 2474 1336 2506 par
1355 2469 1408 2496 est
1429 2466 1610 2506 aestimaut,
1624 2477 1724 2509 quam

1034 2523 1075 2545 ea
1096 2514 1276 2545 amiserint.
1318 2514 1428 2546 Quam
1450 2516 1651 2548 sententiam
1666 2526 1726 2548 ex-

1035 2565 1173 2605 politam
1195 2562 1342 2596 efferunt
1358 2564 1447 2596 inter
1468 2569 1521 2596 tot
1543 2566 1641 2606 alios,
1663 2567 1725 2599 So-

1035 2615 1172 2655 phocles
1185 2613 1219 2645 in
1235 2613 1358 2654 Ajace‚
1370 2614 1483 2646 Plaut.
1500 2615 1639 2656 Captiv.
1652 2616 1726 2649 Cic.

1035 2663 1070 2695 in
1085 2663 1183 2695 Orat.
1195 2667 1276 2704 post
1288 2663 1433 2695 reditum
1448 2664 1491 2696 ad
1503 2665 1668 2698 Quirites.

1077 2715 1118 2744 34
1136 2712 1175 2744 Si
1193 2722 1254 2743 non
1276 2713 1426 2753 supplicio
1448 2715 1537 2755 culpa
1560 2713 1727 2755 reciditur]

1034 2761 1073 2793 Si
1087 2762 1196 2804 culpae
1212 2770 1278 2794 non
1297 2761 1503 2803 paniarum-3
1527 2763 1593 2800 vel,
1613 2763 1642 2795 si
1658 2771 1726 2795 non
