1916 3190
655 216 928 248 cAnumuu
963 216 1063 246 mu.
1092 215 1123 244 1.
1154 205 1225 246 10.

1580 202 1665 244 109

388 311 621 363 Callidum,
641 310 854 365 quicquid
873 310 1057 365 placuit,
1070 309 1231 363 jocoso

722 377 922 419 Condere
937 376 1068 418 furto.

384 444 468 497 Te,
487 446 625 488 boves
644 443 748 487 olim
768 443 856 485 nisi
875 441 1153 485 reddidisses

215 575 442 617 sur-rijaerejoci
452 577 561 618 gracia
574 577 780 619 quodcumque
792 576 895 608 libuit.
911 575 916 580 “
944 574 987 607 Te
998 583 1126 615 puerum
1140 575 1290 615 qnondam
1301 585 1369 607 cum
1381 575 1483 607 ter-bis
1498 575 1667 607 naimcibns

869 658 1012 692 NOTAE

257 729 280 758 6
303 727 473 767 cmoeque
500 726 577 767 lyrae
611 723 783 766 parentem]
818 723 912 755 Mer·
962 722 1085 764 chelyn
1100 722 1218 764 digitis
1234 727 1270 755 et
1284 723 1413 755 eburno
1429 723 1571 756 verbere
1589 723 1662 764 pul-

215 776 299 816 carii
323 776 499 808 inventum
530 784 605 807 esse
630 776 739 817 lyram
765 778 913 816 constat,

215 835 318 869 quam
344 831 458 859 tamen
485 825 637 868 Apollini
667 826 822 858 tribuunt
851 825 912 857 ali·

213 876 365 919 qnando,
390 876 549 919 quoniam
573 876 661 908 hanc
689 876 719 907 ei
746 875 914 908 concessit

213 925 422 967 Mercurius,
442 931 482 959 ut
502 925 591 958 infra
613 926 766 958 dicemus
790 925 832 957 ad
856 934 913 956 vo-

215 982 303 1016 cem,
315 977 326 994 ‘
342 975 459 1016 virga!
489 976 546 1008 Sic
559 981 673 1007 antem
691 976 831 1007 inventa
845 973 914 1006 fer·

213 1029 287 1056 tur.
327 1025 415 1057 Post
429 1025 689 1057 inundationem
711 1025 784 1056 Nili
807 1028 914 1055 testu·-

215 1073 333 1107 dinem
347 1075 476 1116 reperit
496 1079 679 1114 mortuam,
692 1082 797 1106 exesa
812 1074 914 1105 etiam

216 1127 333 1156 tractu
354 1124 518 1165 temporis
535 1126 666 1156 'cai-ne:
689 1123 784 1155 nervi
800 1128 915 1155 autem

215 1173 276 1216 qui
291 1174 495 1215 superstites
509 1178 608 1205 erant
622 1172 726 1212 tensi,
739 1182 816 1205 cum
831 1172 917 1214 digi-

215 1216 264 1256 ti's
273 1227 392 1255 essent
404 1223 506 1264 pulsi,
517 1232 635 1256 sonum
645 1223 791 1265 aliquem
801 1221 917 1254 reunia

214 1271 356 1304 dunat.
400 1272 525 1314 Itaque
554 1273 597 1304 ad
626 1273 700 1313 ejus
724 1273 916 1305 similitudi·

214 1321 409 1364 nemlyram
421 1322 612 1355 construxit
621 1321 829 1362 Mercurius,
838 1332 914 1364 qnae

216 1371 344 1404 exinde
372 1371 509 1404 testudo
542 1375 662 1404 vocata
694 1375 759 1404 est.
803 1371 916 1404 Aliter

216 1421 322 1463 paulo
335 1421 394 1454 alii
405 1431 477 1454 rem
492 1420 653 1462 afferunt,
666 1421 831 1463 aiuntque
846 1426 914 1454 tes—

215 1466 371 1505 tudinem
383 1477 539 1504 vocatam
564 1482 585 1504 a
608 1476 701 1504 testa
720 1472 819 1504 istius
844 1473 915 1504 ani-

214 1523 326 1564 nnis,
337 1528 375 1556 ut
389 1533 469 1556 mox
482 1522 588 1555 fusius
603 1522 797 1564 explicabo.

259 1573 370 1615 Lym]
392 1574 516 1615 Lyram
537 1583 614 1605 cum
629 1573 762 1605 cithara
773 1573 914 1606 confun-

217 1620 306 1656 dunt
319 1623 545 1656 Grammatici
560 1623 676 1664 vulgo,
689 1623 833 1665 ipseque
849 1624 915 1655 Eu-

219 1669 378 1714 stathins,
399 1673 457 1715 qni
479 1672 541 1712 ait,
567 1673 579 1690 ‘
600 1672 722 1713 chelyn
751 1672 916 1704 citharam

218 1724 349 1756 dictam
374 1732 462 1763 esse,
491 1722 581 1765 qnod
611 1722 793 1754 testudinis
826 1727 918 1755 testa

213 1774 301 1814 jugo
315 1771 448 1812 addita,
465 1771 656 1812 fidibusque
682 1777 792 1811 tensa,
808 1773 917 1813 lyram

220 1820 428 1853 deformavit
439 1819 468 1852 ε’
490 1825 528 1851 et
552 1829 687 1852 rursusz
713 1822 725 1838 ‘
742 1820 864 1861 chelyn
885 1821 919 1852 id

221 1876 277 1904 est
300 1871 410 1912 lyram
423 1879 444 1901 e
459 1869 639 1902 testudinis
662 1873 754 1901 testa
770 1869 921 1902 factam!

221 1921 324 1956 Quod
341 1929 444 1962 porro
457 1921 547 1952 inter
559 1919 635 1951 illas
651 1918 845 1959 discrimen,
864 1920 923 1951 vix

220 1975 372 2003 statuas:
411 1978 601 2012 quanquam
635 1967 742 2000 fuisse
771 1978 840 2000 non
863 1974 922 2013 *est

222 2019 460 2052 dubitandum.
519 2014 688 2050 Diodorus
721 2018 920 2050 trichordon

220 2070 331 2111 lyram
350 2068 508 2101 extitisse
524 2072 645 2100 auctor
659 2072 731 2100 est:
757 2072 795 2100 at
807 2064 920 2100 Hora-

222 2119 292 2152 tius
307 2118 472 2151 citharam
488 2127 550 2150 seu
565 2117 772 2150 testudinem
787 2122 920 2159 septem

221 2168 336 2200 nervis
357 2172 490 2200 tensam
516 2172 553 2198 et
576 2167 776 2199 instructam
791 2166 923 2207 scribit,

221 2213 412 2250 imitatione
436 2215 592 2253 Pindari,
614 2216 673 2258 qui
694 2215 923 2255 ἑπτάγλωσσον

222 2267 392 2309 φόρμιγγα,
411 2266 447 2298 id
467 2272 532 2307 est,
554 2270 693 2307 septenos
711 2268 850 2299 edentem
869 2277 919 2298 so-

221 2327 289 2357 nos,
299 2317 358 2349 ait.
380 2317 416 2348 S.
427 2316 574 2348 Hieron.
585 2316 717 2354 scribit,
732 2318 742 2334 ‘
754 2316 920 2348 citharam

223 2359 314 2400 effici
330 2367 364 2399 in
387 2366 525 2398 modurn
549 2366 659 2398 literae
674 2371 714 2398 Δ.
730 2376 807 2399 cum
822 2367 918 2398 chor-

223 2414 278 2448 dis
289 2416 411 2457 viginti
427 2419 585 2458 quatuor,
600 2420 637 2447 et
647 2425 711 2457 per
721 2415 846 2457 digitos
863 2425 919 2447 va-

224 2465 285 2497 riis
296 2465 447 2505 vocibus,
462 2465 667 2506 tinnulisque
681 2466 806 2496 ictibus
821 2465 855 2496 in
872 2465 922 2496 di·

187 2529 189 2531 >
224 2515 334 2546 versis
350 2513 459 2546 modis
481 2513 672 2546 concitari!
705 2514 783 2546 Hoc
807 2519 923 2545 autem

227 2563 409 2596 observare
433 2562 528 2602 licet,
552 2564 620 2595 dici
642 2563 764 2604 chelyn
779 2572 839 2594 seu
855 2567 923 2594 tes-

227 2611 377 2644 tudinem
393 2618 429 2644 et
444 2614 610 2645 citharam
626 2612 742 2653 digitis
762 2617 821 2643 aut
844 2621 923 2652 pec·

229 2661 299 2692 tine
320 2662 464 2701 pulsari:
494 2662 636 2698 Seneca,
668 2664 678 2679 ⁴
693 2662 815 2702 chelyn
832 2661 924 2702 plec-

230 2715 285 2741 tro
310 2710 506 2752 verberari,’
531 2712 590 2743 ait.
626 2712 802 2744 Lucanus:
828 2714 838 2730 ⁸
855 2711 923 2743 Seu

965 771 1044 804 sas.'
1080 771 1130 804 At
1151 773 1225 814 lyra
1243 773 1325 814 pelli
1345 772 1544 808 dicebatur:
1574 773 1665 804 idem

964 820 1114 853 ibidem:
1137 826 1146 840 ‘
1165 822 1241 854 Nec
1268 822 1395 864 pudeat
1420 823 1594 865 pepulisse
1619 823 1666 863 ly-

966 871 1060 904 ram?
1092 871 1198 904 Ovid.
1214 872 1301 905 Met.
1327 881 1364 904 x.
1385 876 1461 905 205.
1505 873 1515 891 ‘
1529 873 1578 904 Te
1593 873 1667 912 lyra

967 921 1067 962 pulsa
1082 931 1197 962 manu,
1221 926 1257 954 te
1277 923 1428 954 carmina
1438 926 1557 955 nostra
1571 931 1667 954 sous-

966 969 1076 1002 bnnt.'
1119 971 1289 1012 Crnquius
1308 972 1356 1004 ita
1383 973 1419 1004 in
1444 973 1532 1004 hunc
1555 972 1666 1004 locum

967 1020 1098 1056 scribit.
1118 1030 1161 1052 ex
1181 1021 1343 1053 idiomate
1358 1021 1493 1061 Italico,
1510 1021 1669 1054 Aleman-

968 1073 1058 1108 nico,
1083 1072 1281 1112 Flaudrico,
1300 1072 1449 1112 Gallico,
1471 1073 1547 1114 lyra
1570 1080 1668 1104 snum

970 1121 1081 1154 adhuc
1096 1130 1220 1154 nomen
1233 1121 1338 1154 habet
1347 1123 1531 1164 integrum.
1555 1120 1606 1154 Ea
1616 1122 1669 1153 ni-

968 1172 1091 1203 mirum
1107 1177 1173 1212 est,
1187 1181 1255 1213 qua
1278 1171 1430 1204 mendici
1444 1172 1584 1204 vicatim
1609 1172 1668 1204 sti-

968 1229 1048 1262 pem
1060 1221 1243 1262 quaeritare
1254 1224 1370 1252 notum
1382 1226 1454 1260 est;
1474 1230 1552 1253 nam
1567 1227 1604 1254 et
1619 1223 1668 1253 in·

968 1280 1072 1303 curva
1089 1277 1154 1312 est,
1175 1276 1214 1303 et
1225 1272 1384 1303 δελτυτοῦ
1396 1271 1539 1303 formam
1559 1271 1669 1304 refert

968 1321 1111 1362 propius
1131 1321 1288 1353 intuenti.
1332 1321 1471 1353 Cithara
1498 1331 1579 1354 vero
1599 1328 1669 1354 tes-

969 1369 1052 1402 tudo
1074 1374 1198 1402 vocata
1223 1380 1244 1402 a
1265 1365 1375 1402 forma
1394 1375 1495 1403 testae
1512 1371 1584 1412 ejus
1598 1372 1670 1403 ani-

968 1419 1079 1459 malis,
1092 1421 1157 1452 ὅτε.

1011 1471 1030 1500 7
1058 1469 1225 1510 Calliam,
1259 1470 1405 1511 quicqiaid
1438 1471 1571 1512 placuit,
1598 1470 1668 1512 ξω]

968 1518 1079 1559 Clam,
1092 1519 1279 1561 ingeniose,
1293 1520 1428 1561 jocose,
1449 1519 1586 1552 furandi
1601 1530 1670 1552 ma-

968 1568 1124 1609 gistrum.
1168 1569 1310 1610 Duplex
1331 1570 1488 1601 nimirum
1511 1577 1564 1602 est
1584 1569 1670 1602 furti

967 1617 1116 1657 species,
1132 1626 1192 1649 seu
1213 1616 1349 1648 furandi
1365 1628 1432 1649 ars.
1476 1619 1555 1650 Una
1570 1620 1676 1655 seria,

969 1665 1135 1707 improba,
1151 1667 1325 1708 injuriosa,
1343 1668 1475 1708 legibus
1490 1670 1618 1700 vetita:
1634 1674 1671 1699 et

969 1718 1014 1750 de
1038 1719 1102 1750 bac
1127 1727 1195 1750 non
1220 1723 1276 1749 est
1300 1719 1439 1750 mentio.
1484 1719 1533 1750 At
1562 1719 1672 1750 altera

971 1773 1026 1799 est
1054 1767 1304 1807 oblectationis,
1320 1768 1407 1808 joci,
1433 1772 1471 1800 et
1494 1768 1670 1800 industria

974 1815 1128 1863 ludicrae,
1153 1816 1188 1847 in
1202 1826 1270 1858 qua
1284 1817 1449 1861 excelluit
1463 1817 1669 1849 Mercurius.

976 1866 1070 1898 Hinc
1090 1870 1127 1898 ct
1148 1866 1338 1908 Lycurgus,
1361 1867 1405 1898 ad
1427 1867 1599 1900 acuendos
1620 1867 1672 1899 fu·

975 1915 1075 1947 randi
1099 1916 1240 1947 solertia
1259 1917 1506 1957 Spartanorum
1529 1917 1670 1958 animos,

973 1965 1142 2006 impunita
1162 1974 1239 1996 esse
1260 1964 1354 1997 furta
1371 1971 1544 1998 sanxerat.
1588 1967 1670 1998 Phi-

972 2006 1108 2044 lostrat.
1122 2010 1267 2054 Imagin.
1292 2013 1352 2046 lib.
1375 2023 1401 2046 1.
1422 2013 1517 2046 furta
1532 2015 1673 2047 Mercu·

972 2064 1014 2095 rii
1030 2064 1154 2104 jocosa
1169 2068 1272 2096 vocat
1291 2063 1394 2102 ἣδείας
1416 2063 1548 2097 κλοπάς.
1591 2066 1671 2097 Ful-

972 2113 1108 2155 gentius
1133 2114 1211 2146 ideo
1234 2115 1502 2155 negotiatoribus
1522 2124 1672 2156 praeesse

973 2163 1060 2196 dicit
1081 2164 1306 2205 Mercurium,
1321 2165 1412 2207 quod
1428 2165 1478 2196 illi
1496 2165 1551 2197 vix
1566 2175 1587 2197 a
1600 2165 1672 2196 fur-

973 2219 1011 2246 to
1026 2214 1191 2246 immunes
1214 2215 1294 2247 sint.
1338 2214 1407 2246 Alii
1428 2216 1546 2246 volunt
1560 2215 1672 2255 desig-

972 2265 1048 2295 nari
1076 2265 1143 2296 vim
1171 2265 1344 2305 orationis,
1364 2275 1438 2307 qnae
1459 2266 1583 2297 sensim
1600 2265 1672 2296 ani-

973 2323 1045 2345 mos
1067 2318 1187 2355 captat
1208 2324 1249 2345 ac
1270 2314 1372 2354 rapit.
1416 2314 1495 2345 Huc
1510 2316 1611 2345 etiam
1628 2314 1671 2345 ab

972 2364 1048 2395 aliis
1063 2363 1212 2395 refertur
1228 2364 1354 2404 Magiae
1367 2374 1407 2394 ac
1420 2363 1671 2404 praestigiornm

972 2413 1138 2452 inventio,
1168 2422 1243 2454 quae
1279 2412 1442 2444 tribuitur
1475 2413 1670 2444 Mercurio:

975 2472 1031 2493 ars
1046 2471 1169 2502 nempe
1184 2463 1234 2493 sic
1255 2464 1440 2493 astantium
1454 2463 1568 2494 oeulos
1585 2473 1672 2505 prae·

976 2512 1180 2552 stringendi,
1203 2516 1243 2543 ut
1268 2511 1382 2542 dolum
1405 2521 1470 2543 non
1487 2512 1671 2545 advertant

976 2569 1091 2591 coram
1106 2560 1187 2600 ipsis
1203 2564 1448 2600 perpetratum.

1018 2612 1040 2640 9
1064 2607 1119 2648 Te,
1133 2609 1221 2640 bores
1236 2610 1322 2651 olim,
1342 2609 1413 2651 qt]
1436 2610 1670 2643 caliditatem

978 2659 1156 2699 Mercurii,
1181 2664 1218 2691 et
1233 2660 1387 2700 peritiam
1397 2660 1519 2700 jocose
1534 2659 1669 2692 furandi

978 2710 1111 2750 probat.
1141 2710 1229 2742 Haec
1244 2716 1360 2743 autem
1368 2715 1421 2742 est
1432 2711 1584 2747 historia,
1608 2720 1667 2742 seu
