1916 3190
257 230 344 272 222
735 242 780 281 Q·
811 242 1020 274 HonA'rn
1055 243 1228 274 snAccr

484 333 559 377 Ad
577 347 698 377 arma
717 339 961 386 cessantes,
982 334 1041 376 ad
1060 347 1184 376 arma
1654 335 1713 377 15

543 400 764 452 Concitet,
786 401 1110 455 imperiumque
1130 400 1314 453 frangat.

426 467 492 511 Te
511 469 840 522 semperantest
860 481 989 510 serva
1011 467 1295 518 Necessitas,

431 535 596 578 Clavos
614 535 808 577 trabales
827 538 871 577 et
888 547 1053 576 cuneos
1068 547 1202 575 manu

252 641 347 691 =‹tr-nm
361 658 490 700 quietos,
504 661 546 691 ad
559 669 646 692 arma
659 661 814 700 provocet,
829 668 865 690 ac
883 657 1055 698 Imperium
1074 657 1251 696 labefaciet.
1299 657 1343 689 Te
1357 667 1511 699 nunquam
1525 667 1586 689 non
1598 667 1714 698 prece-

258 702 308 733 dit
329 703 409 733 dura
431 703 596 735 necessitas
617 712 703 734 cenea
724 710 818 733 manu
833 701 944 740 serens
963 701 1065 731 clavos
1087 701 1303 741 praegmndes,
1317 704 1347 732 et
1362 710 1491 732 cuneos:
1512 701 1597 732 adest
1618 701 1715 732 etiam

863 783 1098 797 eeeeeeeeeeee

260 848 457 890 capiebant,
478 853 515 881 et
537 849 724 882 initialibus
738 849 850 882 literis
868 860 916 882 vs.
934 853 987 882 15.
1003 854 1178 882 vetustate
1200 849 1305 882 erasis
1348 848 1442 882 forte
1462 849 1528 881 hoc
1542 849 1597 880 vel
1612 847 1715 880 simili

259 891 373 932 modo,
393 902 447 924 ace
469 895 634 932 cessantes,
647 891 721 934 ὅγε.)
744 893 908 924 insulsum
932 893 1017 924 illud
1043 902 1132 924 arma
1153 893 1272 933 inepte
1297 902 1336 923 su
1357 892 1530 932 jecerunt.
1574 891 1615 922 In
1639 900 1715 932 pace

259 937 412 965 cessantes
426 934 515 966 dixit
530 939 568 966 ut
586 935 714 966 Lucan.
730 944 767 966 v.
780 937 834 966 35.
849 936 859 952 ‘
870 935 1005 975 quietos
1018 935 1051 967 in
1067 935 1168 975 longa
1186 934 1294 975 pace.’
1306 934 1316 948 '
1327 935 1424 966 Jever
1436 936 1477 965 ad
1487 934 1607 965 Lucan.
1623 941 1648 964 ι.
1660 935 1716 966 93.

258 978 344 1007 -17
368 975 437 1007 Pro
450 986 545 1017 saeva,
559 986 650 1008 serva
664 977 792 1007 habent
808 977 935 1008 Scholl.
948 981 1093 1018 quatuor
1116 976 1263 1007 Blandd.
1289 976 1370 1009 Div.
1392 980 1429 1008 et
1450 977 1509 1007 Sil.
1529 985 1584 1015 ap.
1609 975 1716 1017 Cruq.

259 1017 327 1049 duo
343 1018 459 1050 Bentl.
474 1017 542 1049 duo
556 1019 690 1050 Bersm.
708 1018 807 1049 Harl.
820 1021 855 1050 3.
871 1022 906 1049 4.
921 1022 953 1050 6.
968 1018 1057 1050 Altt.
1071 1021 1101 1049 1.
1116 1021 1148 1049 2.
1166 1018 1280 1059 Lipss.
1293 1022 1377 1057 tres,
1393 1018 1493 1049 Dess.
1505 1020 1539 1048 2.
1555 1018 1669 1049 ΡιιΙιιι.
1684 1020 1717 1049 1.

258 1062 291 1091 3.
308 1060 407 1092 Gott.
419 1060 500 1092 Sax.
516 1060 641 1092 Venet.
659 1062 756 1091 1478.
770 1061 872 1092 Baxt.
892 1060 997 1092 Gesn.
1012 1060 1131 1093 Jones.
1148 1060 1267 1091 But-m.
1281 1063 1318 1091 et
1332 1059 1468 1091 Wakef.
1505 1060 1552 1091 Et
1567 1058 1717 1099 probant

259 1102 316 1133 Fr.
332 1102 461 1133 Luisin.
480 1102 624 1144 Parerg.
640 1111 667 1134 1.
683 1104 737 1134 22.
781 1102 928 1134 Mattius
953 1102 1061 1143 Opin.
1079 1111 1136 1133 ιιι.
1158 1105 1190 1132 5.
1235 1101 1373 1133 Pierius
1399 1101 1458 1133 lib.
1475 1109 1607 1133 xnvur.
1624 1110 1656 1133 c.
1671 1100 1717 1133 de

259 1144 369 1184 clavo,
385 1154 429 1175 ex
441 1144 593 1186 antiquis
614 1144 697 1176 libb.
719 1154 804 1176 saeva
821 1154 936 1176 omnes
956 1144 1119 1183 Lambini,
1131 1153 1247 1175 omnes
1258 1145 1419 1176 Tot-rent.
1432 1144 1585 1176 Bentleii
1597 1142 1717 1176 Graev.

259 1186 355 1218 Leid.
371 1186 503 1219 Zulich.
519 1186 646 1228 Regin.
662 1187 822 1221 Petrens.
835 1188 914 1220 Gal.
926 1188 1056 1219 Battel.
1072 1195 1108 1218 et
1123 1196 1142 1217 a
1159 1196 1204 1218 m.
1220 1196 1273 1228 pr.
1290 1187 1376 1227 Reg.
1392 1187 1471 1218 Soc.
1485 1186 1584 1218 Harl.
1595 1188 1626 1217 1.
1639 1188 1672 1217 2.
1683 1189 1717 1219 6.

259 1228 404 1261 Mentel.
422 1229 525 1262 Fran,
542 1230 649 1261 Mart.
663 1234 699 1261 et
717 1229 824 1262 Mald.
836 1231 942 1271 Cruq.
961 1230 1052 1270 Lips.
1071 1232 1102 1261 l.
1120 1229 1248 1261 Venet.
1266 1231 1363 1261 1492.
1380 1230 1477 1260 1590.
1491 1227 1636 1260 Ascens.
1650 1227 1719 1260 Lo·

259 1270 352 1303 cher.
365 1271 484 1303 Basili.
529 1272 576 1303 Et
590 1272 638 1303 sic
653 1272 798 1305 Laudin.
814 1273 949 1304 Marcii.
975 1272 1081 1313 Crnq.
1099 1271 1197 1302 Torr.
1214 1272 1332 1304 Lamb.
1349 1271 1484 1303 Fabric.
1499 1271 1539 1303 T.
1554 1270 1638 1302 Fab.
1652 1270 1716 1302 Ro.

260 1317 297 1344 et
314 1314 361 1345 H.
376 1313 521 1355 Stephh.
535 1314 656 1346 Heius.
679 1315 808 1346 Dacer.
825 1315 942 1347 Bentl.
966 1315 1052 1346 Cuu.
1073 1314 1198 1345 Sanad.
1210 1314 1339 1355 Delph.
1353 1313 1526 1346 Schrevel.
1550 1312 1642 1352 Jani,
1657 1311 1718 1344 Bi-

259 1360 354 1396 pont.
371 1355 511 1387 Mitsch.
529 1356 671 1388 Wetzel.
693 1356 801 1389 Kidd.
823 1361 860 1388 et
883 1357 1002 1388 Comb.
1026 1356 1162 1387 ‘Multa
1185 1356 1363 1398 utriusque
1384 1355 1542 1388 lectionis
1567 1355 1716 1387 auctori-

261 1402 328 1436 tas,
352 1402 388 1428 et
409 1402 542 1429 mature
559 1399 707 1430 variasse
723 1403 864 1440 oportet
885 1399 1004 1431 libros.
1048 1399 1166 1429 Possit
1180 1398 1315 1429 omnino
1333 1398 1528 1429 Necessitas
1543 1397 1611 1428 dici
1626 1406 1718 1428 serva

261 1439 436 1479 Fortunae,
451 1440 559 1472 instar
569 1441 701 1473 lictoris
717 1443 790 1483 eJus
801 1441 899 1482 jussa
914 1450 1102 1482 exequens,
1116 1439 1273 1482 πρόπολος
1288 1439 1399 1480 ἕνύχης.
1423 1439 1490 1471 Sed
1506 1439 1597 1470 haud
1612 1438 1716 1470 dubie

260 1491 343 1513 saeva
358 1487 516 1523 praestat,
531 1487 571 1514 ut
584 1484 771 1525 simplicius
787 1489 823 1515 et
839 1484 948 1524 magis
965 1483 1171 1515 conveniens
1197 1483 1260 1514 toti
1276 1482 1432 1524 imagini,
1452 1482 1571 1522 clavis,
1586 1481 1717 1521 cuneis,

262 1533 384 1555 severo
399 1534 503 1565 unco,
526 1526 640 1558 manui
655 1525 765 1559 aenae.
809 1526 867 1558 Sic
891 1531 929 1557 et
950 1526 960 1544 ‘
975 1526 1049 1557 dira
1067 1525 1257 1557 necessitas
1269 1524 1279 1539 ’
1301 1530 1356 1557 est
1381 1523 1440 1556 inf.
1454 1533 1513 1556 ιιι.
1531 1524 1600 1556 Od.
1614 1526 1668 1556 24.
1681 1526 1716 1555 6.

261 1566 372 1598 Sercoe
387 1566 467 1598 idea
483 1569 598 1600 nescio
613 1568 694 1610 quid
711 1569 860 1608 argutati
874 1568 993 1608 habet,
1009 1573 1058 1606 et,
1073 1567 1102 1598 si
1119 1573 1233 1599 tamen
1249 1567 1304 1599 cui
1321 1567 1505 1609 placuerit,
1521 1567 1595 1608 jam
1612 1566 1644 1597 in
1660 1575 1717 1596 an-

260 1608 320 1641 teit
335 1609 482 1650 cogitari
497 1615 616 1652 queat.
662 1611 783 1643 Lectio
806 1620 897 1643 serva
923 1611 1053 1652 gratior
1075 1615 1130 1643 est
1151 1610 1309 1650 acumini,
1334 1619 1418 1642 saeva
1445 1609 1560 1641 sensui
1584 1607 1717 1651 lyrico.'

917 1700 1059 1734 NOTAE

261 1761 405 1801 populns
431 1772 572 1795 movens
597 1763 729 1806 quietas
752 1774 806 1797 res
828 1770 964 1806 pertur-

262 1811 334 1852 bet,
358 1816 462 1854 atque
487 1813 536 1845 ita
561 1823 697 1855 pessum
724 1819 803 1846 eant
820 1824 897 1856 quae
914 1815 964 1847 vi·

262 1861 389 1894 dentur
424 1864 526 1896 modo
554 1863 652 1896 firma
680 1869 718 1896 et
745 1874 815 1896 aere
840 1874 963 1906 peren-

264 1920 372 1944 mora.

308 1963 348 1991 17
375 1960 417 1991 Te
429 1971 547 2002 semper
559 1963 659 1994 anteit
671 1973 762 1995 serva
772 1964 885 2005 [soeva]
897 1965 962 1996 Ne-

262 2007 406 2048 cessitas]
424 2011 571 2043 Quidam
587 2013 707 2052 legunt
720 2023 809 2045 serta
822 2014 967 2053 Necessi-

264 2059 594 2100 tae,q11asiFortunae
609 2061 746 2094 famula.
768 2063 836 2094 Sed
847 2072 967 2103 apage.

263 2107 321 2140 Sic
330 2107 417 2139 enim
430 2109 673 2142 et111.0d.29.
694 2112 704 2129 ‘
717 2112 867 2142 Fortuna
875 2121 966 2142 saevo

263 2158 348 2189 laeta
360 2158 520 2199 negotio.'
547 2160 593 2190 Et
608 2159 677 2192 Od.
691 2169 795 2192 xxlv.
813 2161 964 2202 ejusdem

263 2207 355 2245 libri,
378 2208 389 2225 ‘
403 2207 476 2240 dira
493 2208 717 2241 Necessitas!
763 2209 819 2241 lta
836 2211 966 2250 Sopho-

265 2250 350 2298 cles,
365 2257 399 2288 in
416 2257 537 2298 Ajace,
549 2255 722 2298 ἀναγκαίαν
734 2257 837 2299 τύχην
851 2265 966 2290 vocat.

266 2306 312 2338 Et
335 2306 502 2339 Laberius
517 2308 607 2348 apud
624 2308 780 2340 Macrob.
797 2318 838 2355 ¹.¹·
854 2311 886 2340 7.
908 2318 966 2341 ne-

266 2357 463 2388 cessitatem
479 2357 642 2390 Fortunae
659 2359 788 2400 pariter
801 2359 969 2400 adjungit,

266 2409 316 2443 bis
329 2408 524 2441 versiculis:
541 2409 552 2427 ⁴
565 2409 774 2450 Necessitas,
784 2410 879 2451 cujus
892 2419 968 2441 cur-

266 2468 322 2490 sus
353 2458 541 2490 transversi
577 2459 742 2500 impetum
777 2460 968 2491 Voluerunt

268 2509 368 2543 multi
384 2508 548 2551 effugere,
562 2509 663 2551 pauci
679 2514 880 2551 potuerunt,
891 2511 968 2544 Quo

268 2569 323 2591 me
338 2559 486 2592 detrusit
502 2570 600 2602 paene
615 2560 777 2592 extremis
791 2560 968 2593 sensibus?

269 2630 350 2641 .....
358 2611 520 2652 Fortuna,
535 2611 762 2645 immoderata
772 2611 806 2643 in
821 2611 908 2643 bono
923 2621 968 2643 ae·

271 2670 338 2703 que
354 2665 457 2701 atque
471 2662 506 2694 in
517 2663 618 2704 malo,
627 2683 708 2694 .....
719 2662 822 2695 Nunc
837 2671 890 2693 me
905 2670 972 2703 quo

272 2708 392 2750 dejicis
406 2709 431 2740 ?'
475 2711 554 2742 Huc
571 2715 607 2743 et
623 2710 706 2743 facit
722 2711 810 2753 quod
829 2710 973 2742 Aristot.

272 2769 385 2797 rerum
410 2769 528 2796 causas
555 2767 733 2795 enumerat
760 2762 863 2795 hasce
889 2771 969 2803 qua-

1019 1770 1108 1808 tuor,
1135 1766 1316 1807 Naturam,
1346 1765 1611 1806 Necessitatem,
1637 1765 1720 1798 For-

1019 1823 1150 1855 tunam,
1165 1817 1333 1848 Mentem.

1062 1868 1102 1898 18
1127 1866 1240 1898 Clavos
1267 1866 1404 1898 trabales
1432 1868 1463 1897 et
1491 1874 1602 1897 cuneos
1626 1874 1726 1898 manu-

1021 1918 1158 1950 Gestans
1181 1918 1271 1958 u'e'na,
1297 1917 1368 1959 ssa]
1400 1917 1519 1948 Talem
1539 1915 1646 1948 Antii.
1666 1926 1720 1949 re-

1020 1967 1136 2000 ferunt
1153 1969 1186 2000 in
1203 1969 1368 2001 Fortunoe
1386 1968 1514 2009 templo
1527 1967 1720 2009 fuissepic-

1021 2022 1145 2058 turam,
1159 2028 1227 2059 qua
1237 2018 1483 2050 exhiberentur
1495 2018 1587 2050 varia
1597 2018 1656 2049 iila
1670 2018 1722 2050 in-

1021 2070 1286 2098 strumentorum
1317 2076 1455 2107 genera,
1484 2068 1585 2108 clavi,
1605 2068 1720 2109 cunei,

1019 2115 1111 2154 unci,
1143 2115 1315 2155 plumbum
1347 2116 1524 2156 liquidnm,
1557 2119 1622 2148 ὅτε.
1659 2127 1721 2149 seu

1019 2163 1212 2195 cruciandis
1230 2164 1310 2203 reis,
1332 2173 1392 2195 seu
1419 2164 1522 2195 rebus
1546 2165 1720 2197 firmandis

1019 2222 1060 2245 ac
1076 2213 1248 2244 stabiliter
1263 2212 1454 2253 defigendis
1468 2213 1602 2246 idonea.
1646 2214 1721 2246 Cla-

1018 2273 1073 2294 vos
1088 2262 1236 2303 trabales]
1261 2263 1307 2294 Hi
1323 2261 1428 2294 ferrei
1449 2267 1541 2304 sunt,
1555 2263 1723 2305 ingentes,

1019 2317 1056 2344 et
1092 2312 1210 2351 validi,
1247 2312 1370 2354 quibus
1402 2312 1519 2344 trabes
1554 2312 1722 2354 figuntur:

1022 2362 1111 2395 unde
1127 2361 1286 2403 proverb.
1307 2362 1450 2393 ‘trabali
1477 2363 1574 2395 clavo
1593 2362 1722 2404 fige-ref

1022 2422 1097 2455 pro,
1113 2412 1123 2430 ‘
1138 2411 1281 2444 firmiter
1295 2412 1473 2444 stabilire!
1495 2413 1568 2446 Cic.
1584 2413 1618 2444 in
1634 2413 1721 2445 Ver-

1021 2472 1106 2503 rem,
1145 2471 1209 2494 vn.
1246 2471 1281 2493 n.
1315 2464 1368 2494 32.
1406 2462 1538 2494 Erasm.
1575 2463 1722 2495 Chiliad.

1021 2511 1260 2544 ‘Herculanus
1284 2510 1433 2543 nodus:’
1455 2517 1492 2543 et
1516 2511 1645 2545 Noster
1658 2513 1720 2545 cit.

1021 2571 1078 2594 111.
1096 2562 1227 2594 od.24.
1247 2562 1257 2579 ‘
1270 2562 1384 2594 clavos
1395 2561 1651 2603 adamantinos,'
1664 2572 1722 2594 eo-

1021 2612 1100 2645 dem
1125 2622 1238 2654 sensu,
1266 2611 1366 2654 ‘figi'
1390 2623 1410 2644 a
1425 2613 1644 2655 necessitate,
1660 2613 1721 2645 ait.

1025 2663 1115 2695 Item
1132 2663 1200 2703 pali
1216 2667 1296 2694 sunt
1316 2662 1418 2704 lignei
1444 2663 1623 2704 praeacnti,
1646 2664 1721 2705 qni-

1025 2712 1088 2744 bus
1113 2712 1193 2744 olim
1223 2718 1260 2744 et
1284 2712 1384 2744 modo
1415 2712 1506 2753 apud
1539 2713 1720 2746 immanem

1021 2762 1166 2795 Turcam
1199 2762 1351 2795 homiues
1388 2761 1595 2796 transadacti
1631 2762 1718 2803 peri-
