1916 3190
268 230 354 278 382
751 243 794 281 Q.
824 240 1032 272 HORA'ru
1067 242 1264 272 rhacot-

866 401 996 443 ODE
1039 402 1131 444 111.

272 512 504 545 Pulcherrima
528 512 663 554 Dilogia
685 511 836 544 declarat
861 512 986 545 Divum
1012 512 1198 554 Augustum
1224 512 1269 546 ob
1290 513 1460 557 justitiam
1487 513 1716 553 invictamque

313 567 416 598 animi
446 566 713 608 magnitudinem
743 566 776 597 in
809 566 960 597 Deorum
1002 576 1178 598 numerum
1209 571 1399 607 receptum,
1439 571 1474 598 et
1510 572 1628 598 contra
1665 565 1716 597 Μ.

316 618 500 650 Antonium
530 617 674 659 perfidia
697 622 735 649 et
755 618 909 650 muliebri
932 618 1072 651 mollitie
1103 618 1262 652 infamem
1293 620 1368 652 Diis
1392 619 1536 651 invisum
1550 618 1711 660 periisse:

314 673 396 713 quin
423 675 458 703 et
482 672 578 703 Deos
603 670 788 708 universos,
806 671 984 712 consopito
1009 671 1082 712 jam
1108 672 1198 704 civili
1221 672 1324 712 bello,
1350 672 1556 704 consensisse
1582 671 1625 703 ad
1647 676 1717 702 sta·

315 724 501 757 biliendum
528 725 756 756 Romanorum
786 725 976 765 imperium.
1015 725 1118 757 Baxt.
1176 725 1278 767 (Tan.
1313 725 1434 757 Faber.
1458 725 1571 765 Epist.
1593 734 1634 756 n.
1662 726 1716 756 43.

314 779 466 820 conjicit,
479 778 659 810 Horatium
676 778 849 809 dehortari
866 778 1013 810 voluisse
1030 777 1286 819 Augustum,ne
1301 779 1458 819 exemplo
1469 777 1552 810 Julii
1563 777 1720 817 Caesaris,

316 832 359 864 de
375 841 443 873 quo
463 832 560 864 Suet.
581 842 612 863 c.
628 834 682 863 79.
709 830 799 863 forte
824 832 992 872 cogitaret
1017 831 1059 863 de
1086 831 1168 863 sede
1193 832 1325 872 imperii
1347 831 1447 863 llium
1472 830 1720 863 transferenda.

315 886 496 917 Massonus
528 886 586 925 ait,
607 884 739 915 landari
768 884 995 916 constantiam
1022 883 1181 924 Augusti,
1209 894 1277 925 qna
1298 884 1327 915 is
1352 888 1441 917 teste
1472 885 1582 917 Dione
1600 893 1671 916 mv.
1686 887 1719 916 6.

315 941 437 980 p.52-1.
459 939 498 970 C.
515 937 559 969 A.
573 938 615 968 U.
638 940 714 970 733.
731 946 773 968 ex
795 937 922 978 Sicilia,
947 936 1034 968 unde
1058 937 1093 968 in
1109 936 1224 968 Asiam
1244 937 1312 969 iter
1333 937 1491 978 parabat,
1505 938 1659 970 revocari
1682 946 1719 968 se

315 993 459 1023 Romam
485 990 528 1021 ad
555 990 686 1030 turbas,
701 990 883 1021 occasione
907 989 1135 1021 consularium
1160 989 1371 1021 comitiorum
1387 994 1490 1031 ortas,
1509 999 1576 1022 nou
1601 1000 1718 1031 passus

315 1050 383 1076 est.
428 1043 477 1074 At
502 1042 633 1083 nescio,
660 1051 701 1073 an
723 1042 779 1074 hie
802 1042 962 1076 ‘Justum
987 1046 1023 1074 et
1053 1046 1208 1073 tenacem
1231 1043 1399 1084 propositi
1410 1043 1537 1075 virum'
1565 1053 1601 1075 se
1622 1045 1720 1076 valde

316 1096 520 1138 praestiterit
536 1094 733 1135 Augustus:
758 1099 794 1127 et
816 1095 934 1137 quidni
956 1095 1048 1127 dicat
1069 1095 1194 1137 Faber,
1209 1097 1328 1128 talium
1345 1097 1519 1128 turbarum
1535 1101 1720 1138 pertaesum

316 1150 506 1191 principem
531 1150 584 1180 vel
610 1158 651 1180 eo
674 1149 748 1189 ipso
772 1153 929 1190 tempore
953 1149 1108 1189 cogitare
1128 1149 1280 1190 potuisse
1305 1149 1348 1182 de
1375 1150 1455 1181 sede
1476 1150 1609 1191 imperii
1634 1149 1721 1182 Ilion

319 1202 582 1234 transferenda?
606 1203 709 1234 Certe
726 1201 827 1233 Fabri
844 1202 1044 1242 conjectura
1059 1202 1192 1243 ingenio
1208 1202 1343 1235 Horatii
1360 1208 1395 1235 et
1405 1202 1538 1244 judicio
1554 1202 1722 1235 infinitum

316 1259 481 1297 quantum
497 1254 773 1286 honorificentior
796 1259 863 1294 est,
883 1264 983 1296 quam
1008 1255 1146 1296 Dilogia
1169 1256 1324 1296 Baxtefi,
1347 1261 1383 1288 et
1407 1257 1558 1288 Massoni
1573 1255 1723 1287 historia.

315 1308 382 1339 Sed
402 1309 501 1349 plane
513 1308 566 1339 sui
579 1308 695 1339 similis
710 1312 764 1339 est
779 1307 990 1345 narduinus,
1007 1308 1063 1349 qui
1075 1309 1234 1348 somniat,
1247 1319 1267 1340 a
1279 1308 1579 1341 Pseudo-Horatio
1591 1308 1724 1348 Saeculo

318 1369 403 1392 xm.
426 1361 479 1392 liic
500 1360 616 1392 fictam
633 1370 706 1392 esse
732 1361 953 1402 Prophetiam
970 1361 1014 1392 de
1038 1361 1283 1403 Hierosolymis
1304 1362 1418 1404 (cnjus
1441 1362 1532 1394 cives
1548 1363 1689 1398 Quirites
1703 1372 1723 1393 a

317 1412 411 1454 nwp)
431 1418 508 1454 post
519 1413 718 1445 Babelicum
734 1413 903 1444 excidium
922 1414 1090 1449 recidivis,
1103 1419 1140 1445 et
1157 1425 1177 1445 a
1189 1415 1400 1456 Vespasiano
1416 1415 1527 1446 denuo
1544 1414 1725 1445 vastandis.

320 1466 435 1503 Gesn.)
479 1465 655 1498 Laudatur
670 1466 867 1498 constantia
881 1466 915 1498 iu
938 1475 975 1497 re
995 1466 1083 1498 bona
1103 1468 1261 1507 exemplo
1282 1467 1442 1506 Pollucis,
1465 1467 1637 1506 Herculis,
1653 1466 1722 1498 Au-

319 1518 422 1560 gusti,
435 1518 576 1558 Bacchi,
591 1519 741 1555 Quirini,
764 1523 801 1550 et
825 1518 981 1559 inprimis
995 1518 1141 1552 ,lunonis
1155 1518 1198 1550 de
1220 1519 1323 1560 Troja
1337 1528 1505 1560 nunquam
1521 1519 1724 1559 reparanda,

320 1571 379 1603 sed
404 1571 548 1612 imperio
563 1570 720 1602 Romano
740 1571 994 1611 amplificando.
1038 1572 1115 1602 Nec
1139 1571 1348 1611 negaverim,
1372 1570 1517 1603 Poetam
1542 1571 1651 1602 videri
1667 1582 1725 1603 vo-

319 1623 425 1656 luisse
449 1632 587 1662 cavere,
611 1632 668 1662 ne,
690 1627 727 1654 nt
742 1623 854 1656 Julius
881 1624 1012 1664 Caesar,
1035 1623 1078 1654 de
1100 1622 1182 1654 sede
1208 1623 1343 1664 imperii
1364 1623 1464 1656 Ilium
1487 1623 1724 1656 transferenda

321 1677 492 1718 cogitaret
507 1677 693 1717 Augustus.
716 1676 819 1707 Zeun.

501 1752 532 1794 J
540 1762 708 1793 us‘rUM
730 1755 773 1793 et
793 1756 990 1793 tenacem
1011 1752 1230 1806 propositi
1250 1753 1389 1794 virum

326 1839 437 1872 Virum
451 1840 610 1880 integrum
623 1843 654 1872 et
669 1839 703 1871 in
717 1840 873 1872 sententia
887 1843 1077 1872 constantem
1089 1840 1128 1872 de
1137 1840 1235 1882 firmo
1245 1840 1404 1881 proposito
1419 1849 1481 1871 non
1495 1840 1626 1873 dimovet
1642 1840 1729 1874 reke-

880 1923 1121 1937 ”MOO‘OOOO

322 1978 401 2009 Ode
416 1983 517 2010 sexta
532 1979 625 2011 Libri
640 1980 752 2021 quarti
769 1980 801 2010 in
818 1980 977 2011 Editione
997 1979 1125 2012 Sanad.
1146 1980 1157 1997 ⁴
1173 1979 1251 2011 Non
1273 1983 1329 2011 est
1349 1979 1414 2010 alia
1428 1978 1501 2010 haec
1517 1977 1606 2014 ode,
1623 1987 1724 2020 quam

280 2022 449 2060 superior,
471 2021 529 2052 sed
555 2021 604 2052 illi
627 2023 802 2060 adimerem
826 2032 930 2062 quare
950 2021 1129 2060 falluntur,
1144 2022 1200 2063 qui
1225 2031 1300 2053 eam
1316 2026 1490 2061 separant,
1506 2020 1634 2062 quippe
1649 2030 1726 2062 quan

278 2061 460 2093 manifeste
486 2063 681 2094 cohaereat.'
705 2064 858 2105 Porphyr.
914 2064 924 2080 ‘
939 2064 994 2095 Ita
1010 2065 1044 2095 in
1068 2064 1245 2105 antiquiss.
1263 2063 1386 2095 Bland.
1411 2064 1514 2104 Cruq.
1538 2072 1650 2103 neque
1675 2063 1726 2094 in-

279 2104 466 2144 scriptione
494 2114 560 2136 nec
584 2105 685 2136 litera
710 2107 840 2145 majore
861 2106 924 2136 hoc
954 2107 1066 2138 Carm.
1095 2107 1138 2137 ab
1162 2106 1391 2138 antecedente
1418 2106 1615 2137 distinctum
1642 2110 1728 2136 erat.

281 2146 405 2186 Neque
420 2145 454 2176 id
472 2150 616 2184 temere,
629 2148 677 2178 ait
692 2147 798 2188 Cruq.
812 2157 889 2179 nam
906 2154 1069 2179 aeternum
1088 2149 1264 2190 praemium
1281 2148 1426 2189 proponi
1440 2148 1489 2181 illi
1506 2147 1579 2179 viro
1594 2146 1676 2178 forti
1691 2152 1728 2177 et

280 2187 386 2220 fideli.
429 2187 498 2219 Sed
515 2187 616 2219 docet
633 2193 669 2219 et
684 2197 738 2218 res
761 2194 798 2220 et
820 2199 938 2220 sensus
963 2191 1103 2229 lyricus,
1126 2191 1218 2222 alind
1243 2199 1316 2221 esse
1334 2190 1429 2221 Odes
1444 2199 1487 2221 n.
1509 2189 1601 2220 aliud
1625 2189 1725 2228 hujus

280 2235 406 2262 nostrae
423 2235 659 2270 argumentum
674 2235 777 2270 atque
788 2232 985 2269 consilium3
1001 2233 1084 2263 licet
1096 2233 1141 2264 ob
1156 2231 1358 2263 affinitatem
1371 2231 1620 2272 argumenti,et
1637 2230 1726 2261 idem

281 2276 438 2311 metrum,
452 2271 555 2304 facile
571 2272 636 2304 iste
654 2282 749 2303 error
765 2272 908 2304 suboriri
934 2274 1093 2311 potuerit.
1137 2275 1222 2305 Tum
1247 2274 1280 2303 in
1307 2273 1407 2305 codd.
1423 2278 1510 2304 antt.
1525 2271 1724 2304 Horatianis

283 2315 410 2356 saepius
423 2315 582 2355 neglecta
597 2315 752 2347 Odarnm
768 2314 955 2346 distinctim
998 2315 1140 2346 Interim
1158 2314 1309 2353 fuerunt,
1325 2319 1413 2346 teste
1435 2314 1558 2345 Sanad.
1574 2314 1630 2354 qui
1647 2323 1726 2354 qua-

283 2362 362 2389 tuor
377 2358 491 2397 priora
512 2357 621 2388 nostri
642 2357 757 2388 Carm.
773 2357 971 2388 tetrasticha
995 2356 1202 2397 praecedenti
1219 2359 1451 2387 annecterent.
1495 2355 1611 2388 Quid?
1637 2355 1726 2394 quod

282 2401 344 2431 Du
361 2399 485 2430 Hamel
499 2408 541 2430 ea
557 2407 624 2440 non
639 2399 746 2430 solum
762 2398 796 2430 h.
813 2399 835 2429 l.
850 2402 887 2430 ut
909 2403 1102 2438 separatam
1126 2398 1227 2429 Oden
1250 2397 1418 2438 exhibuit,
1433 2397 1493 2428 sed
1509 2396 1628 2428 eadem
1646 2397 1727 2428 Car-

287 2441 369 2474 miui
386 2451 409 2474 Ι.
423 2444 477 2473 29.
494 2441 668 2473 attexuit!
681 2440 772 2472 Jani.
810 2441 972 2472 Ceterum
987 2440 1097 2473 lnscri
1125 2445 1167 2472 tt.
1181 2439 1216 2470 in
1226 2439 1327 2471 codd.
1342 2443 1421 2470 suut
1438 2439 1552 2470 variae.
1583 2439 1730 2472 Mentel.

284 2486 336 2516 Ad
347 2485 458 2515 Musas
471 2485 509 2515 de
521 2483 666 2523 Augusto
677 2494 689 2520 ;
713 2483 807 2523 Lips.
821 2486 853 2514 2.
876 2483 916 2514 In
930 2482 1070 2515 Laudem
1116 2482 1245 2522 ugustu
1267 2481 1472 2513 menen-‚Aa
1483 2481 1595 2513 Musas
1608 2483 1646 2512 de
1661 2483 1729 2512 Au-

281 2530 393 2566 gusto.-
417 2526 527 2559 Stocce
542 2525 710 2557 Justitiam
721 2526 829 2557 laudat
838 2536 851 2562 ;
875 2526 1000 2557 Vener.
1015 2528 1110 2557 1492.
1125 2529 1161 2556 et
1173 2524 1316 2556 Ascens.
1338 2524 1461 2555 Docens
1475 2523 1592 2555 virtute
1605 2524 1731 2554 ascendi

287 2569 419 2610 Caelum,
432 2572 464 2600 et
486 2569 525 2600 de
541 2568 667 2603 Romuli
688 2567 812 2600 numine
833 2568 1031 2609 loqueum—1
1054 2568 1183 2599 Justum
1203 2570 1235 2599 et
1259 2570 1397 2598 tenacem
1420 2574 1535 2597 omnes
1563 2565 1664 2598 codd.
1691 2573 1726 2597 et

941 2652 1080 2685 NOTAE

328 2718 480 2749 Metrum
497 2722 552 2749 est
567 2717 655 2754 idem
673 2717 762 2759 quod
781 2727 806 2749 r.
823 2716 891 2750 Od.
907 2719 937 2748 9.
1036 2714 1129 2747 tata'
1161 2714 1315 2756 profecto
1342 2719 1350 2732 ‘
1368 2725 1430 2746 nce
1467 2714 1561 2746 tenni
1596 2722 1707 2754 penna
1723 2713 1732 2726 '

330 2771 347 2800 1
365 2768 493 2798 austum
507 2770 537 2798 et
549 2770 696 2808 lernaeam,
711 2767 782 2808 φη]
803 2767 983 2799 ‘Nonnsi·
1037 2767 1109 2799 haec
1135 2765 1211 2798 Ode
1242 2765 1370 2807 scripta
1395 2770 1460 2802 est,
1489 2766 1521 2796 in
1547 2774 1613 2806 qua
1637 2772 1730 2796 caeeo
