1916 3190
664 241 936 275 cARmNUM
970 242 1065 273 Lm.
1100 241 1152 273 ιι.
1182 234 1223 273 7.

1586 229 1671 272 287

396 337 628 380 Oblivioso
646 338 764 380 levia
782 337 984 379 Massico

396 405 575 447 Ciboria
595 406 752 460 exple3
782 404 920 446 funde
941 403 1186 458 capacibus

456 472 697 525 Unguenta
715 473 772 514 de
791 472 998 515 conchis:
1029 472 1128 526 quis
1149 469 1236 512 udo

509 539 822 594 Deptoperare
841 540 947 594 apio
967 550 1154 581 coronas

224 654 395 695 concrepa

410 654 546 686 Massico
559 654 739 686 oblivionem
752 655 903 686 malorum
924 651 1096 694 afferenee:
1126 656 1158 685 et
1171 656 1331 692 ιιιιςιιειιω
1349 654 1389 685 de
1409 652 1521 694 amplis
1532 653 1614 684 cam’s
1627 652 1671 689 es-

216 694 330 733 senae.
374 697 455 733 Quis
467 707 540 729 vero
555 700 641 728 texet
654 697 823 737 diligenter
832 696 963 727 cornum
975 705 1017 727 ex
1030 696 1102 736 apio
1111 695 1238 727 humido
1251 697 1300 727 vel
1310 699 1433 737 myrto?
1474 696 1608 736 Ecquem
1618 705 1673 735 po-

800 769 956 782 eeeeeee

959 768 1055 781 eeeee

226 812 301 845 Eel.
315 821 357 845 11.
373 815 425 845 64.
445 823 507 845 neu
533 813 634 845 Parce
658 814 802 854 Cuning.
804 815 890 845 —22
913 812 1020 845 eodd.
1042 812 1196 843 variant.
1215 812 1356 852 Ciberiu,
1374 812 1517 846 Cibaria.
1533 811 1671 852 (ribam,

226 854 364 888 cunia.
407 856 471 888 Gr.
488 856 632 898 Κιθύρια.
654 856 768 889 Strab.
786 864 880 888 xvu.
897 865 930 897 p.
945 858 1020 887 799.
1042 855 1415 896 implecapucibusunus
1432 854 1608 893 Lambini3
1622 855 1671 893 us·

875 928 1019 962 NOTAE

221 990 399 1033 longorum
414 1002 553 1034 opernm
567 993 670 1027 finis.'
692 994 794 1027 Quod
807 998 920 1025 autem

224 1042 398 1075 Maecenas
413 1048 537 1084 potens
552 1048 642 1075 esset
657 1048 692 1075 et
712 1044 836 1075 idonea
849 1044 921 1074 lau-

226 1100 282 1122 rus
301 1091 343 1123 ad
369 1093 656 1124 averruncandum
684 1092 829 1133 Augusti
855 1091 918 1123 ful·

224 1149 316 1181 men,
341 1146 440 1182 patet
462 1150 506 1173 ex
528 1141 703 1183 Xiphilino
726 1142 785 1174 cit.
808 1142 865 1183 qui
886 1142 920 1173 in

223 1191 381 1232 Angusto
396 1192 540 1224 scribit:
562 1196 572 1211 ‘
590 1193 778 1227 Maecenati
792 1197 920 1226 tantam

223 1249 244 1271 a
258 1240 395 1273 Caesare
417 1241 565 1274 delatam
589 1246 794 1283 potestatem
816 1243 852 1274 in
867 1252 919 1275 re-

225 1290 288 1322 bus
310 1285 477 1332 oinnibus,
491 1296 530 1324 nt
550 1291 667 1323 literas
688 1301 920 1334 quascumque

223 1339 265 1372 ad
276 1339 439 1372 Senatum
452 1341 505 1372 vel
517 1340 560 1372 ad
572 1340 656 1373 alios
669 1341 919 1383 mitteret,ipse

221 1389 316 1433 prins
340 1390 456 1431 legere
481 1394 611 1432 posset,
635 1395 672 1422 et
696 1400 741 1422 ex
768 1391 817 1423 eis
841 1400 917 1432 quae

221 1438 327 1470 vellet
338 1437 543 1471 immutare.’
587 1440 634 1472 Et
649 1444 792 1482 postea:
818 1439 830 1458 ‘
842 1441 918 1473 Cae·

219 1488 285 1520 sari
301 1489 528 1522 Maecenatem
551 1489 722 1531 profuisse
737 1494 809 1523 tnm
824 1496 917 1524 cete-

222 1538 268 1571 ris
290 1539 324 1571 in
347 1539 462 1581 rebus,
481 1545 552 1572 tum
569 1550 651 1573 vero
666 1540 802 1583 quoties
816 1541 916 1573 vehe-

221 1589 368 1621 mentius
389 1589 612 1628 irascebatur,
626 1591 715 1633 qnod
738 1591 810 1632 ejus
833 1592 917 1623 iram

220 1639 395 1672 leniebat:
419 1643 456 1671 et
479 1640 567 1682 qnod
590 1641 624 1672 in
645 1641 770 1672 multos
792 1641 917 1681 alioqui

219 1688 339 1720 mortis
353 1688 508 1722 dicturus
521 1690 738 1728 sententiam,
754 1700 775 1722 a
792 1691 919 1722 Maece-

219 1743 299 1770 nate
314 1743 509 1780 correptus,
533 1739 668 1771 nemine
691 1739 816 1781 capitis
839 1749 917 1771 con-

222 1787 382 1819 demnato
397 1788 511 1820 statim
526 1789 737 1828 surrexerit,'
752 1791 815 1820 διο.

264 1837 306 1867 21
333 1835 494 1866 Oblietoso
517 1836 599 1868 levia
627 1837 766 1868 Massico
791 1838 919 1869 Cibaria

223 1884 328 1926 apic]
354 1885 462 1926 Large
477 1890 558 1926 pota
571 1887 683 1917 vinum
699 1896 718 1918 e
734 1888 920 1928 Campania

223 1933 373 1966 melioris
394 1939 498 1972 notae,
521 1935 611 1976 quod
635 1935 789 1968 oblivisci
811 1936 919 1971 faciat

224 1992 392 2015 aerumnas
414 1984 558 2025 priores,
578 1994 777 2028 omnemque
794 1987 919 2019 mentis

224 2034 461 2074 aegritudinem
480 2034 662 2076 detergeat
682 2039 719 2067 et
744 2035 917 2069 discutiat.

223 2083 280 2114 Dc
294 2083 444 2117 Massico
469 2092 496 2116 ι.
516 2078 586 2116 od.
602 2086 633 2116 1.
657 2084 773 2125 Exple,
786 2085 842 2116 vel
856 2085 916 2117 im-

223 2132 293 2174 ple,
309 2133 363 2164 vel
377 2133 518 2165 exhauri
537 2138 575 2166 et
597 2133 690 2165 sicca
714 2135 860 2176 scyphos
879 2139 916 2167 et

223 2181 358 2215 calices.
410 2184 602 2225 Utrumque
629 2184 720 2215 enim
745 2183 916 2225 significat

215 2229 265 2263 'ea
287 2241 365 2272 vox,
387 2232 480 2274 apud
503 2233 662 2274 Ennium,
682 2234 820 2266 Terent.
841 2235 915 2266 Do-

221 2285 291 2315 nat.
308 2281 458 2313 Nonium
472 2282 688 2316 Marcellum.

262 2333 306 2363 22
329 2331 471 2372 Cibaria]
493 2332 585 2364 Vasa
608 2340 669 2364 seu
691 2334 813 2374 pocula
830 2335 914 2367 satis

221 2380 370 2422 capacia.
404 2382 457 2413 Ex
471 2381 599 2415 Athen.
618 2384 677 2415 lib.
691 2393 748 2416 ιιι.
764 2390 800 2417 et
817 2394 868 2418 ιι.
880 2389 914 2419 7.

222 2439 320 2470 quem
341 2431 376 2462 ln
398 2431 510 2464 locum
533 2433 751 2466 Casanbonus
768 2435 818 2467 ita
832 2436 916 2467 scri·

225 2479 293 2510 bit:
325 2480 335 2498 ‘
350 2480 485 2514 Graecis
510 2484 729 2524 peregrinum
755 2486 913 2526 poculum

223 2529 343 2568 opinor
364 2535 402 2562 et
424 2540 559 2571 nomen,
584 2532 649 2563 etsi
670 2539 784 2574 potest
807 2534 915 2566 videri

225 2577 426 2621 derivatum,
436 2581 526 2613 unde
542 2587 578 2614 et
591 2582 731 2620 κιβωτός.
751 2584 819 2616 Sed
836 2594 915 2616 con-

224 2630 293 2658 stat
316 2627 352 2658 in
368 2628 516 2671 AEgypto
540 2632 683 2672 primum
706 2639 822 2674 eoepta
837 2633 914 2666 fieri

224 2675 351 2706 ciboria
377 2686 420 2708 ex
446 2679 616 2720 AEgyptiae
642 2680 733 2713 fabae
766 2683 914 2722 ciboriis,

225 2724 348 2756 deinde
361 2734 403 2756 ex
416 2727 484 2758 alia
498 2730 650 2769 materia,
659 2730 768 2770 figura
783 2732 915 2764 eadem.

227 2773 420 2815 Hesychius
427 2775 570 2810 diserte:
583 2779 741 2822 κιβώριον,
748 2780 916 2820 Αἰγύπτιον

975 993 1082 1032 ὄνομα,
1095 993 1145 1024 ἐπὶ
1159 992 1318 1035 ποτηρίου.
1340 993 1497 1026 Ecclesia
1509 1003 1572 1024 usn
1587 993 1673 1026 fecit

975 1050 1072 1075 suum
1090 1044 1154 1075 boc
1170 1044 1316 1083 nomen‚'
1331 1047 1396 1077 ἀι).
1419 1045 1619 1085 Daleeamp.
1637 1045 1672 1076 in

974 1092 1099 1126 Athen.
1124 1093 1184 1125 cit.
1203 1094 1246 1126 τὰ
1262 1094 1400 1135 κιβώρια,
1423 1100 1459 1127 et
1481 1095 1621 1134 inebria,
1636 1095 1672 1126 id

975 1146 1041 1179 est,
1056 1143 1190 1174 arculas
1204 1144 1237 1175 in
1256 1144 1356 1186 hujus
1374 1143 1463 1176 fabae
1486 1146 1600 1186 capite
1615 1155 1674 1176 vo-

974 1191 1099 1224 cabant
1113 1202 1172 1224 eos
1184 1193 1325 1234 loculos,
1334 1193 1455 1235 quibus
1467 1204 1582 1226 semen
1594 1204 1674 1226 con-

974 1241 1116 1283 tinetur,
1130 1242 1255 1285 inquit.
1289 1243 1394 1275 Fabae
1408 1243 1507 1275 istius
1521 1243 1674 1285 descrip-

972 1290 1100 1323 tionem
1139 1292 1193 1323 bic
1232 1296 1388 1324 attexere
1419 1302 1486 1324 non
1516 1292 1674 1334 pigebit!

972 1339 1036 1371 ‘In
1051 1340 1191 1382 AEgypti
1214 1340 1355 1373 lacubus
1378 1346 1415 1374 et
1435 1341 1674 1382 stagnantibus

971 1388 1068 1430 aquis
1089 1387 1170 1420 faba
1198 1390 1366 1429 nascitur,
1386 1399 1489 1431 scapo
1506 1391 1674 1432 amplissi-

970 1447 1038 1478 ma,
1060 1439 1276 1480 longitudine
1303 1439 1346 1471 ad
1370 1441 1502 1472 cubitos
1525 1445 1673 1482 quatuor

970 1494 1137 1529 surrecto,
1161 1489 1261 1532 digiti
1283 1490 1523 1532 crassitudine,
1537 1490 1673 1522 arundi-

970 1547 1090 1580 naoeo,
1100 1541 1280 1579 tolli‚non
1294 1541 1501 1583 geniculato,
1510 1542 1567 1583 qni
1579 1546 1673 1574 totus

972 1589 1065 1620 rimis
1087 1591 1292 1622 intrinsecus
1314 1597 1473 1632 pertusus
1488 1597 1591 1633 atque
1606 1591 1672 1623 dis-

974 1639 1102 1671 tinctus
1125 1645 1190 1679 est,
1207 1646 1244 1672 ut
1262 1641 1295 1672 in
1311 1641 1392 1672 lilio.
1437 1641 1528 1673 Huic
1543 1641 1674 1673 insidet

971 1696 1078 1732 caput
1091 1692 1240 1724 rotundo
1262 1701 1439 1733 vesparum
1457 1691 1536 1723 favo
1550 1692 1671 1723 simile.

963 1740 1076 1772 Fabae
1102 1742 1137 1772 in
1161 1741 1303 1781 singulis
1322 1742 1427 1772 veluti
1452 1746 1672 1773 nucamento·

972 1799 1046 1820 rum
1061 1790 1180 1821 loculis
1203 1791 1449 1832 aliquantulum
1468 1791 1673 1832 prominent,

973 1838 1016 1869 ad
1042 1848 1208 1870 summum
1233 1838 1374 1872 numero
1399 1842 1545 1882 triginta.
1589 1842 1672 1874 Flos

972 1888 1078 1930 duplo
1101 1890 1209 1932 maJor
1237 1900 1336 1932 quam
1363 1892 1555 1932 papaveris,
1584 1901 1671 1924 rosae

971 1939 1099 1972 colore.
1142 1940 1251 1973 Extat
1278 1945 1383 1981 capnt
1408 1950 1512 1981 super
1536 1951 1670 1981 aquam.

969 1988 1118 2031 Singulis
1134 1989 1287 2022 fabarum
1300 1991 1426 2032 plantis
1438 1992 1671 2024 adnascuntur

968 2036 1054 2070 folia
1084 2040 1317 2080 magnitudine
1355 2041 1435 2082 pilei
1469 2041 1671 2081 Thessalici,

966 2097 1110 2129 quorum
1141 2089 1249 2121 caulis
1282 2089 1372 2123 idem
1403 2091 1462 2132 qui
1490 2090 1671 2131 fabarum‚’

968 2139 1032 2170 &c-
1068 2139 1123 2170 Ex
1150 2139 1389 2181 Theophrasto
1419 2140 1510 2182 apud
1542 2140 1667 2173 Athen.

968 2189 1043 2220 init.
1059 2189 1119 2220 lib.
1133 2198 1193 2222 ιιι.

1012 2240 1124 2274 Funde
1146 2242 1312 2283 capacibus
1342 2242 1510 2282 Unguenta
1538 2243 1576 2273 de
1597 2252 1667 2274 con·

968 2289 1048 2331 cluis]
1070 2290 1125 2322 Ne
1141 2290 1223 2332 quid
1240 2291 1402 2323 hilaritati
1426 2292 1529 2332 desit,
1545 2291 1667 2322 adhibe

969 2344 1006 2371 et
1027 2344 1202 2379 unguenta
1226 2341 1365 2381 copiose
1389 2341 1537 2381 quidem.
1575 2341 1666 2372 Vide

968 2398 1071 2430 snpra
1085 2390 1168 2421 Not.
1183 2389 1226 2420 ad
1241 2400 1288 2420 vs.
1301 2390 1444 2430 ⁷.hnjus
1457 2390 1561 2421 Odes.
1576 2390 1667 2421 Item

967 2447 1042 2479 qnae
1060 2442 1178 2477 postea
1193 2447 1283 2469 mox.

1009 2489 1051 2519 23
1076 2488 1226 2528 Cauchis]
1250 2487 1315 2518 Vel
1339 2488 1458 2529 accipe
1482 2498 1544 2529 pro
1558 2491 1667 2531 quoli-

968 2535 1026 2567 bet
1041 2545 1120 2566 vase
1136 2541 1170 2567 et
1181 2534 1368 2567 alabastro:
1394 2538 1447 2568 vel
1462 2539 1667 2581 simpliciter

969 2585 1123 2625 intellige
1147 2586 1301 2625 reposita
1324 2586 1456 2627 pridem
1486 2588 1522 2620 in
1544 2591 1666 2623 machis

967 2637 1145 2672 unguenta:
1170 2644 1245 2675 qnae
1264 2640 1343 2667 sunt
1367 2636 1508 2669 odorum
1523 2640 1666 2679 permis-

967 2684 1015 2715 tio
1030 2693 1106 2715 cum
1120 2684 1195 2715 oleo
1214 2685 1266 2716 vel
1281 2684 1444 2728 balsamo,
1451 2687 1494 2718 ad
1509 2689 1664 2729 delicias,

969 2734 1022 2764 vel
1032 2733 1266 2767 adsanitatem
1278 2736 1382 2767 etiam
1393 2739 1556 2779 corporis.
1574 2741 1662 2772 Vide

968 2783 1053 2815 Coel.
1080 2783 1224 2825 Rhodig.
1241 2792 1359 2819 xxvu.
1374 2788 1428 2819 26.
1465 2787 1535 2820 Cur
1550 2794 1663 2822 autem
