1916 3190
288 227 345 268 82
774 241 816 277 Q.
850 238 1057 270 nonnul
1093 240 1266 271 rnAcei

347 331 417 373 Ac
438 344 581 386 neque
596 333 692 386 jam
714 334 900 374 stabulis
919 334 1082 386 gaudet
1103 347 1261 387 pecus,
1281 338 1358 376 aut
1378 339 1526 376 arator
1543 335 1659 389 igni3

405 399 503 440 Nec
522 404 652 452 prata
671 400 794 440 canis
817 400 1016 441 albicant
1036 400 1215 453 pruinis.

345 466 373 507 J
378 478 447 506 am
467 465 687 520 Cytherea
702 466 857 506 choros
879 466 1002 507 ducit
1020 465 1174 507 Venus
1194 467 1448 508 imminente
1469 468 1624 519 Luna;
1711 470 1741 509 5

402 532 433 574 J
438 537 667 587 unctaeque
691 533 913 586 Nymphis
934 532 1103 574 Gratiae
1125 533 1326 575 decentes

287 648 362 676 cunt
375 646 409 677 in
429 656 515 678 mare
529 658 621 678 naues
633 649 731 679 siccas
741 660 751 679 .-
766 648 894 688 jamque
915 657 970 678 nec
991 657 1104 686 greges
1117 651 1222 679 amant
1241 649 1376 688 stabula,
1389 659 1445 681 nec
1457 649 1603 689 agricola
1610 647 1718 686 focum
1729 658 1742 685 ,-

287 697 385 728 neque
409 693 503 729 prata
527 690 684 722 albescunt
709 691 833 731 pruinis
856 690 1007 721 candidis.
1053 691 1148 721 Nunc
1178 691 1279 722 Venus
1305 693 1460 732 Cytherea
1481 692 1606 723 choreas
1619 692 1688 730 agit
1701 692 1742 722 nd

288 729 410 762 Lunam
424 733 678 772 superlucentem
689 744 699 764 .·
725 733 871 764 Charites
881 741 954 763 vero
965 742 1034 763 cum
1051 732 1208 773 Nymphis
1218 734 1345 774 pulsant
1359 738 1475 765 terram
1487 735 1573 766 modo
1586 734 1642 765 hoc
1655 734 1742 765 modo

900 816 1136 828 eeeeeeeeeee

288 879 412 912 Heius.
429 884 465 912 et
479 881 599 921 Steph.
646 882 831 913 Lambinus
847 881 886 914 L.
902 881 1015 912 Sextio
1033 880 1201 912 consulari
1215 880 1413 921 inscripsit;
1435 881 1490 913 Aa
1515 881 1646 913 Sextum
1662 881 1743 917 Qui·

287 921 392 953 vinum
419 923 565 955 Mentel.
611 924 741 955 Codex.
766 924 1018 955 Laurentianus
1046 923 1161 962 habet,
1194 924 1298 955 Sestio
1324 923 1471 960 Quirino,
1494 924 1549 964 qui
1573 927 1606 955 et
1628 924 1743 956 Festus

287 965 390 995 dictus
414 968 484 1002 est;
516 965 572 996 alii
601 966 668 997 duo
692 966 879 1004 Torrenfii,
904 967 955 996 Ad
978 965 1118 996 Sestium
1147 965 1333 1002 Quirinum5
1366 965 1491 998 Sanad.
1514 965 1568 997 Ad
1593 966 1743 998 Sestium.

289 1006 449 1038 Quat-mr
463 1007 587 1038 Bland.
610 1009 662 1038 Ad
678 1008 716 1038 L.
734 1007 891 1046 Sextium,
917 1007 1084 1047 probante
1101 1007 1263 1047 Cruquio.
1306 1007 1375 1038 Sed
1398 1008 1429 1039 hi
1455 1017 1572 1039 omnes
1595 1008 1629 1038 in
1645 1013 1743 1039 textu

288 1047 364 1088 ipso
387 1059 404 1079 ο
425 1048 512 1080 beate
534 1049 627 1080 Sexti
650 1050 876 1080 scribam—2
899 1052 908 1066 ⁸
923 1049 991 1079 Pro
1009 1048 1211 1088 Trahuntque
1233 1049 1415 1087 legendum
1434 1049 1659 1089 Torquentque,
1679 1048 1743 1090 (cf.

289 1098 330 1121 11.
346 1090 456 1130 Epist.
469 1093 500 1122 2.
518 1092 591 1130 73.)
613 1092 667 1122 vel
695 1091 907 1131 Triuiamque,
928 1094 1031 1130 prout
1055 1095 1154 1121 extat
1177 1090 1213 1120 in
1234 1090 1290 1121 ed.
1313 1091 1442 1122 Mureti
1465 1091 1571 1124 1610!
1599 1091 1743 1125 Waddel.

288 1132 392 1163 Multi
403 1133 475 1173 jam
491 1134 571 1164 olim
587 1134 678 1174 conj.
697 1134 895 1173 mactantque,
911 1137 1001 1163 teste
1015 1131 1178 1164 Glarean.
1192 1132 1283 1174 quod
1298 1137 1335 1164 et
1349 1132 1486 1165 Bonfin.
1502 1133 1585 1174 vult,
1599 1137 1636 1165 et
1648 1142 1743 1165 rece·

289 1174 342 1215 pit
358 1174 504 1205 Ascens.
523 1179 683 1207 1⁵19.—5
710 1177 793 1207 Nam
820 1175 975 1216 Cytherea
991 1174 1100 1205 codex
1117 1172 1327 1206 Bersm'anni.
1372 1175 1442 1206 Pro
1471 1175 1574 1207 Venus
1597 1175 1744 1216 Cnning.

290 1217 382 1257 conj.
398 1217 488 1258 levis,
501 1217 535 1248 h.
551 1227 582 1249 e.
600 1218 736 1249 saltans.
779 1218 852 1249 Pro
874 1217 1053 1248 imminente
1075 1217 1166 1247 Luna
1195 1217 1294 1248 aliam
1320 1216 1427 1250 fuisse
1452 1218 1551 1250 nect.
1578 1222 1676 1259 patet
1698 1227 1743 1250 ex

946 1302 1088 1335 NOTAE

290 1363 455 1395 Nonnulli
463 1365 618 1397 Tricolon
628 1365 763 1398 faciunt
770 1365 881 1398 odem
890 1365 990 1403 hanc,

289 1417 325 1444 et
340 1413 390 1445 sie
402 1413 618 1455 distinguunt
634 1425 764 1447 versus:

344 1463 497 1496 Solvitur
510 1465 597 1496 acris
612 1465 729 1506 hyems
746 1469 845 1505 grata
862 1465 936 1496 vice

479 1515 581 1546 Veris
596 1520 633 1546 et
648 1514 775 1546 Favoni
789 1525 805 1561 ²,

374 1564 595 1606 Trahuntque
609 1565 728 1604 siccas,
743 1567 808 1596 διο.

333 1617 351 1645 1
376 1613 533 1654 Solvitur,
544 1614 616 1654 aya]
650 1615 766 1652 Terra,
791 1624 867 1656 qnae
893 1614 988 1654 prius

288 1664 410 1704 hyeme
426 1669 462 1695 et
482 1663 612 1705 frigore
627 1665 748 1696 stricta
768 1663 897 1703 fuerat,
915 1664 989 1704 jam

289 1714 473 1745 resolvitur
501 1718 539 1745 et
566 1715 719 1754 aperitur
746 1719 844 1755 grato
876 1714 990 1745 reditu

290 1772 404 1794 vernae
427 1763 660 1803 tempestatis3
687 1764 722 1795 in
739 1767 851 1805 quaet
866 1763 989 1794 areolae

287 1812 408 1844 florum
432 1814 610 1854 explicant
632 1823 729 1852 sese;
754 1819 790 1845 et
805 1823 898 1845 mare
913 1814 990 1853 gelu

289 1867 370 1893 ante
387 1863 669 1903 praeclusumjam
686 1863 773 1894 adiri
785 1867 821 1895 et
835 1863 998 1903 navigari·

288 1916 417 1950 potest.
460 1912 562 1942 Veris
585 1912 863 1951 descriptionem,
885 1913 913 1943 si
940 1912 988 1942 lu-

288 1959 361 1999 bet,
377 1964 471 1999 pete,
489 1960 626 1998 Lector,
637 1969 656 1990 e
667 1960 788 1999 Virgil.
803 1960 931 2000 Georg.
947 1969 988 1990 11.

289 2010 365 2038 324.
382 2011 418 2038 et
430 2017 526 2048 seqq.

335 2056 469 2096 Favoni]
493 2057 674 2095 Favonius,
691 2067 710 2088 a
733 2056 920 2088 ‘fovendo'
936 2058 988 2088 vel

289 2106 299 2124 ‘
312 2105 477 2137 favendo'
490 2106 617 2145 dictus,
632 2107 722 2138 idem
734 2107 790 2147 qui
803 2107 991 2147 Zephyrus,

290 2156 348 2196 qui
373 2160 495 2187 ventus
517 2154 599 2187 flare
622 2156 747 2196 incipit
769 2156 866 2187 initio
893 2157 1007 2187 veris.·

289 2205 378 2236 Vide
404 2214 463 2236 111.
492 2205 561 2237 Od.
593 2207 624 2236 1.
653 2205 737 2237 Not.
775 2204 817 2236 ad
857 2214 991 2245 vocem,

288 2254 298 2272 ‘
311 2254 503 2295 Zephyris.'
523 2265 531 2273 ·’
572 2273 573 2277 =
708 2277 711 2279 -

332 2307 353 2334 2
378 2304 577 2344 Trahuntque
599 2304 709 2349 siccas,
729 2304 799 2345 ἔξω]
820 2304 898 2337 Jam
920 2315 988 2336 ma·

290 2352 398 2384 chinis
425 2353 467 2384 ad
491 2362 581 2384 mare
605 2353 843 2385 subducuntur
872 2363 989 2394 naves,

292 2412 368 2443 quae
386 2412 447 2444 per
470 2402 625 2444 hyemem
642 2403 677 2434 in
692 2403 784 2434 sicco
799 2403 918 2444 positae
935 2403 988 2435 fu-

291 2458 399 2492 erant,
409 2457 508 2484 extra
521 2463 655 2495 equam,
667 2453 701 2484 in
714 2453 901 2485 navalibus.
916 2455 990 2486 Ma·

290 2502 406 2542 chime]
429 2502 664 2534 Instrumenta
677 2502 798 2544 quibus
814 2502 988 2542 graviores

292 2560 437 2591 quaeque
449 2553 553 2582 moles
564 2550 695 2582 facilius
705 2558 892 2584 moventur.
920 2551 995 2583 No·v

292 2600 368 2630 nius
392 2600 549 2632 Marcell.
577 2602 586 2618 ‘
601 2601 764 2642 palangas
779 2600 788 2614 ’
817 2605 929 2638 vocat,
951 2607 1001 2633 et»

292 2649 342 2679 sic
358 2648 545 2681 describit:
559 2652 568 2668 ‘
581 2650 770 2691 Palangae,’
783 2650 904 2692 inquit,
917 2652 927 2670 ‘
939 2651 989 2684 di-

292 2703 415 2729 cuntur
425 2696 530 2729 fustes
544 2703 683 2735 teretes,
693 2700 750 2741 qui
765 2700 903 2732 navibus
911 2700 987 2732 sub-

287 2747 470 2790 jieiuntur,
487 2749 621 2790 quando
643 2750 861 2782 attrahuntur
872 2750 915 2782 ad
931 2760 988 2792 pe-

1043 1365 1152 1405 lagus,
1169 1365 1220 1396 vel
1243 1374 1318 1396 cum
1340 1365 1383 1396 ad
1406 1365 1523 1397 littora
1546 1364 1741 1396 subducun-

1044 1414 1122 1446 tur?
1285 1416 1291 1419 “

1086 1467 1105 1495 5
1132 1464 1304 1505 Cytherea]
1319 1465 1483 1506 Cythera,
1497 1464 1597 1496 hodie
1613 1466 1742 1505 Cerigo,

1043 1513 1161 1545 Insula
1175 1514 1277 1545 maris
1289 1514 1396 1556 AEgaei
1405 1515 1447 1546 ad
1462 1524 1555 1546 oram
1570 1515 1743 1556 Pelopon-

1043 1564 1128 1595 nesi.
1172 1563 1214 1595 In
1243 1574 1285 1595 ea
1313 1565 1478 1605 templum
1504 1564 1633 1596 Veneri
1657 1565 1744 1596 anti-

1042 1615 1249 1656 quissimum.
1307 1615 1394 1647 Inde
1427 1615 1584 1656 Cytherea
1617 1624 1743 1656 eogno-

1043 1674 1133 1695 men.

1089 1715 1206 1746 Chorus
1220 1715 1305 1746 ducit
1326 1715 1429 1747 Venus
1441 1716 1623 1748 imminente
1634 1715 1742 1756 Luna]

1045 1764 1222 1796 Novilunii
1235 1765 1442 1798 laetitiam‘et
1453 1775 1551 1798 sacra
1560 1766 1616 1798 hic
1625 1766 1742 1807 plures

1044 1814 1154 1845 notari
1171 1814 1302 1853 volunt,
1317 1815 1408 1846 sicut
1419 1824 1478 1846 ιιι.
1490 1815 1558 1847 od.
1571 1818 1624 1846 19.
1634 1818 1668 1847 9.
1693 1815 1743 1847 At

1044 1863 1101 1894 alii
1125 1864 1300 1895 Kalendas
1321 1863 1460 1906 Apriles
1483 1865 1612 1896 Veneri
1627 1873 1742 1897 sacras

1044 1912 1254 1954 intelligunt,
1280 1914 1336 1954 qui
1357 1914 1482 1945 mensis
1499 1914 1541 1946 ab
1557 1913 1743 1955 aperiendo

1043 1962 1155 1992 dictus
1170 1963 1332 1994 convenit
1357 1964 1397 1994 iis
1419 1974 1495 2005 quae
1522 1964 1619 1996 initio
1644 1964 1741 2007 Ιιῲι

1043 2009 1138 2039 Odes
1152 2008 1350 2042 afferuntur.
1377 2011 1446 2043 Alii
1462 2013 1637 2045 Kalendas
1649 2013 1743 2045 Mar-

1044 2057 1108 2089 tias
1136 2058 1323 2097 accipiunt,
1354 2060 1423 2090 sive
1452 2061 1672 2102 Matronalia,
1697 2061 1741 2093 de

1044 2105 1163 2146 quibus
1182 2106 1286 2137 Ovid.
1303 2107 1398 2139 Fast.
1414 2117 1469 2139 ιιι.
1523 2109 1613 2141 Nam
1636 2119 1741 2151 quan-

1045 2164 1143 2194 quam
1158 2158 1388 2192 matronarum
1409 2156 1473 2188 iste
1497 2156 1615 2195 festus,
1630 2158 1742 2200 inquit

1043 2205 1235 2244 Mamilius,
1246 2211 1281 2236 et
1294 2206 1376 2237 nihil
1390 2207 1586 2247 pertinebat
1595 2209 1639 2240 ad
1651 2209 1741 2242 viros

1044 2259 1198 2286 austeros
1225 2255 1360 2296 quidem
1386 2262 1422 2287 et
1446 2258 1657 2298 negotiosos,
1682 2267 1752 2294 ve-¹

1043 2312 1116 2334 rum
1141 2304 1240 2334 laetus
1268 2309 1343 2335 erat
1366 2305 1582 2339 hilarioribus
1606 2316 1740 2349 quoque

1042 2353 1214 2393 nepotulis
1227 2354 1396 2394 Veneriis,
1411 2359 1449 2386 ut
1467 2355 1590 2387 Flacco
1605 2362 1641 2388 et
1650 2357 1742 2388 simi·

1042 2402 1145 2441 libus,
1154 2403 1280 2443 paratis
1294 2413 1428 2444 semper
1439 2405 1593 2436 catissare
1606 2411 1740 2445 partem

1043 2453 1176 2484 laetitiae
1205 2453 1294 2484 inter
1309 2453 1462 2486 Veneres
1488 2455 1574 2495 illas,
1596 2460 1633 2487 et
1657 2466 1741 2496 gau-

1043 2502 1204 2534 dentibus
1227 2510 1386 2542 spectare
1410 2504 1643 2544 Nympharum
1661 2507 1749 2538 chu-v

1042 2561 1114 2584 reas
1130 2562 1169 2583 ac
1185 2549 1359 2584 mulierum
1376 2556 1484 2584 coetus
1499 2557 1533 2585 et
1547 2554 1678 2586 choros.

1085 2602 1270 2635 Imminente
1290 2602 1396 2643 Luna]
1420 2602 1646 2643 Incipientem
1672 2606 1737 2637 Lu.

1042 2661 1116 2683 nam
1133 2652 1330 2692 intelligunt
1354 2653 1568 2693 Interpretes
1592 2663 1669 2686 mox
1691 2654 1738 2686 ci-

1044 2702 1128 2733 tati:
1160 2702 1256 2733 uobis
1281 2712 1360 2734 vero
1386 2703 1489 2743 magis
1520 2703 1656 2744 placent
1680 2704 1738 2736 alii

1042 2751 1100 2793 qui
1115 2753 1246 2786 Lunam
1266 2753 1517 2794 provectiorem
1532 2763 1572 2786 ac
1588 2754 1735 2796 desuper
