1916 3190
3 2457 15 2471 ,ἢ

0 2546 11 2571 ii

0 2642 14 2674 ἐπ’
21 2643 29 2646 ⁴*

0 2683 9 2701 ·=·

0 2706 23 2740 25³*

30 2957 42 2971 νγ

0 2758 36 3050 ξ

22 3054 34 3071 ‘⁴
43 3071 45 3073 .

25 3087 32 3106 ἐ

0 3131 4 3140 ‚

185 428 268 473 ,β’
512 433 615 482 DE
665 431 915 481 AMICIS
968 429 1298 480 HORATH.

184 726 425 778 TANTUM,
445 730 538 769 tam
564 728 745 777 bonum,
777 730 867 768 tam
893 726 1136 779 elegantem
1158 725 1299 766 virum
1330 725 1437 779 quin
1468 728 1634 766 amaret

185 793 383 847 optimus
402 798 451 835 et
468 793 818 847 elegantissimus
837 793 1046 846 quisque,
1061 792 1156 833 fieri
1176 804 1264 834 non
1283 795 1469 846 poterat.
1499 791 1635 845 Apud

185 859 410 902 Caesarem
429 860 680 914 Augustum
699 860 756 902 ad
775 859 1117 902 familiaritatem
1142 872 1284 913 usque
1304 860 1448 912 gratia
1468 859 1635 907 valuit;

184 938 287 968 nam
320 931 364 969 et
390 927 692 969 delectabatur
721 928 795 969 ille
827 927 1005 980 ingenio
1038 926 1245 976 hominiS,
1266 933 1310 968 et
1334 926 1528 974 videbat,
1548 924 1636 966 sibi

185 993 310 1034 illum
327 997 374 1035 et
391 994 544 1047 gloriae
564 1007 672 1044 suae,
693 998 737 1036 et
755 994 997 1048 prudentiae
1019 994 1166 1034 civilis
1187 1006 1341 1042 causa,
1361 1005 1463 1033 esse
1482 1005 1637 1034 neces-

187 1061 367 1102 sarium.
424 1059 624 1102 Canebat
641 1061 770 1109 enim,
798 1061 1053 1113 plerumque
1067 1059 1238 1112 jussus,
1258 1059 1381 1100 illius
1405 1059 1634 1109 victorias,

187 1126 436 1179 populoque
463 1125 674 1168 Romano,
692 1125 1032 1166 commendabat
1046 1125 1144 1179 ejus
1170 1126 1288 1178 leges
1309 1138 1363 1167 ac
1380 1125 1635 1178 imperium3

186 1204 291 1246 quae
315 1205 467 1234 omnes
498 1192 797 1246 pulcherrimae
818 1191 934 1233 Odae
953 1204 1052 1232 esse
1072 1192 1230 1233 solent.
1288 1191 1498 1234 Omnium
1532 1205 1636 1233 vero

186 1259 540 1314 potentissimum
559 1259 749 1300 amicum
768 1259 923 1301 habuit
942 1258 995 1300 C.
1009 1258 1200 1300 Cilnium
1221 1258 1530 1309 Maecenatem,
1550 1259 1637 1300 ele-

184 1325 429 1379 gantissimi
449 1326 586 1367 virum
607 1326 785 1378 ingenii,
806 1320 1038 1368 doctorum
1065 1326 1287 1367 hominum
1316 1326 1532 1379 insignem
1557 1338 1636 1379 pa-

185 1395 357 1434 tronum
374 1405 388 1444 3
418 1392 549 1446 cujus
567 1391 722 1434 Vitam
758 1393 1008 1434 accuratius
1030 1392 1271 1446 descripsit
1301 1393 1332 1435 J
1335 1424 1347 1435 .
1370 1393 1434 1436 H.
1464 1393 1637 1434 Meibo-

186 1458 303 1500 mins
319 1458 396 1513 (L.
418 1459 474 1502 B.
491 1460 616 1502 1653.
636 1458 712 1513 4.).
762 1459 849 1500 Sed
869 1464 1030 1514 praeter
1049 1460 1161 1501 hunc
1182 1461 1310 1501 etiam
1334 1460 1400 1501 M.
1419 1460 1635 1514 Agrippa,

186 1525 373 1566 Asinius
388 1525 550 1576 Pollio,
565 1527 727 1568 summi
742 1539 795 1568 ac
814 1527 1036 1580 principes
1056 1527 1152 1575 viri,
1165 1527 1369 1580 singulari
1389 1540 1487 1568 eum
1503 1528 1637 1568 bene·

187 1591 380 1642 volentia
397 1593 624 1646 complexi
644 1598 759 1634 sunt.
811 1593 879 1634 Ex
901 1593 1049 1647 poetis
1068 1595 1326 1635 amicissimi
1344 1595 1515 1635 suerunt
1538 1593 1638 1635 Vir-

188 1658 338 1711 gilius,
353 1658 534 1710 Varius,
550 1660 742 1710 Plotius,
754 1673 810 1702 ac
825 1660 1050 1702 Tibullus.
1080 1661 1168 1702 Sed
1183 1661 1337 1702 habuit
1352 1661 1467 1702 alios
1488 1661 1636 1709 etiam,

190 1723 247 1765 ad
264 1738 380 1778 quos
399 1727 595 1768 carmina
612 1727 803 1781 scripsit,
831 1728 904 1768 vel
923 1740 1103 1781 quorum
1123 1728 1166 1766 in
1191 1727 1260 1767 his
1291 1727 1551 1768 mentionem
1573 1727 1636 1767 fe-

189 1791 267 1832 cit.
311 1790 407 1831 Nos
419 1791 512 1845 jam
533 1792 733 1833 dicamus
753 1792 957 1845 quaedam
977 1792 1033 1832 de
1054 1792 1111 1832 iis
1136 1792 1315 1833 Horatii
1334 1793 1636 1847 amicis‚qu0s

188 1856 291 1897 libri
323 1867 355 1896 ι.
383 1861 431 1897 et
457 1868 510 1897 11.
542 1858 680 1910 gratia
708 1870 842 1898 nosse
861 1858 1065 1908 interest;
1102 1858 1279 1899 omissis
1299 1863 1450 1899 tamen
1467 1859 1540 1907 iis,
1560 1861 1636 1912 qui

189 1922 261 1963 vel
279 1923 388 1964 satis
409 1923 604 1965 illustres
621 1936 675 1965 ac
692 1924 801 1972 noti,
812 1924 887 1965 vel
908 1927 1060 1965 contra
1078 1924 1272 1972 obscuri,
1289 1926 1361 1966 vel
1380 1924 1568 1978 denique
1588 1927 1634 1966 in

191 1988 474 2043 Argumentis
492 1988 744 2030 Car-minum
756 1988 854 2043 jam
874 1990 1201 2031 commemorati
1220 1995 1337 2032 sunt.

247 2054 300 2096 1..
315 2054 512 2105 Sextius,
533 2055 591 2096 ad
609 2068 741 2109 quem
771 2059 839 2096 est
874 2066 905 2096 1.
931 2055 1016 2097 Od.
1037 2058 1080 2098 4.
1102 2057 1276 2098 videtur
1293 2072 1393 2099 esse
1413 2059 1468 2109 is,
1488 2072 1634 2113 quem,

190 2121 315 2163 Bruti
330 2121 716 2172 studiosissimum,
732 2122 962 2175 Augustus
983 2123 1040 2165 A.
1052 2123 1111 2165 U.
1126 2124 1226 2166 731.
1255 2124 1492 2166 Consulem
1509 2127 1553 2166 in
1569 2126 1635 2168 lo-

189 2201 290 2230 cum
310 2201 436 2229 suum
457 2189 650 2239 suffecit;
666 2189 763 2230 vid.
785 2190 876 2231 Dio
899 2199 1049 2230 xmn.
1068 2195 1175 2231 extr.
1224 2190 1314 2232 Sed
1335 2196 1437 2233 ante
1455 2192 1502 2233 id
1523 2198 1636 2233 tem-

190 2268 277 2309 pus
292 2254 391 2296 Ode
410 2256 576 2308 scripta
591 2256 789 2308 videtum
809 2257 926 2298 unde
942 2257 1061 2298 male
1077 2258 1121 2297 in
1135 2257 1286 2298 Titulo
1306 2258 1480 2299 additur
1496 2262 1509 2280 ‘
1522 2258 1635 2299 Con·

191 2322 409 2363 sularem.'
466 2322 622 2376 Neque
642 2328 763 2364 recte
787 2327 801 2345 ‘
817 2323 1026 2365 Publius’
1053 2323 1230 2374 dicitur,
1250 2330 1327 2365 aut
1356 2325 1526 2366 ostendi
1555 2338 1635 2378 po-

191 2391 292 2434 test,
309 2394 468 2438 utrum,
488 2389 607 2442 quod
627 2390 671 2430 in
691 2390 956 2444 quibusdam
976 2390 1090 2431 Mss.
1120 2395 1203 2439 est,
1225 2403 1466 2442 cognomen
1493 2394 1505 2411 ‘
1523 2390 1635 2441 Qui—

191 2454 299 2495 rini’
318 2467 466 2496 verum
487 2455 560 2496 sit.
620 2456 739 2497 Male
766 2462 812 2497 et
835 2458 931 2509 ipse
951 2469 980 2498 a
998 2457 1153 2497 multis
1172 2458 1379 2498 scribitur
1402 2461 1415 2478 ‘
1430 2458 1635 2508 Sestius,’

193 2521 311 2573 quod
332 2527 480 2574 aperte
499 2526 570 2564 est
587 2535 613 2563 e
632 2524 879 2577 corruptela
897 2523 1059 2565 Graeca
1081 2522 1248 2570 Σέστιος.

251 2586 303 2626 L.
324 2587 485 2628 Varius
501 2594 765 2630 memoratur
785 2601 819 2631 1.
836 2589 922 2630 od.
942 2590 987 2630 6.
1017 2589 1157 2642 poeta
1173 2590 1343 2643 Epicus
1362 2595 1406 2632 et
1419 2592 1634 2644 Tragicus

196 2652 513 2703 nobilissimus,
532 2668 660 2708 quem
677 2656 891 2709 Virgilius
913 2656 1008 2697 Ecl.
1032 2666 1102 2695 rx.
1118 2656 1188 2697 35.
1219 2656 1354 2699 Mart.
1374 2669 1478 2699 vni.
1497 2659 1565 2701 18.
1587 2666 1631 2700 et

196 2717 239 2758 h.
256 2718 287 2759 l.
309 2731 362 2759 ac
382 2730 415 2760 1.
436 2721 531 2761 Sat.
551 2722 619 2762 10.
638 2724 709 2762 44.
746 2722 965 2763 Horatius
995 2723 1192 2775 impense
1220 2722 1386 2764 laudat.
1428 2725 1633 2766 Servavit
