1916 3190
294 231 379 274 258

772 246 816 284 Q.
848 244 1057 276 HoRATu
1093 245 1264 276 suAccl

524 339 702 381 Mecum
728 339 919 381 Dionaeo
941 340 1027 381 sub
1048 344 1175 381 antro

578 404 740 456 Quaere
760 406 915 447 modos
930 406 1093 448 leviore
1114 406 1297 461 plectro.

1685 409 1742 449 40

290 514 480 563 ludin-Ceos
493 514 593 546 luctus
607 523 754 555 reponas.-
776 523 892 546 mecum
902 515 1010 555 potius
1022 515 1080 547 sub
1095 515 1228 547 Dionoeo
1243 523 1334 556 specu
1353 517 1441 546 tenta
1466 515 1602 546 modulos
1621 513 1743 555 pectine

288 556 412 588 lenton.

893 610 1013 622 eeeeee

1015 610 1134 622 ooooo

288 662 447 696 bon—40
470 662 631 695 Petu-ens.
646 662 809 700 Bentleii,
823 663 937 695 leviore
952 665 1033 706 lyra.

943 749 1085 781 NOTAE

329 807 373 836 39
394 805 519 835 Mecum
544 803 678 834 Dionaeo
697 803 754 834 sub
772 802 880 843 antro]
902 802 986 835 Dio-

285 864 362 887 naea
370 853 582 886 modulemur
593 852 757 892 carmina,
770 852 803 883 id
818 858 884 892 est,
898 862 987 885 ama-

285 905 375 936 toria
390 907 426 936 et
440 904 608 942 Venerea,
629 908 667 934 ut
690 902 782 942 dixi;
808 901 986 943 vel-forte,

283 955 318 987 in
335 955 495 986 honorem
511 952 671 993 Augusti,
684 953 740 993 qui
763 952 858 983 ducit
878 962 985 992 genus

284 1015 303 1037 a
319 1005 469 1043 Venere,
489 1002 587 1043 cujus
608 1005 752 1034 matrem
769 1002 913 1034 Dionem
927 1011 983 1034 ce-

1040 803 1151 835 lebrat
1167 803 1309 834 Homer.
1332 800 1431 833 Iliad.
1446 805 1482 832 Ε.

1082 856 1125 884 40
1148 853 1280 885 Levior-e
1293 850 1426 893 plectro]
1446 850 1545 892 Stylo
1563 851 1738 884 mediocri.

1038 903 1151 935 Pollio
1193 901 1330 943 quidem
1359 901 1494 932 sublimi
1522 905 1558 932 et
1586 901 1737 933 Heroico

1039 962 1137 984 versu
1164 952 1310 992 Tragica
1335 950 1522 982 describit:
1546 960 1605 982 nos
1619 955 1735 983 autem

1039 1002 1157 1035 leviori
1173 1002 1275 1033 decet
1291 1009 1415 1033 canere
1431 1000 1565 1041 Lyrica.

886 1142 1017 1184 ODE
1067 1142 1132 1184 ΙΙ.

623 1248 692 1279 ΑΒ
725 1249 766 1279 C.
798 1247 1122 1280 SALLUSTIUM
1156 1246 1394 1278 CRISPUM.

280 1326 321 1359 C.
344 1325 545 1358 Sallustium
571 1325 727 1366 Crispum
759 1325 933 1358 Historici
967 1337 1010 1358 ex
1050 1335 1167 1358 sorore
1195 1328 1356 1366 nepotem
1390 1323 1642 1365 Maecenatiqne
1671 1333 1732 1356 suo

321 1377 471 1419 Augusti
500 1377 612 1417 gratia
636 1377 841 1418 proximum,
866 1379 958 1409 laute
982 1378 1231 1419 splendideque
1260 1386 1384 1418 magua
1406 1375 1542 1407 fortuna
1565 1380 1734 1416 utentem,

321 1428 540 1462 commendat
555 1428 752 1460 Catonianis
778 1435 815 1462 et
836 1430 977 1470 Stoicis,
1003 1440 1145 1471 quorum
1172 1430 1335 1470 dogmata
1358 1429 1402 1460 ad
1427 1428 1594 1460 luxuriam
1620 1426 1731 1461 vafer·

320 1481 405 1514 rime
421 1481 617 1523 detorquet.
658 1482 853 1525 (Laudatur
866 1482 1046 1514 Sallustius
1062 1482 1106 1514 ob
1122 1492 1217 1514 usum
1234 1482 1430 1514 divitiarum
1447 1485 1592 1513 rectum.
1608 1478 1730 1520 Zeun.)

447 1576 662 1619 NULLUS
683 1583 863 1631 argento
884 1578 1007 1620 color
1027 1583 1114 1629 est,
1135 1578 1284 1620 avaris

447 1642 619 1686 Abdito
638 1645 778 1695 terris,
799 1644 974 1686 inimice
994 1645 1156 1687 lamnae

319 1758 350 1788 0
364 1756 497 1789 Sallusti
514 1757 639 1799 Crispe,
652 1756 706 1798 qui
719 1755 876 1788 aversaris
889 1755 1022 1788 laminas
1035 1756 1132 1789 terris
1143 1758 1248 1790 avaris
1261 1758 1412 1799 conditas,
1427 1760 1511 1790 certe
1519 1755 1653 1798 pecunia
1666 1765 1728 1787 non

881 1841 1003 1854 OOOm

1005 1841 1123 1856 coen-e

317 1895 396 1926 Ode
411 1896 616 1928 duodecima
632 1896 726 1928 Libri
743 1895 840 1928 tertii
854 1896 888 1927 in
901 1895 965 1931 Ed.
977 1897 1161 1929 Sanadoni.
1207 1897 1287 1928 Vet.
1303 1896 1414 1928 codex
1428 1895 1574 1931 Barthii,
1593 1894 1725 1935 Crispus

274 1937 444 1969 Sallustius
466 1938 625 1976 liberaliu
650 1944 733 1970 vett.
749 1938 827 1970 edd.
844 1938 898 1970 Aa
922 1938 1105 1971 Sallustium
1126 1941 1165 1971 de
1179 1939 1386 1971 Liberalitate
1405 1942 1435 1970 et
1455 1936 1726 1979 Temperantia.—

273 1981 305 2009 l.
328 1982 348 2010 2
371 1980 380 1996 ‘
395 1980 542 2019 Cuning.
559 1980 693 2012 emend.
709 1981 806 2013 honor
820 1984 879 2020 est,
896 1981 1068 2013 audacius.
1094 1982 1141 2012 N.
1155 1992 1185 2014 α.
1199 1983 1282 2013 color
1296 1985 1357 2021 est,
1371 1981 1476 2013 avar-is
1489 1979 1616 2013 Abditae
1628 1978 1726 2011 ten-is

267 2020 392 2053 inimice
408 2022 429 2053 l.
452 2023 586 2053 emend.
599 2022 718 2054 Lamb.
734 2026 854 2054 contra
869 2028 986 2055 omnes
1002 2023 1104 2055 codd.
1119 2023 1304 2056 absurdum
1322 2029 1446 2066 putans
1462 2032 1599 2055 sensum
1621 2019 1724 2063 prod-

925 2106 1069 2138 NOTAE

313 2169 466 2200 Meti-um
482 2168 571 2200 idem
588 2168 678 2210 quod
693 2177 796 2210 supra
811 2178 836 2200 ι.
851 2169 920 2202 od.
935 2173 969 2202 2.

313 2221 331 2252 1
356 2218 473 2250 Nullus
500 2221 630 2258 argento
652 2219 736 2250 color
757 2222 816 2258 est,
838 2218 908 2260 qm]
929 2219 967 2251 Si

269 2268 349 2312 qnid
371 2270 474 2301 habet
497 2270 642 2311 pecunia
661 2269 797 2309 nitoris,
811 2269 845 2300 id
866 2278 965 2301 omne

267 2324 444 2351 mutuatur
463 2329 484 2350 a
503 2324 600 2352 recto
614 2329 688 2351 usu.
732 2320 965 2360 Quapropter,

269 2379 289 2401 ο
316 2369 469 2409 Sallusti,
490 2368 571 2409 jure
597 2368 752 2400 inimicus
775 2377 812 2400 es
832 2367 885 2407 iis,
908 2368 966 2410 qui

268 2429 351 2460 opes
368 2428 445 2450 suas
462 2423 562 2450 terrae
585 2417 755 2450 infodiunt
769 2422 805 2449 et
821 2418 964 2450 abscon-

267 2471 366 2511 dunt,
392 2479 476 2502 auro
501 2473 537 2501 et
561 2473 702 2511 argento
727 2477 795 2500 non
817 2472 966 2509 utentes,

268 2530 344 2561 quae
372 2525 484 2551 tamen
514 2523 593 2550 sunt
616 2518 785 2550 duntaxat
810 2517 853 2551 ad
870 2527 965 2549 usum

266 2564 370 2600 facta.
428 2567 574 2600 Aristot.
611 2568 726 2600 Ethic.
751 2567 810 2600 lib.
839 2576 892 2600 lv.
927 2567 965 2600 ‘0

266 2619 402 2650 πλοῦτος
424 2619 450 2651 δ’
476 2617 543 2650 ἔστι
563 2620 625 2650 τῶν
642 2617 814 2660 χρησίμων.
857 2618 965 2660 Cyrus

266 2669 357 2709 apud
370 2668 587 2709 Xenophont.
609 2669 618 2685 ‘
636 2669 798 2700 Pecuniis
811 2668 960 2701 utimini:

265 2728 342 2750 nam
358 2719 390 2750 in
409 2725 533 2751 terram
550 2720 631 2752 satis
646 2721 689 2752 sit
707 2730 853 2762 corpora
867 2719 962 2753 defo-

267 2769 314 2812 di,
327 2779 402 2802 cum
427 2770 570 2812 quisque
586 2770 676 2803 diem
691 2771 837 2805 obierit-³
880 2771 962 2803 Cas-

1022 2169 1146 2202 siodor.
1175 2170 1286 2211 Epist.
1315 2178 1365 2201 ιν.
1392 2171 1445 2201 34.
1480 2167 1629 2201 ‘Divitis
1649 2167 1722 2199 auri

1021 2228 1108 2250 vena
1122 2219 1239 2251 similis
1261 2222 1315 2251 est
1340 2218 1480 2260 reliqnae
1498 2222 1613 2257 terrae,
1628 2216 1655 2247 si
1666 2217 1721 2257 ja—

1020 2273 1099 2300 ceat
1113 2278 1122 2300 ι
1146 2278 1207 2301 usu
1221 2269 1345 2300 crescit
1359 2268 1402 2300 ad
1419 2266 1590 2309 pretium.'

1061 2322 1082 2351 2
1105 2319 1223 2350 Abdita
1248 2318 1410 2360 [Abdita]
1431 2317 1501 2350 Alii
1524 2318 1642 2358 legunt
1666 2315 1720 2347 ab·

1018 2369 1096 2401 dito.
1140 2368 1208 2401 Sed
1225 2378 1383 2411 quorsum
1399 2372 1495 2400 tanta
1518 2376 1562 2399 ea
1584 2366 1626 2398 de
1650 2366 1722 2397 lec-2

1021 2418 1114 2450 tione
1140 2418 1330 2455 contentio,
1356 2427 1432 2449 cum
1459 2426 1520 2458 par
1546 2415 1718 2457 utrimque

1019 2479 1139 2502 sensus
1164 2469 1361 2502 exoriatur?
1393 2469 1522 2501 Abditae
1548 2476 1631 2499 vero
1657 2476 1718 2498 seu

1019 2519 1052 2550 in
1067 2518 1190 2552 fodinis
1201 2529 1221 2551 a
1236 2524 1373 2560 natura,
1389 2528 1450 2551 seu
1465 2519 1499 2550 in
1515 2517 1671 2549 cavernis
1680 2520 1717 2548 et

1019 2573 1121 2602 terrae
1143 2569 1298 2610 latebris,
1323 2569 1365 2600 ab
1391 2567 1583 2601 hominibus
1604 2566 1716 2598 avaris

1019 2621 1194 2654 thesauros
1210 2625 1248 2652 ut
1263 2620 1441 2662 plurimum
1465 2618 1618 2651 defossos
1640 2627 1716 2650 cus-

1019 2670 1238 2703 todientibus.

1058 2720 1200 2762 Lamnae]
1225 2719 1377 2759 Lamina,
1402 2723 1439 2751 et
1463 2728 1526 2760 per
1540 2728 1713 2761 syncopen

1014 2770 1025 2789 ⁴
1041 2771 1175 2814 lamna,’
1189 2771 1271 2804 item
1294 2770 1304 2789 ‘
1321 2767 1479 2812 lameua,’
1497 2768 1638 2803 bractea
1659 2772 1712 2802 est
