1916 3190
243 237 327 278 156
717 253 760 290 Q.
793 251 1003 285 nomm
1039 251 1212 283 FLAccr

415 343 469 384 In
490 356 559 384 me
583 346 677 385 tota
693 357 823 385 ruens
845 343 1000 385 Venus

472 409 668 464 Cyprum
687 411 903 463 deseruit;
934 422 1016 451 nec
1034 410 1197 463 patitur
1217 410 1421 465 Scythas,
1641 411 1696 452 10

413 475 471 518 Et
489 478 633 518 versis
656 477 899 520 animosum
922 476 1048 530 equis

475 543 688 585 Parthum
709 543 869 594 dicere,
889 555 972 584 nec
992 556 1093 597 quae
1113 543 1222 584 nihil
1241 543 1431 584 attinent.

241 671 358 702 intuitu
372 671 466 704 nimis
483 672 667 712 periculosa.
717 673 819 705 Venus
837 674 975 714 Cyprum
998 674 1174 714 relinquens
1197 684 1245 705 me
1268 677 1335 705 tota
1360 673 1492 713 invasit,
1503 681 1600 713 neque
1622 671 1699 703 sinit

242 723 290 746 me
303 713 419 751 referre
433 714 622 756 Scytharum
637 715 728 756 bella,
743 725 839 757 neque
855 715 994 746 Parthos
1007 716 1094 756 equis
1108 716 1262 747 conversis
1271 719 1426 755 strenuos,
1438 725 1494 747 nec
1505 720 1700 756 quaecumque

856 810 1091 823 ONWOOOOO

242 871 383 913 Bipont.
400 873 539 904 Mitsch.
556 875 701 906 Wetzel.
726 879 764 906 et
790 875 986 907 Kidd.-—1o
1010 877 1139 918 Cypron
1155 877 1387 918 Cuuing.—ll
1415 878 1482 909 Nec
1504 876 1603 908 versis
1627 876 1701 916 qui-

243 914 321 945 dam
337 915 438 946 codd.
457 915 633 956 Lambini;
671 919 734 948 Ant
747 918 847 950 versis
873 918 1109 959 cuning.—12
1132 919 1238 951 Brod.
1254 925 1290 951 et
1305 928 1388 950 unus
1403 919 1530 951 Bland.
1545 918 1699 960 Cruquii,

242 957 376 997 attinet,
391 957 576 998 imperson.

914 1013 1059 1045 NOTAE

243 1081 316 1102 sum
334 1072 448 1103 statim
460 1072 618 1113 impellit.
663 1074 818 1115 Metaph.
831 1084 848 1106 a
863 1075 948 1106 locis

242 1121 398 1160 lubricis,
412 1121 446 1151 iu
468 1121 591 1163 quibus
607 1122 681 1154 sine
695 1123 843 1155 cadendi
859 1124 948 1164 peri-

243 1171 319 1202 culo
345 1181 444 1203 nemo
467 1177 539 1204 stat
561 1177 621 1204 aut
641 1173 783 1206 incedit.
826 1175 950 1215 Virgil.

244 1223 363 1265 Eclog.
396 1232 479 1255 vm.
506 1227 560 1256 41.
587 1224 660 1256 ‘Ut
681 1225 765 1266 vidi,
789 1230 827 1258 ut
850 1226 950 1267 perii,

244 1277 284 1304 ut
298 1282 353 1306 me
369 1274 477 1305 malus
494 1273 639 1306 abstulit
656 1284 750 1306 error
762 1274 785 1307 l’
816 1274 886 1307 Alii
899 1276 948 1307 in·

248 1327 499 1365 terpretantur,
526 1324 643 1356 oculos
681 1325 844 1366 Glycerae
877 1335 949 1357 mo-

244 1374 340 1415 biles,
355 1375 516 1413 lubricos,
542 1375 750 1415 petulantes,
772 1376 814 1407 ad
839 1375 949 1408 libidi-

245 1433 322 1455 nem
341 1425 568 1465 pellicientes.
615 1425 798 1457 Anacreon
815 1426 886 1459 Od.
907 1435 947 1457 ιι.

245 1474 304 1515 ait,
332 1475 499 1506 Naturam
520 1474 657 1507 dedisse
675 1476 782 1506 tauris
809 1485 949 1512 cornua,

245 1524 357 1556 calces
381 1525 487 1567 equis,
510 1535 646 1557 cursum
666 1525 852 1565 leporibus,
867 1525 950 1557 den-

245 1577 298 1605 tes
326 1574 426 1610 leoni,
446 1576 512 1606 &c.
541 1575 622 1605 viris
650 1575 888 1615 prudentiam;
913 1579 950 1606 at

244 1622 442 1654 mulieribus
465 1623 768 1665 pulchritudinem,
782 1634 857 1666 quae
872 1634 948 1665 par-

245 1672 308 1704 mis
338 1679 375 1705 et
394 1674 521 1706 lanceis
549 1673 670 1706 fortior
699 1672 828 1706 ferrum
855 1673 950 1706 flam-

245 1732 404 1765 mamque
419 1724 528 1756 vincit
543 1729 579 1756 et
595 1724 723 1756 domat.

288 1776 309 1805 9
331 1775 372 1806 In
397 1785 444 1807 me
470 1779 538 1807 tota
562 1786 655 1808 ruens
686 1776 791 1808 Venus
811 1777 951 1817 Cyprum

244 1825 397 1866 deseruit]
419 1825 519 1865 Adeo
542 1836 667 1869 nempe
689 1837 744 1859 me
760 1829 876 1860 Venus
893 1828 951 1859 ob-

246 1875 337 1906 sidet
353 1880 390 1907 et
406 1882 567 1918 occupat,
593 1877 718 1919 inquit,
741 1882 780 1910 ut
796 1878 952 1912 videatur

246 1923 422 1964 reliquisse
448 1925 614 1967 Cyprum,
638 1926 694 1958 ubi
711 1931 827 1959 tamen
844 1927 951 1958 domi-

245 1977 348 2003 natur
372 1974 622 2015 potentissime,
636 1980 672 2006 et
688 1976 825 2007 colitur.
870 1976 951 2007 Vir-

246 2022 307 2062 gil.
322 2021 454 2053 AEneid.
467 2032 491 2053 1.
505 2026 579 2055 722.
602 2025 611 2041 ‘
628 2024 737 2056 inscia
758 2025 849 2055 Dido
865 2017 950 2055 Insiss

252 2072 334 2103 deat
351 2077 496 2112 quantus
512 2074 646 2104 miserae
665 2074 783 2104 Deus.’

291 2124 332 2152 10
355 2121 425 2152 Nec
451 2122 575 2162 patitur
602 2121 747 2163 quthus,
771 2122 842 2163 Sym]
872 2123 952 2154 Non

250 2181 304 2203 me
335 2171 467 2212 patitur
494 2171 569 2202 aliis
596 2180 719 2203 vacare
744 2172 953 2214 quibuslibet

247 2221 363 2261 rebus,
391 2221 457 2252 nisi
481 2221 607 2253 amori:
631 2222 723 2253 unde
737 2231 953 2264 nequaquam

248 2281 387 2312 possum
402 2270 555 2303 scribere
576 2270 782 2312 Scytharum
798 2271 853 2303 vel
870 2272 953 2304 Par-

249 2322 385 2354 thorum
414 2321 558 2363 praelia:
590 2321 626 2352 id
655 2326 812 2361 est„nec
840 2321 954 2353 aliena

243 2371 353 2411 bella,
375 2370 437 2403 sed
458 2380 523 2402 nec
547 2379 590 2402 ea
610 2380 689 2412 quae
704 2371 747 2403 ad
765 2372 953 2403 Romanam

250 2421 512 2462 Rempuhlicam
544 2426 579 2452 et
614 2421 754 2462 gloriam
783 2425 954 2462 spectant.

250 2470 430 2502 Posterius
444 2469 509 2501 hoc
523 2469 683 2510 opinatur
695 2469 867 2511 Cruquius
881 2470 953 2502 dici

250 2521 294 2551 ab
312 2520 471 2561 Horatio,
487 2525 526 2552 ut
540 2529 575 2551 se
592 2524 737 2552 excuset
749 2524 852 2562 atque
863 2529 954 2552 com-

250 2571 404 2612 mendet,
417 2576 453 2604 et
466 2572 628 2605 aduletur
639 2573 809 2613 Augusto,
821 2571 892 2612 cui,
905 2572 955 2603 in·

250 2620 339 2663 quit,
353 2625 434 2652 tunc
450 2620 541 2654 forte
562 2621 703 2653 remissa
717 2620 849 2653 fuerint
864 2620 955 2652 ultro

253 2680 274 2701 a
289 2669 429 2701 Parthis
452 2680 494 2702 ea
513 2671 610 2711 signa
625 2671 802 2712 militaria,
817 2681 894 2712 quae
906 2670 956 2703 M.

254 2721 378 2753 Crasso
393 2724 430 2752 et
443 2721 493 2753 M.
510 2721 660 2754 Antonio
674 2726 797 2763 erepta
808 2721 956 2754 fuerant.

254 2771 310 2803 De
324 2769 446 2812 quibus
473 2770 603 2804 suntin.
633 2773 668 2804 in
692 2772 760 2806 fine
783 2772 843 2806 lib.
867 2780 958 2806 xut.

1000 1076 1092 1107 infra
1105 1076 1235 1109 citand.
1279 1077 1408 1108 Verum
1430 1076 1502 1108 haec
1515 1076 1607 1108 nullo
1622 1080 1703 1108 sunt

1002 1131 1204 1167 argumento
1220 1127 1376 1159 subnixa.
1581 1166 1586 1170 ,

1045 1176 1196 1218 Scythas]
1219 1177 1265 1208 Hi
1288 1177 1406 1218 populi
1429 1181 1509 1208 suut
1523 1176 1616 1208 Asin
1633 1176 1702 1208 Bo-

1002 1227 1105 1258 realis
1121 1227 1349 1266 celeberrimi,
1375 1231 1411 1258 et
1434 1227 1504 1258 late
1520 1229 1702 1267 patentes;

1003 1276 1046 1308 de
1063 1276 1183 1318 quibus
1201 1276 1277 1308 fuse
1292 1276 1427 1313 Strabo,
1442 1276 1591 1308 Ptolem.
1613 1275 1702 1307 Plin.

1003 1328 1066 1357 διο.
1094 1326 1173 1358 Tria
1188 1325 1230 1358 de
1243 1326 1311 1358 illis
1327 1330 1447 1358 notatu
1459 1326 1563 1367 digna
1578 1335 1702 1357 memo-

1004 1381 1124 1408 rantur
1146 1386 1166 1408 a
1187 1376 1324 1412 Justiuo
1350 1376 1410 1408 lib.
1436 1384 1478 1407 ιι.
1503 1375 1702 1416 antiquitas,

1003 1427 1111 1457 virtus
1140 1425 1275 1465 bellica,
1303 1430 1340 1458 et
1376 1425 1467 1467 quod
1501 1424 1703 1456 Parthicum

1003 1484 1143 1516 regnum
1169 1475 1397 1507 condiderint.
1443 1473 1544 1506 Adde
1562 1473 1704 1506 Amazo-

1003 1533 1082 1555 num
1113 1523 1235 1556 famam
1266 1528 1342 1556 toto
1365 1524 1449 1556 orbe
1479 1524 1704 1566 omnibusque

1003 1575 1137 1606 saeculis
1152 1573 1323 1607 diffusam.
1347 1575 1357 1593 ‘
1371 1575 1450 1607 Non
1471 1575 1619 1606 virorum
1633 1583 1704 1605 ma-

1004 1624 1055 1664 gis
1083 1624 1240 1664 imperio,
1272 1634 1370 1666 quam
1392 1623 1609 1656 foeminarum
1636 1624 1704 1655 vir·

1004 1674 1133 1706 tutibus
1161 1675 1328 1706 claruere.
1375 1674 1514 1715 Quippe
1537 1682 1614 1705 cum
1638 1672 1703 1714 ipsi

1004 1723 1151 1756 Parthos
1167 1724 1458 1766 Bactrianosque3
1482 1722 1629 1755 foeminae
1645 1733 1703 1755 au-

1003 1777 1072 1805 tem
1089 1783 1205 1806 eorum
1230 1773 1440 1805 Amazonum
1465 1781 1569 1813 regna
1586 1771 1704 1804 condi-

1005 1823 1118 1855 derint
1135 1846 1144 1855 .
1158 1843 1166 1853 .
1180 1844 1190 1853 .
1203 1822 1393 1864 Imperium
1407 1821 1501 1854 Asiae
1517 1826 1570 1853 ter
1584 1821 1705 1863 quaesi·

1005 1883 1102 1905 vere:
1116 1874 1181 1915 ipsi
1194 1877 1363 1914 perpetuo
1375 1872 1420 1904 ab
1430 1871 1541 1903 alieno
1553 1871 1704 1912 Imperio

1005 1927 1065 1955 aut
1090 1924 1211 1955 intacti
1228 1928 1287 1954 aut
1302 1922 1421 1954 invicti
1436 1930 1601 1953 mansere.
1632 1921 1705 1953 Da-

1005 1973 1092 2004 rium
1109 1973 1238 2014 Regem
1252 1972 1436 2003 Persarum
1452 1970 1544 2010 turpi
1561 1970 1605 2001 ab
1620 1969 1706 2011 Scy·

1004 2021 1079 2052 thia
1093 2027 1347 2053 summoverunt
1361 2019 1441 2061 fuga
1451 2031 1461 2051 ε
1486 2020 1612 2060 Cyrum
1628 2029 1707 2052 cum

1007 2070 1099 2100 omni
1114 2071 1268 2101 exercitu
1284 2070 1557 2100 trucidaverunt.
1601 2069 1706 2101 Alex-

1006 2118 1105 2149 andri
1124 2119 1243 2158 Magni
1270 2118 1391 2149 ducem
1413 2118 1606 2158 Sopyriona
1627 2127 1706 2150 cum

1006 2168 1115 2208 copiis
1134 2167 1299 2199 universis
1323 2166 1536 2198 deleverunt.
1580 2166 1706 2200 Roma·

1006 2227 1126 2250 norum
1150 2217 1325 2256 audivere,
1341 2225 1408 2248 non
1433 2224 1585 2256 sensere,
1600 2225 1706 2248 arma.

1007 2289 1016 2299 .
1036 2290 1045 2299 .
1062 2289 1071 2299 .
1088 2267 1182 2299 Gens
1206 2266 1378 2298 laboribus
1398 2270 1434 2297 et
1454 2265 1554 2297 bellis
1569 2275 1705 2307 aspera.

1006 2317 1107 2348 Vires
1117 2326 1295 2358 corporum
1307 2316 1491 2348 immensa».
1537 2316 1634 2348 Nihil
1646 2326 1707 2359 pa-

992 2376 1084 2399 ,rare
1113 2366 1204 2408 quod
1231 2366 1389 2398 amittere
1420 2366 1590 2398 timeant:
1624 2366 1707 2398 nihil

1007 2417 1156 2448 victores
1195 2420 1323 2458 praeter
1355 2416 1498 2457 gloriam
1527 2417 1707 2457 concupis·

1010 2466 1117 2499 cunt!

1050 2521 1090 2551 ll
1115 2518 1160 2549 Et
1182 2518 1281 2550 versis
1305 2518 1478 2550 animosum
1504 2517 1591 2559 eqtds
1619 2518 1708 2550 Par-

1007 2568 1112 2610 thum]
1134 2569 1256 2609 Vir-gil.
1273 2567 1435 2609 Geor-gie.
1449 2576 1507 2599 ιιι.
1520 2570 1575 2600 80.
1609 2568 1619 2586 ‘
1635 2567 1708 2600 Ad-

1009 2619 1086 2651 dam
1104 2617 1204 2651 urbes
1220 2617 1312 2649 Asiae
1325 2615 1483 2653 domitas,
1505 2617 1709 2658 pulsumque

1010 2668 1211 2710 Niphatem‚
1235 2666 1485 2707 Fidentemque
1512 2664 1597 2706 fuga
1624 2666 1710 2698 Par-

1010 2719 1106 2751 thum
1119 2716 1293 2758 versisque
1314 2714 1472 2756 sagittis?
1501 2714 1630 2747 Justin.
1648 2714 1708 2748 lib.

1011 2777 1089 2802 xm.
1102 2765 1236 2808 Parthi,
1245 2765 1368 2807 inquit,
1377 2766 1387 2782 ‘
1397 2768 1551 2807 puguant
1562 2768 1622 2796 aut
1630 2771 1708 2806 pro-
