1916 3190
302 223 357 266 18
928 234 990 265 1)ss
1025 235 1163 275 vi'rA,

303 330 430 380 riam,
463 330 630 384 poteris
662 342 721 371 ex
754 327 1007 383 Septimiok
1039 341 1216 384 quoque
1251 333 1403 373 nostro
1434 329 1609 383 audire3
1657 344 1759 373 nam

301 396 470 448 incidit,
493 402 544 440 ut
561 397 641 439 illo
663 409 816 438 coram
838 397 958 438 fieret
983 409 1011 438 a
1031 410 1102 439 me
1131 399 1196 439 tui
1217 398 1392 439 mentio.
1453 398 1610 452 Neque
1627 400 1758 448 enim,

303 464 343 504 si
363 466 422 506 tu>
439 465 658 518 superbus
682 464 927 505 amicitiam
956 467 1152 506 nostram
1185 464 1409 518 sprevisti,
1430 464 1534 506 ideo
1554 477 1633 506 nos
1651 478 1760 519 quo·

303 543 389 584 que
406 530 784 589 ἁνθυπερφςονοῦμεν.’

357 598 576 640 Praeterea
596 611 718 652 saepe
746 611 864 648 eum,
895 599 1007 640 inter
1028 599 1142 640 alios
1162 598 1307 653 jocos,
1332 601 1344 619 ‘
1366 595 1664 652 putissimum¹
1685 611 1760 653 pe·

300 678 397 706 nem
418 670 463 706 et
477 665 821 707 homuncionem
851 665 1178 720 lepidissimum
1193 665 1204 681 '
1235 665 1495 719 appellavit,
1522 679 1696 720 unaque
1716 669 1759 708 et

300 732 438 774 altera
454 733 720 774 liberalitate
740 733 1043 787 locupletavit.
1103 733 1281 787 Scripta
1299 732 1475 787 quidem
1498 732 1598 785 ejus
1619 746 1758 787 usque

301 799 414 841 adeo
431 801 651 853 probavit,
674 813 965 855 mansuraque
986 805 1198 855 perpetuo
1212 806 1237 823 ¹¹¹
1257 800 1465 854 opinatus
1485 805 1568 849 est,
1600 804 1652 840 ut
1670 804 1761 840 non'

300 866 433 908 modo
454 867 676 908 Saeculare
707 866 898 908 Carmen
931 867 1288 921 componendum
1314 866 1568 920 injunxerit,
1601 865 1681 907 sed
1715 869 1758 907 et

299 931 578 974 Vindelicam
600 933 848 975 Victoriam
878 934 1046 975 Tiberii
1079 935 1304 988 Drusique
1340 933 1630 987 privignorum
1650 945 1758 974 suo-

299 1012 418 1051 rum3
449 1013 640 1053 eumque
671 999 878 1053 coegerit,
898 1003 1076 1053 propter
1104 1000 1207 1050 hoc,
1240 1001 1375 1042 tribus
1397 999 1649 1042 Carminum
1680 999 1761 1041 Li-·

300 1067 393 1107 bris
422 1079 481 1107 ex
510 1067 643 1119 longo
675 1067 911 1107 intervallo
942 1071 1144 1120 quartum
1176 1066 1364 1108 addere:
1396 1070 1496 1120 post
1524 1067 1772 1124 Sermones·

301 1147 403 1175 vero
421 1134 561 1175 lectos
582 1133 803 1186 quosdam
823 1133 987 1175 nullam
1015 1134 1086 1174 sui
1109 1134 1377 1174 mentionem
1395 1133 1592 1175 habitam
1619 1133 1683 1176 ita
1702 1134 1760 1175 sit

300 1203 512 1254 questus:
546 1203 558 1221 ‘
582 1200 754 1241 Irasciu
783 1213 853 1240 me
885 1200 966 1241 tibi
998 1201 1130 1250 scito,
1166 1200 1286 1254 quod
1325 1213 1414 1241 non
1448 1201 1494 1241 in
1533 1200 1758 1254 plerisque

300 1267 521 1321 ejusmodi
562 1267 741 1320 scriptis
776 1280 947 1308 mecum
986 1268 1265 1321 potissimum
1298 1267 1512 1321 loquaris.
1571 1266 1644 1308 An
1684 1280 1758 1325 ve-¹

299 1335 423 1385 reris,
443 1347 497 1376 ne
519 1334 638 1389 apud
660 1337 862 1387 posteros
893 1333 1054 1374 infame
1078 1334 1160 1375 tibi
1188 1334 1259 1383 sit,
1280 1333 1398 1388 quod
1419 1333 1610 1375 videaris
1630 1332 1757 1375 fami·

299 1401 422 1443 liaris
442 1401 571 1443 nobis
590 1399 744 1441 esse'l'
794 1399 1119 1454 Expressitque
1146 1400 1392 1454 Eclogam,⁰
1422 1399 1551 1454 cujus
1582 1399 1754 1442 initium

301 1474 370 1510 est
388 1482 398 1508 ε

468 1535 580 1577 Cum
600 1541 668 1578 tot
690 1536 912 1578 sustineas
928 1540 973 1577 et
994 1539 1116 1577 tanta
1137 1535 1310 1588 negotia
1331 1533 1471 1588 solus,

468 1603 563 1644 Res
586 1603 728 1645 Italas
751 1604 883 1645 armis
898 1603 1069 1652 tuteris,
1090 1602 1286 1646 moribus
1306 1613 1448 1650 ornes,

469 1670 666 1723 Legibus
683 1671 911 1722 emendes3
941 1670 984 1711 in
1006 1670 1189 1724 publica
1209 1667 1442 1709 commoda
1462 1680 1658 1721 peccem,

471 1736 522 1778 Si
542 1737 670 1792 longo
693 1751 891 1780 sermone
910 1750 1051 1779 morer
1066 1741 1144 1780 tua
1162 1741 1379 1790 tempora,
1400 1732 1568 1776 Caesar.

300 1840 405 1897 gitur,
432 1858 492 1889 sed
522 1868 639 1890 sensus
669 1858 811 1899 requirit
837 1857 1002 1898 potuisset,
1057 1857 1271 1899 mnm‚’quod
1289 1858 1399 1899 ipsum
1413 1856 1660 1898 aliilexhibent.
1689 1856 1753 1888 Pe-

300 1906 350 1936 uti
367 1916 445 1937 mox
463 1916 522 1946 pro
542 1907 636 1938 habeo
660 1908 726 1946 legi
744 1908 849 1946 jubet
874 1907 1002 1937 Latini-

299 1955 499 1987 taslmbeam.
525 1955 637 1986 Idem.
819 1992 823 1994 -

339 2002 350 2032 S
382 2005 446 2036 Illa
462 2004 660 2036 transeundi
678 2002 835 2043 formula,
856 2004 902 2034 Et
927 2013 998 2033 rur-

297 2065 363 2094 sus,
381 2060 502 2095 aperte
523 2065 543 2086 a
567 2054 737 2086 Monacho
759 2058 824 2093 est,
849 2063 892 2084 ex
917 2057 999 2084 noto

297 2104 349 2135 καὶ
362 2103 459 2136 πάλιν
472 2105 504 2136 ἰη
522 2105 635 2136 Sacris
646 2104 784 2136 niteris.
831 2103 998 2145 Equidem

299 2155 413 2185 onmia
427 2154 495 2190 illa,
511 2155 631 2186 Extant
647 2154 796 2195 Epistulae
807 2175 901 2185 .....
912 2153 998 2184 ἀνθυ-

298 2205 538 2245 περφρονοῦμεν,
550 2205 720 2235 emblema
730 2212 749 2234 e
761 2202 910 2243 margine
920 2212 996 2234 esse

299 2259 396 2294 puto,
409 2260 444 2284 at
460 2263 502 2285 ex
519 2254 659 2294 antiquo
677 2257 790 2284 tamen
808 2253 874 2285 alio
889 2253 997 2294 scrip·

300 2308 374 2334 tore
394 2303 513 2335 sumtis
537 2303 620 2344 ipsis
637 2303 867 2344 Epistularum
890 2303 996 2343 Frag-

299 2353 439 2391 mentis;
463 2363 537 2394 quae
564 2346 721 2394 profecto
737 2361 803 2384 non
819 2352 862 2383 ab
878 2352 996 2392 inepto

300 2402 549 2442 Grammatico,
565 2404 624 2434 sed
646 2402 795 2444 genuina
811 2412 897 2441 esse,
912 2401 995 2434 faci-

298 2453 332 2483 le
349 2462 422 2484 esse
437 2453 576 2484 sentire.
601 2453 698 2484 Idem.

343 2501 359 2523 ¹¹
380 2503 566 2544 Septimius
582 2507 636 2534 est
655 2503 724 2541 ille,
753 2501 796 2533 ad
821 2510 919 2543 quem
944 2505 997 2532 est

301 2561 342 2583 u.
359 2552 427 2584 od.
443 2555 474 2583 6.
492 2558 526 2583 et
542 2552 586 2584 de
597 2561 664 2594 quo
680 2551 830 2593 loquitur
846 2559 871 2583 1.
884 2551 996 2591 Epist.

302 2605 333 2634 3.
350 2605 381 2634 9.
396 2607 432 2634 et
449 2612 471 2633 Ι.
494 2606 525 2634 9.
546 2601 933 2642 1.-ἆνθυπερψρονοῦμεν,
950 2599 997 2631 vi-

302 2652 414 2683 cissim
452 2661 564 2683 sumus
582 2663 591 2691 ;
628 2652 676 2683 sic
709 2653 833 2693 Cruqu.
868 2651 998 2682 Muret-

302 2702 406 2742 Rutg.
453 2701 567 2732 Minus
584 2702 670 2732 bene
693 2701 750 2733 alii
770 2705 848 2742 post
868 2700 996 2733 Nanni-

301 2761 357 2785 um
373 2751 688 2791 ἄνθυπερηφανοῦμεν.
711 2752 812 2783 Idem.

345 2800 354 2824 ¹
374 2801 591 2843 Panaenum,
605 2803 744 2844 antique
762 2812 823 2844 pro
837 2802 847 2820 ‘
858 2801 994 2843 purissi-

1054 1918 1123 1939 nem
1140 1908 1253 1948 vulgo,
1269 1913 1305 1940 et
1328 1917 1388 1949 per
1401 1908 1520 1950 jocum
1534 1906 1754 1945 familiarem,

1055 1956 1257 1994 simpliciter
1294 1966 1356 1996 pro
1390 1958 1537 1996 homine,
1569 1957 1634 1998 vel,
1662 1955 1752 1998 quod

1054 2004 1172 2034 statim
1189 2004 1358 2043 sequitur,
1379 2005 1615 2043 homuncione,
1636 2007 1753 2037 Romus

1053 2052 1182 2084 dictum
1219 2052 1325 2084 fnisse
1363 2058 1459 2094 puto,
1507 2058 1545 2085 ut
1575 2054 1585 2071 ‘
1599 2063 1728 2085 cunnus
1741 2054 1762 2092 ³,

1052 2102 1165 2144 simpl.
1181 2112 1242 2143 pro
1258 2102 1398 2135 foemina
1413 2102 1618 2142 dicebatur;
1643 2108 1761 2145 uum--

1051 2152 1189 2183 tissimus
1212 2161 1241 2192 p.
1268 2152 1314 2183 sit
1337 2152 1437 2183 homo
1459 2152 1697 2193 integerrimus
1713 2157 1751 2186 et

1051 2204 1255 2242 carissimus,
1269 2203 1317 2234 nil
1340 2203 1495 2244 amplius.
1507 2203 1686 2244 appellavit,
1700 2203 1750 2236 nic

1050 2252 1249 2293 legendum;
1276 2253 1377 2293 vulgo
1390 2254 1646 2294 appellate-una
1657 2256 1751 2294 atque

1049 2303 1149 2333 attera
1164 2301 1253 2332 male
1267 2301 1391 2333 Dacer.
1406 2302 1559 2343 explicat
1572 2303 1582 2320 ‘
1595 2301 1750 2343 duabus,’

1050 2358 1086 2383 et
1103 2353 1136 2383 in
1150 2361 1191 2383 eo
1207 2361 1244 2383 se
1261 2355 1413 2393 torquet.
1433 2353 1533 2384 Idem.

1092 2406 1114 2422 ¹¹¹
1138 2401 1223 2432 Post
1234 2405 1381 2441 perpetuo
1393 2401 1425 2432 in
1441 2401 1598 2433 Blandiu.
1610 2401 1687 2434 cod.
1700 2402 1763 2441 la-,

1050 2461 1136 2484 cuna
1147 2457 1235 2490 erat,
1244 2461 1343 2493 quam
1354 2453 1495 2493 explent
1505 2452 1580 2484 fere
1593 2452 1727 2485 credidit
1734 2465 1748 2491 ,-

1050 2502 1109 2534 sed
1125 2503 1227 2543 Rutg.
1241 2511 1261 2533 e
1283 2502 1361 2534 cod.
1389 2503 1472 2543 Reg.
1489 2502 1634 2542 opinatus
1646 2506 1759 2540 εει--

1055 2553 1245 2584 Vindelicum
1265 2562 1296 2583 v.
1341 2553 1404 2584 Est
1426 2561 1477 2584 iv.
1500 2552 1570 2585 Od.
1591 2555 1624 2584 4.
1642 2555 1692 2584 18.
1710 2557 1747 2584 et

1052 2605 1104 2634 14.
1118 2605 1150 2635 8.
1172 2602 1273 2634 Idem.

1071 2656 1086 2673 ¹¹
1109 2652 1230 2684 Iratum
1259 2650 1395 2693 quidem
1430 2650 1528 2690 editi,
1557 2651 1639 2683 item
1666 2661 1745 2684 mox

1051 2712 1112 2744 pro
1124 2703 1276 2741 Eclogam
1290 2701 1378 2733 male
1398 2701 1543 2741 elogium.
1589 2701 1652 2733 Est
1664 2701 1748 2743 Epi-

1051 2752 1137 2784 stola
1152 2751 1211 2783 lib.
1229 2760 1271 2784 ιι.
1294 2751 1391 2784 Idem.

1091 2807 1106 2822 ⁰
1137 2802 1147 2819 ‘
1161 2800 1325 2842 Eciogas’
1355 2801 1443 2833 enim
1474 2800 1607 2843 antiqui
1636 2800 1744 2835 omnis
