1916 3190
677 238 951 271 criminum
986 239 1082 270 nin.
1114 239 1144 270 1.
1173 230 1244 272 37.

468 332 677 375 Tractare
698 339 947 388 serpentes,
966 337 1016 376 ut
1035 339 1180 376 atrum

524 399 720 454 Corpore
740 402 1010 442 combiberet
1028 412 1270 452 venenum3

412 466 668 509 Deliberata
686 471 823 508 morte
841 466 1030 509 ferocior
1050 480 1061 509 ε

354 565 360 568 .
408 533 554 574 Saevis
574 533 782 575 Liburnis
802 534 979 575 scilicet
997 533 1216 585 invidens,

464 599 652 641 Privata
670 600 834 642 deduci
853 601 1048 655 superbo

518 666 627 708 Non
645 666 826 709 humilis
844 667 1000 710 mulier
1018 668 1254 724 triumpho.

232 778 531 809 “mmmm
544 776 670 816 aspide·
681 778 878 816 attrectavit,
891 780 927 809 ut
947 777 1077 817 nigran-
1097 758 1188 809 τίη)
1200 787 1310 818 cor-por

265 818 274 826 '
554 819 1688 863 NempefoeninakeadignobificndmgaffcamAagaaitrianpham

229 822 344 850 m
352 818 510 850 Μαι-ἑοῖ.

1309 787 1327 808 e
1338 776 1493 817 hauriret,
1506 780 1604 809 none
1617 787 1689 810 con·

229 860 552 899 wmasmeim
566 862 788 903 venep-ema
801 862 1119 895 mmmm.

835 946 875 957 σο

232 1009 504 1050 (ΣΙ-ηψΤοῐτεηῑ.
519 1010 566 1041 Η.
577 1014 612 1041 et
624 1011 666 1042 R.
679 1011 820 1051 Stephh.
832 1011 953 1044 Heius.
968 1011 1108 1044 Fabric.
1121 1011 1205 1043 Fab-
1215 1011 1342 1043 Dacer.
1357 1012 1474 1044 Burm.
1485 1012 1572 1045 Cnn.
1580 1013 1686 1046 Baxt.

232 1050 345 1083 Bond.
355 1052 483 1093 Delph.
495 1053 669 1084 Schrevel.
685 1059 722 1084 et
738 1054 859 1085 Conib.
889 1053 959 1084 Sed
973 1054 1061 1085 calca
1075 1063 1194 1094 sereno,
1201 1053 1302 1092 fortis
1315 1058 1346 1085 et
1360 1054 1500 1085 Venett.
1522 1054 1602 1087 Asc.
1619 1057 1683 1088 Lo-

231 1093 326 1125 cher.
341 1094 460 1126 Bentl.
474 1095 554 1126 San.
564 1094 644 1127 Jon.
656 1094 797 1127 Mitscli.
806 1095 949 1136 Bipont.
959 1096 1104 1128 wetzel.
1122 1095 1307 1128 Wakes.ct
1317 1095 1424 1128 Kidd.
1446 1096 1537 1128 Vide
1548 1098 1685 1130 Wakef.

230 1135 275 1167 ad
290 1136 388 1177 Virg.
404 1136 511 1168 Geor.
527 1145 585 1169 ιιι.
602 1139 656 1169 30.

700 1138 769 1169 ‘Et
792 1138 844 1169 sic
861 1143 956 1170 recte
971 1139 1146 1180 dispungi,
1169 1138 1338 1180 quomodo
1364 1148 1432 1171 non
1455 1139 1605 1172 viderint
1630 1146 1684 1172 tot

230 1177 382 1210 editores
398 1187 442 1210 ex
459 1180 563 1211 totius
574 1181 760 1211 sententiae
776 1185 963 1219 structura,
978 1190 1048 1212 non
1065 1181 1251 1222 assequor.¹
1272 1181 1365 1213 δαί.
1393 1181 1494 1221 sortis
1507 1186 1539 1214 ct
1552 1184 1682 1224 aspidas

228 1220 315 1252 var.
332 1222 431 1253 nect.
446 1231 502 1261 ap.
514 1221 723 1254 ,Ionem—2³
746 1223 893 1254 Mentel.
910 1223 1040 1255 Pectore
1053 1223 1339 1255 conbiberet—29
1360 1224 1512 1256 Delibat·
1530 1235 1572 1257 ιιι.
1590 1226 1680 1264 sero·

228 1262 298 1294 einr
311 1262 415 1295 Sevi·
434 1263 584 1294 Liburnis
598 1264 753 1304 jungunt
773 1264 902 1296 Scholl.
923 1270 961 1297 et
986 1265 1067 1297 edd.
1093 1265 1168 1296 fere
1194 1274 1309 1296 omnes
1333 1271 1420 1298 vett.
1443 1267 1526 1298 item
1547 1268 1683 1300 Marcil.

229 1303 392 1336 Nostram
407 1305 662 1337 distinctionem
678 1311 819 1339 servant
836 1307 954 1339 Lamb.
969 1308 1075 1350 Crnq.
1086 1308 1249 1340 Turrem.
1263 1313 1300 1340 et
1314 1314 1463 1341 recentt.
1478 1314 1515 1342 et
1531 1310 1683 1342 vindicat

227 1345 270 1377 P.
284 1346 461 1379 Victorius
474 1348 576 1379 Varr.
593 1348 706 1381 [aectt.
722 1357 759 1380 x.
769 1351 803 1381 9.

883 1412 1028 1445 NOTAE

227 1476 280 1506 10.
302 1477 314 1492 ‘
326 1474 537 1516 Cleopatra,’
556 1475 679 1517 inquit,
692 1477 703 1495 ‘
714 1486 781 1509 non
792 1477 867 1518 jam
882 1477 927 1509 de

225 1525 312 1564 vita,
336 1534 412 1566 quae
438 1524 663 1567 offerebatur,
684 1526 747 1558 sed
769 1527 812 1559 de
829 1531 926 1568 parte

225 1574 323 1616 regni
339 1575 529 1607 laborabat.
575 1576 677 1609 Quod
691 1577 749 1609 nbi
765 1577 926 1619 despera-

225 1624 276 1656 vit
297 1633 319 1656 a
340 1624 518 1666 Principe,
542 1626 738 1668 servarique
756 1636 793 1658 se
807 1627 926 1659 trium·

225 1675 294 1716 pho
310 1674 423 1713 vidit3
447 1676 673 1708 incautiorem
695 1682 797 1709 nacta
810 1683 926 1710 custo·

223 1723 331 1763 diam,
344 1724 379 1755 in
396 1725 609 1757 Mausoleum
626 1735 662 1757 se
680 1726 861 1767 (sepulcra
875 1736 927 1758 re-

226 1781 306 1812 gum
321 1773 372 1804 sic
386 1773 530 1815 vocant)
554 1775 712 1815 recepit:
736 1775 795 1806 ubi
820 1777 927 1807 maxi·

225 1829 311 1860 moa,
325 1828 364 1853 ut
379 1823 523 1860 solebat,
539 1823 659 1855 induta
673 1825 797 1865 cultus,
812 1825 849 1856 in
863 1825 926 1857 dif-

224 1869 316 1903 ferto
340 1872 501 1904 odoribus
521 1873 619 1914 solio,
640 1874 743 1915 juxta
766 1886 864 1908 snum
888 1886 926 1909 se

224 1921 407 1953 collocavit
432 1922 633 1963 Antonium,
655 1924 867 1968 admotisque
881 1927 925 1959 ad

223 1978 330 2002 venas
342 1972 571 2012 serpentibus,
589 1974 687 2015 quasi
700 1984 819 2008 somno
833 1977 925 2008 solua

224 2021 284 2052 tal
311 2022 476 2054 Similiter
491 2023 695 2055 Plutarchus
709 2023 831 2065 refert,
852 2034 925 2057 orn-

221 2071 316 2102 niun
337 2080 466 2112 genera
479 2081 686 2104 venenorum
701 2073 736 2104 in
752 2073 922 2106 damnatis

221 2127 400 2164 expertam
426 2133 435 2153 :
472 2123 609 2156 anxiam
650 2128 766 2155 autem
802 2123 923 2166 fuisse,

220 2174 312 2216 quod
328 2184 404 2216 qnae
413 2175 485 2206 cito
495 2175 749 2216 extinguerent,
764 2182 923 2210 crearent

219 2225 371 2258 dolorem
386 2237 395 2255 :
417 2235 495 2267 quae
519 2235 600 2256 vero
629 2226 702 2257 sine
726 2225 844 2259 dolore
872 2237 922 2260 es-

219 2279 310 2311 seut,
322 2276 503 2308 celeritate
514 2282 675 2308 carerent
688 2287 698 2308 ε
712 2277 850 2309 tandem
861 2288 919 2310 ve-

218 2333 258 2357 ro
279 2325 544 2367 deprehendisse
570 2326 698 2367 aspidis
722 2337 870 2359 morsum
885 2334 922 2361 et

218 2375 291 2407 cito
303 2382 342 2407 et
356 2375 431 2408 sine
456 2375 572 2407 dolore
595 2385 755 2414 enecare,
776 2384 920 2418 gravato

218 2432 262 2457 ex
275 2434 396 2457 somno
419 2425 548 2467 capite,
574 2431 612 2457 et
635 2426 700 2458 leni
718 2427 842 2459 sudore
856 2438 921 2469 per

218 2475 348 2507 vultum
361 2474 492 2507 diffuso.
516 2477 678 2508 Ceterum
689 2478 815 2509 nemini
827 2488 918 2510 com-

219 2528 355 2563 pertum
371 2532 424 2556 est
439 2535 505 2567 quo
528 2527 647 2558 mortis
669 2537 795 2567 genere
816 2528 917 2560 Cleo-

220 2579 321 2612 patra
347 2575 492 2607 obierit:
514 2581 701 2617 puncturas
725 2583 855 2609 tantum
881 2579 915 2609 in

220 2621 358 2653 brachio
382 2629 517 2655 constat
544 2625 683 2664 exiguas
705 2626 916 2666 apparuisse·

220 2669 315 2701 Hinc
344 2670 517 2712 Augustus
539 2674 614 2714 ejus
642 2675 858 2707 simulacrum
882 2677 915 2707 in

221 2718 392 2758 triumpho
419 2719 530 2757 duxit,
557 2723 714 2754 admorso
740 2725 915 2765 aspidibus

979 1481 1033 1510 5³.
1053 1478 1064 1496 ‘
1076 1478 1224 1511 Brachia
1235 1479 1392 1520 spectavi
1403 1481 1511 1512 sacris
1526 1480 1685 1513 admorsa

979 1528 1141 1565 colubris,
1167 1529 1214 1560 Et
1236 1529 1373 1561 trabere
1388 1530 1561 1562 occultum
1577 1541 1683 1563 mern-

978 1577 1042 1609 bra
1056 1579 1189 1618 soporis
1204 1578 1296 1610 iter!

1020 1630 1065 1659 29
1076 1628 1272 1660 iDeliberutu
1286 1632 1387 1660 morte
1392 1628 1549 1671 ferocior]
1563 1631 1617 1662 Eo
1631 1630 1681 1662 fe·

979 1677 1103 1718 rocior,
1123 1678 1216 1720 quod
1235 1680 1320 1710 mori
1346 1688 1484 1721 quoquo
1498 1681 1600 1712 modo
1613 1686 1682 1713 sta-

980 1732 1108 1759 tuerat.
1121 1727 1274 1759 Advertc
1286 1728 1439 1768 pluribus
1451 1730 1571 1761 extolli
1583 1731 1682 1762 Cleo-

978 1781 1091 1818 patrae
1119 1777 1387 1816 generositatem
1424 1788 1528 1819 supra
1563 1781 1683 1812 mulie-

979 1826 1073 1857 brem
1088 1835 1221 1865 sexum,
1236 1831 1276 1857 nt
1299 1826 1378 1858 binc
1399 1828 1524 1860 victori
1538 1831 1682 1862 accedat

979 1881 1017 1907 et
1030 1879 1167 1907 crescat
1181 1876 1303 1917 gloria.
1347 1877 1443 1909 Alias
1454 1879 1542 1910 enim
1551 1880 1680 1913 habere

979 1926 1091 1958 locum
1107 1927 1288 1967 potuisset,
1314 1927 1404 1968 quod
1423 1929 1546 1961 scribit
1559 1930 1680 1972 virgil.

978 1975 1112 2007 AEneid.
1128 1984 1180 2007 ιν.
1202 1978 1258 2007 93.
1281 1977 1292 1994 ‘
1309 1977 1490 2018 Egregium
1506 1988 1589 2011 vero
1604 1980 1678 2012 lau-

976 2024 1055 2056 dem
1071 2048 1081 2057 .
1098 2048 1107 2056 .
1125 2046 1135 2056 .
1150 2024 1180 2056 si
1195 2023 1335 2056 femina
1349 2026 1441 2058 victa
1454 2027 1534 2059 eat-²

1018 2077 1062 2106 80
1078 2075 1183 2109 Senis
1195 2075 1362 2118 Liburnis]
1394 2077 1473 2109 Non
1489 2088 1609 2120 parum
1619 2081 1678 2122 ju-

975 2130 1097 2157 verant
1117 2125 1310 2166 Angustum
1332 2127 1367 2158 in
1393 2130 1604 2169 reportanda
1618 2140 1678 2162 na-

973 2174 1042 2206 vali
1072 2174 1218 2206 victoria
1245 2175 1388 2208 Liburni
1411 2177 1520 2218 Illyrii
1545 2181 1677 2221 populi,

973 2224 1202 2267 Liburnaeque
1209 2234 1314 2258 naves
1324 2227 1503 2260 celeritate
1513 2229 1675 2271 insignes.

973 2275 1028 2306 Ex
1043 2285 1110 2316 quo
1134 2280 1233 2316 patet
1256 2286 1323 2308 non
1349 2277 1490 2318 cymbas
1510 2280 1675 2320 quasdam

975 2330 1035 2356 ant
1062 2325 1238 2357 naviculas
1274 2326 1366 2357 bello
1395 2328 1530 2367 ineptas
1559 2327 1676 2368 fnisse,

973 2379 1011 2406 ut
1038 2380 1204 2415 putarunt
1229 2375 1367 2415 quidam
1382 2387 1391 2406 z
1424 2377 1547 2408 suidas
1577 2383 1674 2410 certe

973 2431 1139 2457 rostratas
1155 2431 1194 2456 et
1214 2431 1407 2457 constratas
1433 2427 1587 2458 extitisse
1604 2434 1673 2460 tra-

972 2475 1034 2513 dit,
1046 2475 1114 2505 alia
1129 2482 1240 2505 tamen
1253 2484 1353 2515 quam
1379 2476 1536 2508 triremes
1550 2476 1671 2510 forma.

970 2524 1059 2555 Vide
1087 2524 1212 2563 Veget.
1239 2524 1284 2554 de
1315 2525 1370 2556 Re
1396 2525 1502 2558 Milit.
1530 2527 1592 2560 lib.
1618 2537 1669 2562 iv.

969 2572 1121 2613 Appian.
1138 2572 1197 2604 lib.
1214 2581 1267 2604 lv.
1284 2575 1349 2605 &c-

1012 2622 1130 2662 δαεὶς]
1153 2622 1191 2653 Si
1217 2623 1355 2663 quidem
1378 2624 1520 2659 Romam
1543 2627 1669 2670 depor-

970 2677 1102 2703 tassent
1118 2671 1227 2702 vivam
1242 2672 1287 2702 ad
1301 2672 1407 2704 bostis
1419 2675 1639 2718 triumphum.

1013 2721 1141 2752 Scilicet
1155 2721 1309 2761 invidens,
1323 2722 1460 2756 Prin-ra
1480 2726 1591 2759 Muci
1614 2739 1667 2760 su-

221 2768 372 2799 bracliio.
416 2767 471 2799 De
499 2779 566 2810 quo
589 2771 751 2812 Propert.
780 2782 838 2805 nr.
863 2777 914 2805 10.
965 2773 1060 2812 perbo
1090 2773 1165 2805 Non
1199 2773 1326 2806 handus
1350 2776 1462 2807 mulier
1496 2779 1667 2821 triumpho]
