<?xml version="1.0" encoding="UTF-8"?>
<!DOCTYPE html PUBLIC "-//W3C//DTD XHTML 1.0 Transitional//EN"
    "http://www.w3.org/TR/xhtml1/DTD/xhtml1-transitional.dtd">
<html xmlns="http://www.w3.org/1999/xhtml" xml:lang="en" lang="en">
 <head>
  <title>
</title>
<meta http-equiv="Content-Type" content="text/html;charset=utf-8" />
  <meta name='ocr-system' content='tesseract 3.04.00' />
  <meta name='ocr-capabilities' content='ocr_page ocr_carea ocr_par ocr_line ocrx_word'/>
</head>
<body>
  <div class='ocr_page' id='page_1' title='image "./operazeune01horauoft_0132.png"; bbox 0 0 1916 3190; ppageno 0'>
   <div class='ocr_carea' id='block_1_1' title="bbox 283 289 1254 339">
    <p class='ocr_par' dir='ltr' id='par_1_1' title="bbox 283 289 1254 339">
     <span class='ocr_line' id='line_1_1' title="bbox 283 289 1254 339; baseline 0 -9"><span class='ocrx_word' id='word_1_1' title='bbox 283 289 369 330; x_wconf 77' lang='lat'><strong>124</strong></span> <span class='ocrx_word' id='word_1_2' title='bbox 761 301 803 339; x_wconf 76' lang='lat' dir='ltr'><strong>q.</strong></span> <span class='ocrx_word' id='word_1_3' title='bbox 837 300 1046 330; x_wconf 76' lang='lat' dir='ltr'><strong>noRATn</strong></span> <span class='ocrx_word' id='word_1_4' title='bbox 1081 300 1254 331; x_wconf 55' lang='lat' dir='ltr'><strong>succi</strong></span> 
     </span>
    </p>
   </div>
   <div class='ocr_carea' id='block_1_2' title="bbox 452 390 1732 842">
    <p class='ocr_par' dir='ltr' id='par_1_2' title="bbox 452 390 1732 842">
     <span class='ocr_line' id='line_1_2' title="bbox 453 390 1730 444; baseline 0.001 -11"><span class='ocrx_word' id='word_1_5' title='bbox 453 390 560 433; x_wconf 88' lang='lat' dir='ltr'><strong>Orte</strong></span> <span class='ocrx_word' id='word_1_6' title='bbox 579 392 783 440; x_wconf 87' lang='lat' dir='ltr'><strong>Saturno,</strong></span> <span class='ocrx_word' id='word_1_7' title='bbox 803 391 883 432; x_wconf 92' lang='lat' dir='ltr'><strong>tibi</strong></span> <span class='ocrx_word' id='word_1_8' title='bbox 905 403 1014 432; x_wconf 82' lang='lat' dir='ltr'><strong>cura</strong></span> <span class='ocrx_word' id='word_1_9' title='bbox 1031 392 1178 444; x_wconf 86' lang='lat' dir='ltr'><strong>magni</strong></span> <span class='ocrx_word' id='word_1_10' title='bbox 1674 393 1730 434; x_wconf 90' lang='grc'><strong>50</strong></span> 
     </span>
     <span class='ocr_line' id='line_1_3' title="bbox 456 458 1220 500; baseline -0.001 0"><span class='ocrx_word' id='word_1_11' title='bbox 456 458 646 500; x_wconf 78' lang='lat' dir='ltr'><strong>Caesaris</strong></span> <span class='ocrx_word' id='word_1_12' title='bbox 664 458 771 500; x_wconf 84' lang='lat' dir='ltr'><strong>satis</strong></span> <span class='ocrx_word' id='word_1_13' title='bbox 791 458 920 499; x_wconf 83' lang='lat' dir='ltr'><strong>data:</strong></span> <span class='ocrx_word' id='word_1_14' title='bbox 953 462 1000 499; x_wconf 84' lang='lat' dir='ltr'><strong>tu</strong></span> <span class='ocrx_word' id='word_1_15' title='bbox 1023 458 1220 500; x_wconf 89' lang='lat' dir='ltr'><strong>secundo</strong></span> 
     </span>
     <span class='ocr_line' id='line_1_4' title="bbox 794 525 1157 577; baseline -0.003 -10"><span class='ocrx_word' id='word_1_16' title='bbox 794 525 972 567; x_wconf 85' lang='lat' dir='ltr'><strong>Caesare</strong></span> <span class='ocrx_word' id='word_1_17' title='bbox 990 537 1157 577; x_wconf 83' lang='lat' dir='ltr'><strong>regnes.</strong></span> 
     </span>
     <span class='ocr_line' id='line_1_5' title="bbox 454 590 1317 640; baseline 0.001 -9"><span class='ocrx_word' id='word_1_18' title='bbox 454 590 550 640; x_wconf 91' lang='lat' dir='ltr'><strong>Ille,</strong></span> <span class='ocrx_word' id='word_1_19' title='bbox 573 603 650 631; x_wconf 89' lang='lat' dir='ltr'><strong>seu</strong></span> <span class='ocrx_word' id='word_1_20' title='bbox 673 590 864 631; x_wconf 84' lang='lat' dir='ltr'><strong>Parthos</strong></span> <span class='ocrx_word' id='word_1_21' title='bbox 885 591 1020 632; x_wconf 84' lang='lat' dir='ltr'><strong>Latio</strong></span> <span class='ocrx_word' id='word_1_22' title='bbox 1041 591 1317 632; x_wconf 87' lang='lat' dir='ltr'><strong>imminentes</strong></span> 
     </span>
     <span class='ocr_line' id='line_1_6' title="bbox 453 657 1207 712; baseline 0.003 -14"><span class='ocrx_word' id='word_1_23' title='bbox 453 657 602 710; x_wconf 84' lang='lat' dir='ltr'><strong>Egerit</strong></span> <span class='ocrx_word' id='word_1_24' title='bbox 614 657 741 711; x_wconf 88' lang='lat' dir='ltr'><strong>justo</strong></span> <span class='ocrx_word' id='word_1_25' title='bbox 763 657 952 699; x_wconf 90' lang='lat' dir='ltr'><strong>domitos</strong></span> <span class='ocrx_word' id='word_1_26' title='bbox 972 658 1207 712; x_wconf 89' lang='lat' dir='ltr'><strong>triumpho,</strong></span> 
     </span>
     <span class='ocr_line' id='line_1_7' title="bbox 452 723 1732 778; baseline 0.001 -13"><span class='ocrx_word' id='word_1_27' title='bbox 452 723 556 765; x_wconf 86' lang='lat' dir='ltr'><strong>Sive</strong></span> <span class='ocrx_word' id='word_1_28' title='bbox 577 724 800 778; x_wconf 85' lang='lat' dir='ltr'><strong>subjectos</strong></span> <span class='ocrx_word' id='word_1_29' title='bbox 821 723 1017 766; x_wconf 87' lang='lat' dir='ltr'><strong>Orientis</strong></span> <span class='ocrx_word' id='word_1_30' title='bbox 1033 737 1121 766; x_wconf 87' lang='lat' dir='ltr'><strong>orae</strong></span> <span class='ocrx_word' id='word_1_31' title='bbox 1673 724 1732 766; x_wconf 89' lang='lat'><strong>55</strong></span> 
     </span>
     <span class='ocr_line' id='line_1_8' title="bbox 791 790 1162 842; baseline 0 -10"><span class='ocrx_word' id='word_1_32' title='bbox 791 790 923 833; x_wconf 81' lang='lat' dir='ltr'><strong>Seras</strong></span> <span class='ocrx_word' id='word_1_33' title='bbox 943 796 989 832; x_wconf 91' lang='lat' dir='ltr'><strong>et</strong></span> <span class='ocrx_word' id='word_1_34' title='bbox 1009 791 1162 842; x_wconf 91' lang='lat' dir='ltr'><strong>Indos,</strong></span> 
     </span>
    </p>
   </div>
   <div class='ocr_carea' id='block_1_3' title="bbox 279 895 1730 1022">
    <p class='ocr_par' dir='ltr' id='par_1_3' title="bbox 279 895 1730 1022">
     <span class='ocr_line' id='line_1_9' title="bbox 280 895 1727 937; baseline -0.002 -10"><span class='ocrx_word' id='word_1_35' title='bbox 280 899 433 936; x_wconf 73' lang='lat' dir='ltr'><strong>seruator,</strong></span> <span class='ocrx_word' id='word_1_36' title='bbox 445 896 605 927; x_wconf 81' lang='lat' dir='ltr'><strong>commissa</strong></span> <span class='ocrx_word' id='word_1_37' title='bbox 618 896 677 928; x_wconf 75' lang='lat' dir='ltr'><strong>tibi</strong></span> <span class='ocrx_word' id='word_1_38' title='bbox 692 901 740 928; x_wconf 80' lang='lat' dir='ltr'><strong>est</strong></span> <span class='ocrx_word' id='word_1_39' title='bbox 756 896 867 934; x_wconf 74' lang='lat' dir='ltr'><strong>ascitis</strong></span> <span class='ocrx_word' id='word_1_40' title='bbox 887 897 1000 928; x_wconf 74' lang='lat' dir='ltr'><strong>summi</strong></span> <span class='ocrx_word' id='word_1_41' title='bbox 1017 897 1154 928; x_wconf 79' lang='lat' dir='ltr'><strong>Coesan&#39;s</strong></span> <span class='ocrx_word' id='word_1_42' title='bbox 1166 898 1266 928; x_wconf 75' lang='lat' dir='ltr'><strong>tutela</strong></span> <span class='ocrx_word' id='word_1_43' title='bbox 1278 908 1289 928; x_wconf 91' lang='lat'><strong>.·</strong></span> <span class='ocrx_word' id='word_1_44' title='bbox 1312 907 1387 937; x_wconf 85' lang='lat' dir='ltr'><strong>ergo</strong></span> <span class='ocrx_word' id='word_1_45' title='bbox 1414 901 1450 928; x_wconf 73' lang='lat' dir='ltr'><strong>tu</strong></span> <span class='ocrx_word' id='word_1_46' title='bbox 1466 906 1564 937; x_wconf 76' lang='lat' dir='ltr'><strong>regnu</strong></span> <span class='ocrx_word' id='word_1_47' title='bbox 1585 895 1727 936; x_wconf 69' lang='lat' dir='ltr'><strong>primus:</strong></span> 
     </span>
     <span class='ocr_line' id='line_1_10' title="bbox 283 937 1730 978; baseline -0.001 -10"><span class='ocrx_word' id='word_1_48' title='bbox 283 938 392 969; x_wconf 72' lang='lat' dir='ltr'><strong>Cesar</strong></span> <span class='ocrx_word' id='word_1_49' title='bbox 404 942 507 970; x_wconf 81' lang='lat' dir='ltr'><strong>autem</strong></span> <span class='ocrx_word' id='word_1_50' title='bbox 522 939 566 970; x_wconf 77' lang='lat' dir='ltr'><strong>sit</strong></span> <span class='ocrx_word' id='word_1_51' title='bbox 579 949 599 970; x_wconf 84' lang='lat' dir='ltr'><strong>a</strong></span> <span class='ocrx_word' id='word_1_52' title='bbox 614 942 645 970; x_wconf 86' lang='lat' dir='ltr'><strong>te</strong></span> <span class='ocrx_word' id='word_1_53' title='bbox 663 940 825 970; x_wconf 76' lang='lat' dir='ltr'><strong>secundus.</strong></span> <span class='ocrx_word' id='word_1_54' title='bbox 870 938 943 970; x_wconf 79' lang='lat' dir='ltr'><strong>Sive</strong></span> <span class='ocrx_word' id='word_1_55' title='bbox 955 939 985 969; x_wconf 80' lang='lat' dir='ltr'><strong>is</strong></span> <span class='ocrx_word' id='word_1_56' title='bbox 1005 939 1144 970; x_wconf 79' lang='lat' dir='ltr'><strong>Parthos</strong></span> <span class='ocrx_word' id='word_1_57' title='bbox 1159 939 1264 971; x_wconf 71' lang='lat' dir='ltr'><strong>Italia</strong></span> <span class='ocrx_word' id='word_1_58' title='bbox 1279 940 1389 971; x_wconf 77' lang='lat' dir='ltr'><strong>bellum</strong></span> <span class='ocrx_word' id='word_1_59' title='bbox 1403 939 1572 976; x_wconf 76' lang='lat' dir='ltr'><strong>inserentes</strong></span> <span class='ocrx_word' id='word_1_60' title='bbox 1585 937 1730 978; x_wconf 76' lang='lat' dir='ltr'><strong>legitima</strong></span> 
     </span>
     <span class='ocr_line' id='line_1_11' title="bbox 279 980 1730 1022; baseline -0.001 -12"><span class='ocrx_word' id='word_1_61' title='bbox 279 980 412 1011; x_wconf 72' lang='lat' dir='ltr'><strong>victoria</strong></span> <span class='ocrx_word' id='word_1_62' title='bbox 427 980 554 1019; x_wconf 78' lang='lat' dir='ltr'><strong>fractos</strong></span> <span class='ocrx_word' id='word_1_63' title='bbox 575 981 742 1021; x_wconf 76' lang='lat' dir='ltr'><strong>subegerit,</strong></span> <span class='ocrx_word' id='word_1_64' title='bbox 764 981 830 1012; x_wconf 71' lang='lat' dir='ltr'><strong>sive</strong></span> <span class='ocrx_word' id='word_1_65' title='bbox 850 980 946 1012; x_wconf 82' lang='lat' dir='ltr'><strong>Seras</strong></span> <span class='ocrx_word' id='word_1_66' title='bbox 973 980 1128 1021; x_wconf 73' lang='lat' dir='ltr'><strong>Indosque</strong></span> <span class='ocrx_word' id='word_1_67' title='bbox 1146 981 1181 1012; x_wconf 75' lang='lat' dir='ltr'><strong>in</strong></span> <span class='ocrx_word' id='word_1_68' title='bbox 1206 981 1368 1013; x_wconf 72' lang='lat' dir='ltr'><strong>Orientali</strong></span> <span class='ocrx_word' id='word_1_69' title='bbox 1385 982 1481 1022; x_wconf 75' lang='lat' dir='ltr'><strong>plaga</strong></span> <span class='ocrx_word' id='word_1_70' title='bbox 1503 980 1671 1020; x_wconf 71' lang='lat' dir='ltr'><strong>domuerit,</strong></span> <span class='ocrx_word' id='word_1_71' title='bbox 1696 981 1730 1009; x_wconf 78' lang='lat' dir='ltr'><strong>te</strong></span> 
     </span>
    </p>
   </div>
   <div class='ocr_carea' id='block_1_4' title="bbox 889 1073 1130 1086">
    <p class='ocr_par' dir='ltr' id='par_1_4' title="bbox 889 1073 1130 1086">
     <span class='ocr_line' id='line_1_12' title="bbox 889 1073 1130 1086; baseline 0 -1"><span class='ocrx_word' id='word_1_72' title='bbox 889 1073 1130 1086; x_wconf 58' lang='grc' dir='ltr'><strong>ΜΝΟΜΝΟ</strong></span> 
     </span>
    </p>
   </div>
   <div class='ocr_carea' id='block_1_5' title="bbox 277 1126 1732 1465">
    <p class='ocr_par' dir='ltr' id='par_1_5' title="bbox 277 1126 1732 1423">
     <span class='ocr_line' id='line_1_13' title="bbox 282 1126 1728 1169; baseline 0.002 -12"><span class='ocrx_word' id='word_1_73' title='bbox 282 1126 430 1158; x_wconf 72' lang='lat' dir='ltr'><strong>Mar-tolli</strong></span> <span class='ocrx_word' id='word_1_74' title='bbox 444 1127 674 1159; x_wconf 82' lang='lat' dir='ltr'><strong>Mentel.—51</strong></span> <span class='ocrx_word' id='word_1_75' title='bbox 703 1127 919 1166; x_wconf 71' lang='lat' dir='ltr'><strong>Cesar-issula</strong></span> <span class='ocrx_word' id='word_1_76' title='bbox 935 1126 1016 1159; x_wconf 87' lang='lat' dir='ltr'><strong>Aer.</strong></span> <span class='ocrx_word' id='word_1_77' title='bbox 1038 1132 1074 1159; x_wconf 89' lang='lat' dir='ltr'><strong>et</strong></span> <span class='ocrx_word' id='word_1_78' title='bbox 1091 1128 1192 1160; x_wconf 83' lang='lat' dir='ltr'><strong>Fabr.</strong></span> <span class='ocrx_word' id='word_1_79' title='bbox 1209 1132 1245 1160; x_wconf 82' lang='lat' dir='ltr'><strong>et</strong></span> <span class='ocrx_word' id='word_1_80' title='bbox 1260 1128 1402 1169; x_wconf 82' lang='lat' dir='ltr'><strong>praesert</strong></span> <span class='ocrx_word' id='word_1_81' title='bbox 1422 1127 1549 1168; x_wconf 74' lang='lat' dir='ltr'><strong>scalig.</strong></span> <span class='ocrx_word' id='word_1_82' title='bbox 1567 1126 1666 1160; x_wconf 66' lang='lat' dir='ltr'><strong>Poet.</strong></span> <span class='ocrx_word' id='word_1_83' title='bbox 1677 1137 1728 1160; x_wconf 81' lang='lat' dir='ltr'><strong>vr.</strong></span> 
     </span>
     <span class='ocr_line' id='line_1_14' title="bbox 280 1168 1731 1210; baseline 0.001 -10"><span class='ocrx_word' id='word_1_84' title='bbox 280 1171 311 1200; x_wconf 99' lang='grc'><strong>7.</strong></span> <span class='ocrx_word' id='word_1_85' title='bbox 336 1168 396 1199; x_wconf 85' lang='lat' dir='ltr'><strong>sed</strong></span> <span class='ocrx_word' id='word_1_86' title='bbox 412 1179 529 1201; x_wconf 86' lang='lat' dir='ltr'><strong>omnes</strong></span> <span class='ocrx_word' id='word_1_87' title='bbox 546 1170 646 1201; x_wconf 90' lang='lat' dir='ltr'>codd.</span> <span class='ocrx_word' id='word_1_88' title='bbox 661 1174 699 1201; x_wconf 83' lang='lat' dir='ltr'><strong>et</strong></span> <span class='ocrx_word' id='word_1_89' title='bbox 714 1169 793 1201; x_wconf 79' lang='lat' dir='ltr'><strong>edd.</strong></span> <span class='ocrx_word' id='word_1_90' title='bbox 810 1174 893 1201; x_wconf 85' lang='lat' dir='ltr'><strong>vett.</strong></span> <span class='ocrx_word' id='word_1_91' title='bbox 909 1170 1038 1202; x_wconf 84' lang='lat' dir='ltr'><strong>habent</strong></span> <span class='ocrx_word' id='word_1_92' title='bbox 1055 1170 1238 1210; x_wconf 61' lang='lat' dir='ltr'><strong>satim—63</strong></span> <span class='ocrx_word' id='word_1_93' title='bbox 1261 1171 1378 1203; x_wconf 84' lang='lat' dir='ltr'><strong>Codex</strong></span> <span class='ocrx_word' id='word_1_94' title='bbox 1393 1170 1543 1210; x_wconf 82' lang='lat' dir='ltr'><strong>Barthii,</strong></span> <span class='ocrx_word' id='word_1_95' title='bbox 1562 1170 1658 1202; x_wconf 66' lang='lat' dir='ltr'><strong>Iasi·</strong></span> <span class='ocrx_word' id='word_1_96' title='bbox 1671 1171 1731 1202; x_wconf 39' lang='lat' dir='ltr'><strong>ni*—</strong></span> 
     </span>
     <span class='ocr_line' id='line_1_15' title="bbox 279 1212 1730 1253; baseline 0.001 -11"><span class='ocrx_word' id='word_1_97' title='bbox 279 1215 490 1243; x_wconf 56' lang='lat' dir='ltr'><strong>mntem—64</strong></span> <span class='ocrx_word' id='word_1_98' title='bbox 511 1212 592 1245; x_wconf 85' lang='lat' dir='ltr'><strong>Tho.</strong></span> <span class='ocrx_word' id='word_1_99' title='bbox 607 1212 696 1243; x_wconf 85' lang='lat' dir='ltr'><strong>Gale</strong></span> <span class='ocrx_word' id='word_1_100' title='bbox 711 1222 766 1252; x_wconf 85' lang='lat' dir='ltr'><strong>ap.</strong></span> <span class='ocrx_word' id='word_1_101' title='bbox 781 1212 896 1244; x_wconf 89' lang='lat' dir='ltr'><strong>Bentl.</strong></span> <span class='ocrx_word' id='word_1_102' title='bbox 909 1212 999 1253; x_wconf 88' lang='lat' dir='ltr'><strong>conj.</strong></span> <span class='ocrx_word' id='word_1_103' title='bbox 1023 1214 1170 1252; x_wconf 79' lang='lat' dir='ltr'><strong>domitor,</strong></span> <span class='ocrx_word' id='word_1_104' title='bbox 1188 1213 1240 1245; x_wconf 82' lang='lat' dir='ltr'><strong>vel</strong></span> <span class='ocrx_word' id='word_1_105' title='bbox 1256 1213 1417 1251; x_wconf 55' lang='lat' dir='ltr'><strong>dominun</strong></span> <span class='ocrx_word' id='word_1_106' title='bbox 1448 1213 1514 1244; x_wconf 84' lang='lat' dir='ltr'><strong>hoc</strong></span> <span class='ocrx_word' id='word_1_107' title='bbox 1529 1212 1635 1245; x_wconf 80' lang='lat' dir='ltr'><strong>babet</strong></span> <span class='ocrx_word' id='word_1_108' title='bbox 1649 1212 1730 1245; x_wconf 77' lang='lat' dir='ltr'><strong>edd.</strong></span> 
     </span>
     <span class='ocr_line' id='line_1_16' title="bbox 280 1253 1730 1294; baseline 0.002 -11"><span class='ocrx_word' id='word_1_109' title='bbox 280 1253 430 1284; x_wconf 88' lang='lat' dir='ltr'><strong>Minellii</strong></span> <span class='ocrx_word' id='word_1_110' title='bbox 454 1256 550 1286; x_wconf 77' lang='grc'><strong>1673.</strong></span> <span class='ocrx_word' id='word_1_111' title='bbox 579 1256 675 1286; x_wconf 86' lang='grc'><strong>1677.</strong></span> <span class='ocrx_word' id='word_1_112' title='bbox 702 1259 739 1285; x_wconf 88' lang='lat' dir='ltr'><strong>et</strong></span> <span class='ocrx_word' id='word_1_113' title='bbox 765 1254 872 1286; x_wconf 88' lang='lat' dir='ltr'><strong>Lond.</strong></span> <span class='ocrx_word' id='word_1_114' title='bbox 901 1257 1083 1287; x_wconf 80' lang='lat'><strong>1726.-—55</strong></span> <span class='ocrx_word' id='word_1_115' title='bbox 1109 1254 1208 1287; x_wconf 85' lang='lat' dir='ltr'><strong>Fabr.</strong></span> <span class='ocrx_word' id='word_1_116' title='bbox 1235 1256 1380 1288; x_wconf 82' lang='lat' dir='ltr'><strong>Locher.</strong></span> <span class='ocrx_word' id='word_1_117' title='bbox 1411 1254 1492 1288; x_wconf 82' lang='lat' dir='ltr'><strong>Asc.</strong></span> <span class='ocrx_word' id='word_1_118' title='bbox 1516 1255 1599 1287; x_wconf 84' lang='lat' dir='ltr'><strong>Fab.</strong></span> <span class='ocrx_word' id='word_1_119' title='bbox 1625 1255 1730 1294; x_wconf 64' lang='lat' dir='ltr'><strong>Rutg.</strong></span> 
     </span>
     <span class='ocr_line' id='line_1_17' title="bbox 277 1294 1731 1339; baseline 0.001 -13"><span class='ocrx_word' id='word_1_120' title='bbox 277 1294 453 1327; x_wconf 83' lang='lat' dir='ltr'><strong>Sebrevel.</strong></span> <span class='ocrx_word' id='word_1_121' title='bbox 478 1295 589 1327; x_wconf 88' lang='lat' dir='ltr'><strong>Bond.</strong></span> <span class='ocrx_word' id='word_1_122' title='bbox 616 1296 733 1328; x_wconf 81' lang='lat' dir='ltr'><strong>Lamb.</strong></span> <span class='ocrx_word' id='word_1_123' title='bbox 757 1297 876 1336; x_wconf 85' lang='lat' dir='ltr'><strong>Steph.</strong></span> <span class='ocrx_word' id='word_1_124' title='bbox 903 1297 1006 1328; x_wconf 78' lang='lat' dir='ltr'><strong>Baxt.</strong></span> <span class='ocrx_word' id='word_1_125' title='bbox 1031 1297 1106 1329; x_wconf 73' lang='lat' dir='ltr'><strong>oris.</strong></span> <span class='ocrx_word' id='word_1_126' title='bbox 1131 1297 1197 1329; x_wconf 86' lang='lat' dir='ltr'><strong>Sed</strong></span> <span class='ocrx_word' id='word_1_127' title='bbox 1220 1307 1285 1328; x_wconf 83' lang='lat' dir='ltr'><strong>oroe</strong></span> <span class='ocrx_word' id='word_1_128' title='bbox 1309 1307 1426 1330; x_wconf 82' lang='lat' dir='ltr'><strong>omnes</strong></span> <span class='ocrx_word' id='word_1_129' title='bbox 1449 1299 1547 1330; x_wconf 84' lang='lat' dir='ltr'><strong>Torr.</strong></span> <span class='ocrx_word' id='word_1_130' title='bbox 1565 1302 1603 1330; x_wconf 88' lang='lat' dir='ltr'><strong>et</strong></span> <span class='ocrx_word' id='word_1_131' title='bbox 1627 1297 1731 1339; x_wconf 88' lang='lat' dir='ltr'><strong>Crnq.</strong></span> 
     </span>
     <span class='ocr_line' id='line_1_18' title="bbox 279 1337 1732 1423; baseline 0.001 -13"><span class='ocrx_word' id='word_1_132' title='bbox 279 1337 815 1412; x_wconf 53' lang='lat'><strong>{2³33⁰⁶0¹.:2¹¹¹};„¹3{3¹¹‘32&#39;411‚.&#39;?5</strong></span> <span class='ocrx_word' id='word_1_133' title='bbox 827 1339 1222 1414; x_wconf 55' lang='lat' dir='ltr'><strong>⁸131‘35&#39;5&#39;3&#39;12m&#39;131&#39;1330i1‘</strong></span> <span class='ocrx_word' id='word_1_134' title='bbox 1236 1338 1732 1423; x_wconf 42' lang='lat' dir='ltr'><strong>*Biz‘zizffi‘c‘kssefflvts&#39;ffizr</strong></span> 
     </span>
    </p>

    <p class='ocr_par' dir='ltr' id='par_1_6' title="bbox 280 1400 1730 1465">
     <span class='ocr_line' id='line_1_19' title="bbox 390 1400 1729 1420; baseline 0.002 -9"><span class='ocrx_word' id='word_1_135' title='bbox 390 1403 397 1411; x_wconf 84' lang='lat' dir='ltr'><strong>s</strong></span> <span class='ocrx_word' id='word_1_136' title='bbox 502 1400 511 1409; x_wconf 72' lang='grc'><strong>”</strong></span> <span class='ocrx_word' id='word_1_137' title='bbox 651 1402 659 1410; x_wconf 75' lang='lat'>⁸</span> <span class='ocrx_word' id='word_1_138' title='bbox 809 1403 818 1412; x_wconf 66' lang='lat'>0</span> <span class='ocrx_word' id='word_1_139' title='bbox 935 1404 945 1420; x_wconf 80' lang='lat'>‚</span> <span class='ocrx_word' id='word_1_140' title='bbox 1048 1404 1056 1413; x_wconf 70' lang='grc'><strong>1</strong></span> <span class='ocrx_word' id='word_1_141' title='bbox 1220 1404 1228 1414; x_wconf 68' lang='lat' dir='ltr'>u</span> <span class='ocrx_word' id='word_1_142' title='bbox 1402 1403 1412 1413; x_wconf 74' lang='lat'>0</span> <span class='ocrx_word' id='word_1_143' title='bbox 1555 1404 1564 1414; x_wconf 65' lang='grc' dir='ltr'>Ο</span> <span class='ocrx_word' id='word_1_144' title='bbox 1721 1403 1729 1412; x_wconf 70' lang='lat'>⁸</span> 
     </span>
     <span class='ocr_line' id='line_1_20' title="bbox 280 1421 1730 1465; baseline 0.001 -12"><span class='ocrx_word' id='word_1_145' title='bbox 280 1421 425 1454; x_wconf 81' lang='lat' dir='ltr'><strong>Wetzel.</strong></span> <span class='ocrx_word' id='word_1_146' title='bbox 441 1428 478 1454; x_wconf 88' lang='lat' dir='ltr'><strong>et</strong></span> <span class='ocrx_word' id='word_1_147' title='bbox 494 1422 690 1455; x_wconf 84' lang='lat' dir='ltr'><strong>Kidd.—56</strong></span> <span class='ocrx_word' id='word_1_148' title='bbox 711 1423 805 1455; x_wconf 66' lang='lat' dir='ltr'><strong>Seres</strong></span> <span class='ocrx_word' id='word_1_149' title='bbox 819 1426 851 1455; x_wconf 80' lang='lat' dir='ltr'><strong>et</strong></span> <span class='ocrx_word' id='word_1_150' title='bbox 870 1423 964 1455; x_wconf 74' lang='lat' dir='ltr'><strong>ludos</strong></span> <span class='ocrx_word' id='word_1_151' title='bbox 979 1423 1080 1457; x_wconf 89' lang='lat' dir='ltr'><strong>Harl.</strong></span> <span class='ocrx_word' id='word_1_152' title='bbox 1094 1426 1213 1456; x_wconf 83' lang='grc'><strong>6.-57</strong></span> <span class='ocrx_word' id='word_1_153' title='bbox 1236 1424 1246 1441; x_wconf 92' lang='lat'>‘</span> <span class='ocrx_word' id='word_1_154' title='bbox 1261 1423 1435 1456; x_wconf 84' lang='lat' dir='ltr'><strong>Torrentii</strong></span> <span class='ocrx_word' id='word_1_155' title='bbox 1453 1429 1535 1465; x_wconf 85' lang='lat' dir='ltr'><strong>tres,</strong></span> <span class='ocrx_word' id='word_1_156' title='bbox 1549 1422 1730 1455; x_wconf 77' lang='lat' dir='ltr'><strong>Pulmanni</strong></span> 
     </span>
    </p>
   </div>
   <div class='ocr_carea' id='block_1_6' title="bbox 274 1569 1732 1911">
    <p class='ocr_par' dir='ltr' id='par_1_7' title="bbox 274 1569 1732 1911">
     <span class='ocr_line' id='line_1_21' title="bbox 320 1569 1732 1612; baseline 0.001 -11"><span class='ocrx_word' id='word_1_157' title='bbox 320 1573 364 1602; x_wconf 75' lang='lat'><strong>⁵0</strong></span> <span class='ocrx_word' id='word_1_158' title='bbox 388 1570 458 1601; x_wconf 78' lang='lat' dir='ltr'><strong>Tibi</strong></span> <span class='ocrx_word' id='word_1_159' title='bbox 485 1579 562 1602; x_wconf 73' lang='lat' dir='ltr'><strong>cara</strong></span> <span class='ocrx_word' id='word_1_160' title='bbox 593 1571 703 1611; x_wconf 74' lang='lat' dir='ltr'><strong>magni</strong></span> <span class='ocrx_word' id='word_1_161' title='bbox 733 1571 871 1603; x_wconf 76' lang='lat' dir='ltr'><strong>Gaesaris</strong></span> <span class='ocrx_word' id='word_1_162' title='bbox 891 1570 978 1609; x_wconf 77' lang='lat' dir='ltr'><strong>satis</strong></span> <span class='ocrx_word' id='word_1_163' title='bbox 1031 1576 1088 1602; x_wconf 87' lang='lat' dir='ltr'><strong>tur</strong></span> <span class='ocrx_word' id='word_1_164' title='bbox 1101 1570 1280 1610; x_wconf 78' lang='lat' dir='ltr'><strong>Horatius,</strong></span> <span class='ocrx_word' id='word_1_165' title='bbox 1290 1571 1388 1611; x_wconf 84' lang='lat' dir='ltr'><strong>justo</strong></span> <span class='ocrx_word' id='word_1_166' title='bbox 1406 1580 1465 1603; x_wconf 88' lang='lat' dir='ltr'><strong>eos</strong></span> <span class='ocrx_word' id='word_1_167' title='bbox 1481 1570 1655 1612; x_wconf 79' lang='lat' dir='ltr'><strong>triumpho</strong></span> <span class='ocrx_word' id='word_1_168' title='bbox 1671 1569 1732 1602; x_wconf 88' lang='lat' dir='ltr'><strong>sli-</strong></span> 
     </span>
     <span class='ocr_line' id='line_1_22' title="bbox 275 1619 1422 1662; baseline 0.002 -11"><span class='ocrx_word' id='word_1_169' title='bbox 275 1621 367 1661; x_wconf 77' lang='lat' dir='ltr'><strong>dsea]</strong></span> <span class='ocrx_word' id='word_1_170' title='bbox 387 1620 469 1652; x_wconf 87' lang='lat' dir='ltr'><strong>Duo</strong></span> <span class='ocrx_word' id='word_1_171' title='bbox 488 1629 612 1662; x_wconf 83' lang='lat' dir='ltr'><strong>nempe</strong></span> <span class='ocrx_word' id='word_1_172' title='bbox 634 1621 809 1653; x_wconf 82' lang='lat' dir='ltr'><strong>veteribus</strong></span> <span class='ocrx_word' id='word_1_173' title='bbox 833 1621 975 1654; x_wconf 85' lang='lat' dir='ltr'><strong>credita.</strong></span> <span class='ocrx_word' id='word_1_174' title='bbox 1031 1621 1166 1662; x_wconf 72' lang='lat' dir='ltr'><strong>quando</strong></span> <span class='ocrx_word' id='word_1_175' title='bbox 1183 1619 1422 1661; x_wconf 78' lang='lat' dir='ltr'><strong>profligandos.</strong></span> 
     </span>
     <span class='ocr_line' id='line_1_23' title="bbox 276 1669 1730 1712; baseline 0.001 -12"><span class='ocrx_word' id='word_1_176' title='bbox 276 1669 444 1710; x_wconf 84' lang='lat' dir='ltr'><strong>Primum,</strong></span> <span class='ocrx_word' id='word_1_177' title='bbox 466 1669 595 1710; x_wconf 86' lang='lat' dir='ltr'><strong>Reges,</strong></span> <span class='ocrx_word' id='word_1_178' title='bbox 615 1670 858 1712; x_wconf 74' lang='lat' dir='ltr'><strong>Imperatores,</strong></span> <span class='ocrx_word' id='word_1_179' title='bbox 876 1670 976 1703; x_wconf 89' lang='lat' dir='ltr'><strong>Prin·</strong></span> <span class='ocrx_word' id='word_1_180' title='bbox 1072 1674 1113 1702; x_wconf 80' lang='lat'><strong>6⁵</strong></span> <span class='ocrx_word' id='word_1_181' title='bbox 1135 1669 1211 1702; x_wconf 73' lang='lat' dir='ltr'><strong>Sive</strong></span> <span class='ocrx_word' id='word_1_182' title='bbox 1231 1670 1381 1710; x_wconf 70' lang='lat' dir='ltr'><strong>sulv&#39;ectoe</strong></span> <span class='ocrx_word' id='word_1_183' title='bbox 1396 1671 1615 1703; x_wconf 69' lang='lat' dir='ltr'><strong>Orientisorae</strong></span> <span class='ocrx_word' id='word_1_184' title='bbox 1634 1669 1730 1702; x_wconf 73' lang='lat' dir='ltr'><strong>Sem</strong></span> 
     </span>
     <span class='ocr_line' id='line_1_24' title="bbox 275 1718 1729 1760; baseline 0 -9"><span class='ocrx_word' id='word_1_185' title='bbox 275 1718 372 1760; x_wconf 86' lang='lat' dir='ltr'><strong>cipes</strong></span> <span class='ocrx_word' id='word_1_186' title='bbox 386 1720 421 1752; x_wconf 87' lang='lat' dir='ltr'><strong>iu</strong></span> <span class='ocrx_word' id='word_1_187' title='bbox 445 1721 558 1752; x_wconf 88' lang='lat' dir='ltr'><strong>tutela</strong></span> <span class='ocrx_word' id='word_1_188' title='bbox 580 1730 655 1753; x_wconf 84' lang='lat' dir='ltr'><strong>esse</strong></span> <span class='ocrx_word' id='word_1_189' title='bbox 677 1721 796 1754; x_wconf 81' lang='lat' dir='ltr'><strong>Jovis:</strong></span> <span class='ocrx_word' id='word_1_190' title='bbox 819 1722 976 1759; x_wconf 85' lang='lat' dir='ltr'><strong>alterum,</strong></span> <span class='ocrx_word' id='word_1_191' title='bbox 1030 1723 1062 1752; x_wconf 82' lang='lat' dir='ltr'><strong>et</strong></span> <span class='ocrx_word' id='word_1_192' title='bbox 1086 1719 1196 1760; x_wconf 81' lang='lat' dir='ltr'><strong>Indos]</strong></span> <span class='ocrx_word' id='word_1_193' title='bbox 1218 1721 1296 1752; x_wconf 83' lang='lat' dir='ltr'><strong>Sive</strong></span> <span class='ocrx_word' id='word_1_194' title='bbox 1322 1720 1381 1752; x_wconf 87' lang='lat' dir='ltr'><strong>ille</strong></span> <span class='ocrx_word' id='word_1_195' title='bbox 1403 1719 1648 1752; x_wconf 78' lang='lat' dir='ltr'><strong>remotissimas</strong></span> <span class='ocrx_word' id='word_1_196' title='bbox 1671 1728 1729 1750; x_wconf 78' lang='grc' dir='ltr'><strong>ιι-</strong></span> 
     </span>
     <span class='ocr_line' id='line_1_25' title="bbox 275 1768 1731 1811; baseline 0 -11"><span class='ocrx_word' id='word_1_197' title='bbox 275 1768 351 1801; x_wconf 82' lang='lat' dir='ltr'><strong>fato</strong></span> <span class='ocrx_word' id='word_1_198' title='bbox 378 1770 428 1802; x_wconf 86' lang='lat' dir='ltr'><strong>sic</strong></span> <span class='ocrx_word' id='word_1_199' title='bbox 458 1771 571 1803; x_wconf 82' lang='lat' dir='ltr'><strong>omnia</strong></span> <span class='ocrx_word' id='word_1_200' title='bbox 599 1771 753 1811; x_wconf 85' lang='lat' dir='ltr'><strong>decerni,</strong></span> <span class='ocrx_word' id='word_1_201' title='bbox 781 1772 977 1811; x_wconf 73' lang='lat' dir='ltr'><strong>gubernari,</strong></span> <span class='ocrx_word' id='word_1_202' title='bbox 1031 1769 1142 1802; x_wconf 85' lang='lat' dir='ltr'><strong>tiones</strong></span> <span class='ocrx_word' id='word_1_203' title='bbox 1168 1770 1355 1810; x_wconf 72' lang='lat' dir='ltr'><strong>subegerit,</strong></span> <span class='ocrx_word' id='word_1_204' title='bbox 1378 1769 1432 1801; x_wconf 86' lang='lat' dir='ltr'><strong>vel</strong></span> <span class='ocrx_word' id='word_1_205' title='bbox 1456 1768 1565 1809; x_wconf 78' lang='lat' dir='ltr'><strong>Seras,</strong></span> <span class='ocrx_word' id='word_1_206' title='bbox 1593 1769 1648 1801; x_wconf 81' lang='lat' dir='ltr'><strong>vel</strong></span> <span class='ocrx_word' id='word_1_207' title='bbox 1673 1768 1731 1800; x_wconf 72' lang='lat' dir='ltr'><strong>In—</strong></span> 
     </span>
     <span class='ocr_line' id='line_1_26' title="bbox 275 1817 1730 1864; baseline 0 -13"><span class='ocrx_word' id='word_1_208' title='bbox 275 1821 429 1861; x_wconf 85' lang='lat' dir='ltr'><strong>subesse,</strong></span> <span class='ocrx_word' id='word_1_209' title='bbox 443 1827 482 1854; x_wconf 89' lang='lat' dir='ltr'><strong>ut</strong></span> <span class='ocrx_word' id='word_1_210' title='bbox 505 1822 571 1864; x_wconf 86' lang='lat' dir='ltr'><strong>ipsi</strong></span> <span class='ocrx_word' id='word_1_211' title='bbox 598 1823 660 1854; x_wconf 86' lang='lat' dir='ltr'><strong>Dii</strong></span> <span class='ocrx_word' id='word_1_212' title='bbox 686 1822 749 1855; x_wconf 81' lang='lat' dir='ltr'><strong>fati</strong></span> <span class='ocrx_word' id='word_1_213' title='bbox 775 1822 908 1864; x_wconf 82' lang='lat' dir='ltr'><strong>legibus</strong></span> <span class='ocrx_word' id='word_1_214' title='bbox 924 1827 977 1855; x_wconf 83' lang='lat' dir='ltr'><strong>te.</strong></span> <span class='ocrx_word' id='word_1_215' title='bbox 1027 1820 1095 1860; x_wconf 78' lang='lat' dir='ltr'><strong>dos,</strong></span> <span class='ocrx_word' id='word_1_216' title='bbox 1108 1819 1153 1851; x_wconf 88' lang='lat' dir='ltr'><strong>de</strong></span> <span class='ocrx_word' id='word_1_217' title='bbox 1166 1819 1304 1860; x_wconf 83' lang='lat' dir='ltr'><strong>quibus,</strong></span> <span class='ocrx_word' id='word_1_218' title='bbox 1319 1823 1409 1852; x_wconf 81' lang='lat' dir='ltr'><strong>teste</strong></span> <span class='ocrx_word' id='word_1_219' title='bbox 1423 1818 1582 1852; x_wconf 77' lang='lat' dir='ltr'><strong>Diodoro</strong></span> <span class='ocrx_word' id='word_1_220' title='bbox 1600 1817 1730 1859; x_wconf 66' lang='lat' dir='ltr'><strong>Simia,</strong></span> 
     </span>
     <span class='ocr_line' id='line_1_27' title="bbox 274 1870 1539 1911; baseline 0.001 -10"><span class='ocrx_word' id='word_1_221' title='bbox 274 1875 450 1904; x_wconf 86' lang='lat' dir='ltr'><strong>nerentur.</strong></span> <span class='ocrx_word' id='word_1_222' title='bbox 1028 1871 1119 1902; x_wconf 82' lang='lat' dir='ltr'><strong>solus</strong></span> <span class='ocrx_word' id='word_1_223' title='bbox 1134 1870 1356 1911; x_wconf 78' lang='lat' dir='ltr'><strong>triumphavit</strong></span> <span class='ocrx_word' id='word_1_224' title='bbox 1368 1870 1539 1902; x_wconf 77' lang='lat' dir='ltr'><strong>Bacchus·</strong></span> 
     </span>
    </p>
   </div>
   <div class='ocr_carea' id='block_1_7' title="bbox 271 1920 976 2855">
    <p class='ocr_par' dir='ltr' id='par_1_8' title="bbox 274 1920 976 2106">
     <span class='ocr_line' id='line_1_28' title="bbox 317 1920 976 1963; baseline 0.006 -13"><span class='ocrx_word' id='word_1_225' title='bbox 317 1923 358 1950; x_wconf 81' lang='lat'><strong>61</strong></span> <span class='ocrx_word' id='word_1_226' title='bbox 388 1920 435 1951; x_wconf 80' lang='lat' dir='ltr'><strong>Tu</strong></span> <span class='ocrx_word' id='word_1_227' title='bbox 457 1922 589 1952; x_wconf 73' lang='lat' dir='ltr'><strong>secundo</strong></span> <span class='ocrx_word' id='word_1_228' title='bbox 613 1923 739 1953; x_wconf 81' lang='lat' dir='ltr'><strong>Coesare</strong></span> <span class='ocrx_word' id='word_1_229' title='bbox 761 1922 889 1963; x_wconf 76' lang='lat' dir='ltr'><strong>regnes]</strong></span> <span class='ocrx_word' id='word_1_230' title='bbox 924 1923 976 1954; x_wconf 85' lang='lat' dir='ltr'><strong>Tu</strong></span> 
     </span>
     <span class='ocr_line' id='line_1_29' title="bbox 274 1967 975 2008; baseline 0.007 -10"><span class='ocrx_word' id='word_1_231' title='bbox 274 1967 414 2008; x_wconf 86' lang='lat' dir='ltr'><strong>quidem</strong></span> <span class='ocrx_word' id='word_1_232' title='bbox 426 1968 475 1999; x_wconf 85' lang='lat' dir='ltr'><strong>ita</strong></span> <span class='ocrx_word' id='word_1_233' title='bbox 488 1978 683 2008; x_wconf 88' lang='lat' dir='ltr'><strong>supremum</strong></span> <span class='ocrx_word' id='word_1_234' title='bbox 698 1979 810 2002; x_wconf 86' lang='lat' dir='ltr'><strong>rerum</strong></span> <span class='ocrx_word' id='word_1_235' title='bbox 827 1971 975 2003; x_wconf 86' lang='lat' dir='ltr'><strong>omnium</strong></span> 
     </span>
     <span class='ocr_line' id='line_1_30' title="bbox 274 2016 975 2058; baseline 0.006 -11"><span class='ocrx_word' id='word_1_236' title='bbox 274 2016 460 2048; x_wconf 83' lang='lat' dir='ltr'><strong>dominium</strong></span> <span class='ocrx_word' id='word_1_237' title='bbox 491 2017 593 2057; x_wconf 87' lang='lat' dir='ltr'><strong>habe,</strong></span> <span class='ocrx_word' id='word_1_238' title='bbox 618 2027 639 2048; x_wconf 88' lang='lat' dir='ltr'><strong>o</strong></span> <span class='ocrx_word' id='word_1_239' title='bbox 658 2018 812 2058; x_wconf 86' lang='lat' dir='ltr'><strong>Jupiter,</strong></span> <span class='ocrx_word' id='word_1_240' title='bbox 836 2024 876 2050; x_wconf 82' lang='lat' dir='ltr'><strong>ut</strong></span> <span class='ocrx_word' id='word_1_241' title='bbox 903 2018 975 2050; x_wconf 81' lang='lat' dir='ltr'><strong>Au-</strong></span> 
     </span>
     <span class='ocr_line' id='line_1_31' title="bbox 275 2066 733 2106; baseline -0.002 -8"><span class='ocrx_word' id='word_1_242' title='bbox 275 2070 393 2106; x_wconf 74' lang='lat' dir='ltr'><strong>gustus</strong></span> <span class='ocrx_word' id='word_1_243' title='bbox 405 2067 451 2097; x_wconf 87' lang='lat' dir='ltr'><strong>sit</strong></span> <span class='ocrx_word' id='word_1_244' title='bbox 466 2075 485 2096; x_wconf 84' lang='lat' dir='ltr'><strong>a</strong></span> <span class='ocrx_word' id='word_1_245' title='bbox 502 2071 536 2097; x_wconf 91' lang='lat' dir='ltr'><strong>te</strong></span> <span class='ocrx_word' id='word_1_246' title='bbox 551 2066 733 2097; x_wconf 86' lang='lat' dir='ltr'><strong>secundus.</strong></span> 
     </span>
    </p>

    <p class='ocr_par' dir='ltr' id='par_1_9' title="bbox 271 2113 975 2855">
     <span class='ocr_line' id='line_1_32' title="bbox 316 2113 972 2155; baseline -0.003 -8"><span class='ocrx_word' id='word_1_247' title='bbox 316 2118 359 2147; x_wconf 73' lang='lat'><strong>5³</strong></span> <span class='ocrx_word' id='word_1_248' title='bbox 382 2115 454 2152; x_wconf 80' lang='lat' dir='ltr'><strong>lue,</strong></span> <span class='ocrx_word' id='word_1_249' title='bbox 478 2125 533 2147; x_wconf 77' lang='lat' dir='ltr'><strong>seu</strong></span> <span class='ocrx_word' id='word_1_250' title='bbox 555 2115 706 2151; x_wconf 64' lang='lat' dir='ltr'><strong>Parthos,</strong></span> <span class='ocrx_word' id='word_1_251' title='bbox 732 2113 803 2155; x_wconf 57' lang='grc' dir='ltr'><strong>ξω]</strong></span> <span class='ocrx_word' id='word_1_252' title='bbox 829 2115 972 2146; x_wconf 86' lang='lat' dir='ltr'><strong>Sueton.</strong></span> 
     </span>
     <span class='ocr_line' id='line_1_33' title="bbox 276 2164 975 2206; baseline -0.003 -8"><span class='ocrx_word' id='word_1_253' title='bbox 276 2164 424 2206; x_wconf 78' lang='lat' dir='ltr'><strong>August.</strong></span> <span class='ocrx_word' id='word_1_254' title='bbox 446 2175 525 2206; x_wconf 83' lang='lat' dir='ltr'><strong>cap.</strong></span> <span class='ocrx_word' id='word_1_255' title='bbox 538 2168 592 2197; x_wconf 80' lang='grc'><strong>21.</strong></span> <span class='ocrx_word' id='word_1_256' title='bbox 616 2166 625 2183; x_wconf 89' lang='lat'><em>‘</em></span> <span class='ocrx_word' id='word_1_257' title='bbox 644 2165 764 2196; x_wconf 82' lang='lat' dir='ltr'><strong>Parthi</strong></span> <span class='ocrx_word' id='word_1_258' title='bbox 780 2174 914 2206; x_wconf 90' lang='lat' dir='ltr'><strong>quoque</strong></span> <span class='ocrx_word' id='word_1_259' title='bbox 939 2169 975 2196; x_wconf 84' lang='lat' dir='ltr'><strong>et</strong></span> 
     </span>
     <span class='ocr_line' id='line_1_34' title="bbox 274 2209 974 2249; baseline -0.004 0"><span class='ocrx_word' id='word_1_260' title='bbox 274 2209 471 2249; x_wconf 73' lang='lat' dir='ltr'><strong>Armeniam</strong></span> <span class='ocrx_word' id='word_1_261' title='bbox 508 2215 695 2248; x_wconf 75' lang='lat' dir='ltr'><strong>vindicanti</strong></span> <span class='ocrx_word' id='word_1_262' title='bbox 723 2214 827 2247; x_wconf 82' lang='lat' dir='ltr'><strong>facile</strong></span> <span class='ocrx_word' id='word_1_263' title='bbox 861 2225 974 2247; x_wconf 80' lang='lat' dir='ltr'><strong>cesse-</strong></span> 
     </span>
     <span class='ocr_line' id='line_1_35' title="bbox 273 2265 973 2307; baseline 0 -10"><span class='ocrx_word' id='word_1_264' title='bbox 273 2270 374 2298; x_wconf 84' lang='lat' dir='ltr'><strong>runt:</strong></span> <span class='ocrx_word' id='word_1_265' title='bbox 408 2271 446 2298; x_wconf 82' lang='lat' dir='ltr'><strong>et</strong></span> <span class='ocrx_word' id='word_1_266' title='bbox 475 2265 570 2306; x_wconf 82' lang='lat' dir='ltr'><strong>signa</strong></span> <span class='ocrx_word' id='word_1_267' title='bbox 599 2265 774 2306; x_wconf 85' lang='lat' dir='ltr'><strong>militaria,</strong></span> <span class='ocrx_word' id='word_1_268' title='bbox 808 2274 885 2307; x_wconf 84' lang='lat' dir='ltr'><strong>quae</strong></span> <span class='ocrx_word' id='word_1_269' title='bbox 921 2265 973 2297; x_wconf 88' lang='lat' dir='ltr'><strong>M.</strong></span> 
     </span>
     <span class='ocr_line' id='line_1_36' title="bbox 274 2314 974 2356; baseline -0.001 -9"><span class='ocrx_word' id='word_1_270' title='bbox 274 2315 399 2347; x_wconf 75' lang='lat' dir='ltr'><strong>emm</strong></span> <span class='ocrx_word' id='word_1_271' title='bbox 414 2319 450 2347; x_wconf 83' lang='lat' dir='ltr'><strong>et</strong></span> <span class='ocrx_word' id='word_1_272' title='bbox 463 2316 513 2348; x_wconf 85' lang='lat' dir='ltr'><strong>M.</strong></span> <span class='ocrx_word' id='word_1_273' title='bbox 529 2314 679 2356; x_wconf 74' lang='lat' dir='ltr'><strong>Antonio</strong></span> <span class='ocrx_word' id='word_1_274' title='bbox 694 2315 904 2353; x_wconf 68' lang='lat' dir='ltr'><strong>ademerant,</strong></span> <span class='ocrx_word' id='word_1_275' title='bbox 921 2325 974 2347; x_wconf 90' lang='lat' dir='ltr'><strong>re-</strong></span> 
     </span>
     <span class='ocr_line' id='line_1_37' title="bbox 274 2365 975 2406; baseline 0 -10"><span class='ocrx_word' id='word_1_276' title='bbox 274 2366 434 2406; x_wconf 85' lang='lat' dir='ltr'><strong>poscenti</strong></span> <span class='ocrx_word' id='word_1_277' title='bbox 448 2365 684 2403; x_wconf 79' lang='lat' dir='ltr'><strong>reddiderunt,</strong></span> <span class='ocrx_word' id='word_1_278' title='bbox 706 2365 911 2406; x_wconf 83' lang='lat' dir='ltr'><strong>obsidesque</strong></span> <span class='ocrx_word' id='word_1_279' title='bbox 926 2365 975 2396; x_wconf 91' lang='lat' dir='ltr'><strong>in-</strong></span> 
     </span>
     <span class='ocr_line' id='line_1_38' title="bbox 274 2415 972 2457; baseline 0 -10"><span class='ocrx_word' id='word_1_280' title='bbox 274 2425 380 2456; x_wconf 82' lang='lat' dir='ltr'><strong>super</strong></span> <span class='ocrx_word' id='word_1_281' title='bbox 404 2415 625 2455; x_wconf 77' lang='lat' dir='ltr'><strong>obtulerunt3</strong></span> <span class='ocrx_word' id='word_1_282' title='bbox 646 2415 796 2457; x_wconf 74' lang='lat' dir='ltr'><strong>deniqne</strong></span> <span class='ocrx_word' id='word_1_283' title='bbox 816 2415 972 2456; x_wconf 86' lang='lat' dir='ltr'><strong>pluribus</strong></span> 
     </span>
     <span class='ocr_line' id='line_1_39' title="bbox 273 2465 972 2507; baseline -0.001 -9"><span class='ocrx_word' id='word_1_284' title='bbox 273 2465 442 2507; x_wconf 82' lang='lat' dir='ltr'><strong>quondam</strong></span> <span class='ocrx_word' id='word_1_285' title='bbox 477 2466 521 2498; x_wconf 87' lang='lat' dir='ltr'><strong>de</strong></span> <span class='ocrx_word' id='word_1_286' title='bbox 551 2475 657 2507; x_wconf 77' lang='lat' dir='ltr'><strong>regno</strong></span> <span class='ocrx_word' id='word_1_287' title='bbox 682 2466 972 2506; x_wconf 79' lang='lat' dir='ltr'><strong>concertantibus,</strong></span> 
     </span>
     <span class='ocr_line' id='line_1_40' title="bbox 273 2516 973 2557; baseline -0.001 -10"><span class='ocrx_word' id='word_1_288' title='bbox 273 2516 408 2548; x_wconf 86' lang='lat' dir='ltr'><strong>nonnisi</strong></span> <span class='ocrx_word' id='word_1_289' title='bbox 422 2516 465 2548; x_wconf 86' lang='lat' dir='ltr'><strong>ab</strong></span> <span class='ocrx_word' id='word_1_290' title='bbox 475 2516 551 2557; x_wconf 89' lang='lat' dir='ltr'><strong>ipso</strong></span> <span class='ocrx_word' id='word_1_291' title='bbox 566 2516 713 2548; x_wconf 86' lang='lat' dir='ltr'><strong>electum</strong></span> <span class='ocrx_word' id='word_1_292' title='bbox 729 2516 973 2557; x_wconf 84' lang='lat' dir='ltr'><strong>comprobave-</strong></span> 
     </span>
     <span class='ocr_line' id='line_1_41' title="bbox 274 2565 974 2599; baseline 0 -2"><span class='ocrx_word' id='word_1_293' title='bbox 274 2566 378 2598; x_wconf 87' lang='lat' dir='ltr'><strong>runt.’</strong></span> <span class='ocrx_word' id='word_1_294' title='bbox 422 2567 514 2598; x_wconf 87' lang='lat' dir='ltr'><strong>Vide</strong></span> <span class='ocrx_word' id='word_1_295' title='bbox 543 2571 581 2599; x_wconf 89' lang='lat' dir='ltr'><strong>et</strong></span> <span class='ocrx_word' id='word_1_296' title='bbox 601 2565 690 2598; x_wconf 79' lang='lat' dir='ltr'><strong>infra</strong></span> <span class='ocrx_word' id='word_1_297' title='bbox 713 2565 781 2597; x_wconf 82' lang='lat' dir='ltr'><strong>Od.</strong></span> <span class='ocrx_word' id='word_1_298' title='bbox 811 2574 892 2597; x_wconf 75' lang='lat' dir='ltr'><strong>xxx.</strong></span> <span class='ocrx_word' id='word_1_299' title='bbox 921 2567 974 2597; x_wconf 76' lang='lat'><strong>12.</strong></span> 
     </span>
     <span class='ocr_line' id='line_1_42' title="bbox 273 2615 975 2656; baseline 0 -9"><span class='ocrx_word' id='word_1_300' title='bbox 273 2615 359 2647; x_wconf 82' lang='lat' dir='ltr'><strong>Not.</strong></span> <span class='ocrx_word' id='word_1_301' title='bbox 405 2616 575 2650; x_wconf 80' lang='lat' dir='ltr'><strong>Quoniam</strong></span> <span class='ocrx_word' id='word_1_302' title='bbox 592 2625 675 2648; x_wconf 86' lang='lat' dir='ltr'><strong>vero</strong></span> <span class='ocrx_word' id='word_1_303' title='bbox 697 2616 857 2656; x_wconf 81' lang='lat' dir='ltr'><strong>Parthos,</strong></span> <span class='ocrx_word' id='word_1_304' title='bbox 871 2620 975 2647; x_wconf 81' lang='lat' dir='ltr'><strong>antea</strong></span> 
     </span>
     <span class='ocr_line' id='line_1_43' title="bbox 271 2664 975 2706; baseline 0.001 -11"><span class='ocrx_word' id='word_1_305' title='bbox 271 2664 424 2695; x_wconf 79' lang='lat' dir='ltr'><strong>victoriis</strong></span> <span class='ocrx_word' id='word_1_306' title='bbox 452 2665 596 2701; x_wconf 68' lang='lat' dir='ltr'><strong>feroces,</strong></span> <span class='ocrx_word' id='word_1_307' title='bbox 621 2664 850 2706; x_wconf 71' lang='lat' dir='ltr'><strong>Romanisque</strong></span> <span class='ocrx_word' id='word_1_308' title='bbox 872 2666 975 2696; x_wconf 86' lang='lat' dir='ltr'><strong>etiam</strong></span> 
     </span>
     <span class='ocr_line' id='line_1_44' title="bbox 272 2713 975 2755; baseline 0 -9"><span class='ocrx_word' id='word_1_309' title='bbox 272 2713 458 2753; x_wconf 79' lang='lat' dir='ltr'><strong>terribiles,</strong></span> <span class='ocrx_word' id='word_1_310' title='bbox 466 2715 539 2755; x_wconf 88' lang='lat' dir='ltr'><strong>jam</strong></span> <span class='ocrx_word' id='word_1_311' title='bbox 565 2724 607 2747; x_wconf 89' lang='lat' dir='ltr'><strong>eo</strong></span> <span class='ocrx_word' id='word_1_312' title='bbox 622 2715 816 2747; x_wconf 79' lang='lat' dir='ltr'><strong>deduxerat</strong></span> <span class='ocrx_word' id='word_1_313' title='bbox 828 2714 975 2755; x_wconf 79' lang='lat' dir='ltr'><strong>Augusti</strong></span> 
     </span>
     <span class='ocr_line' id='line_1_45' title="bbox 271 2762 975 2801; baseline 0 -6"><span class='ocrx_word' id='word_1_314' title='bbox 271 2762 376 2801; x_wconf 76' lang='lat' dir='ltr'><strong>sama,</strong></span> <span class='ocrx_word' id='word_1_315' title='bbox 388 2768 427 2795; x_wconf 93' lang='lat' dir='ltr'><strong>ut</strong></span> <span class='ocrx_word' id='word_1_316' title='bbox 438 2765 530 2796; x_wconf 87' lang='lat' dir='ltr'><strong>ultro</strong></span> <span class='ocrx_word' id='word_1_317' title='bbox 546 2764 664 2796; x_wconf 85' lang='lat' dir='ltr'><strong>virtuti</strong></span> <span class='ocrx_word' id='word_1_318' title='bbox 680 2765 843 2797; x_wconf 65' lang='lat' dir='ltr'><strong>Romana</strong></span> <span class='ocrx_word' id='word_1_319' title='bbox 857 2763 975 2796; x_wconf 80' lang='lat' dir='ltr'><strong>obser-</strong></span> 
     </span>
     <span class='ocr_line' id='line_1_46' title="bbox 274 2812 973 2855; baseline 0.001 -10"><span class='ocrx_word' id='word_1_320' title='bbox 274 2813 425 2846; x_wconf 87' lang='lat' dir='ltr'><strong>vantiam</strong></span> <span class='ocrx_word' id='word_1_321' title='bbox 441 2812 628 2855; x_wconf 81' lang='lat' dir='ltr'><strong>deferrent,</strong></span> <span class='ocrx_word' id='word_1_322' title='bbox 642 2813 723 2848; x_wconf 86' lang='lat' dir='ltr'><strong>hinc</strong></span> <span class='ocrx_word' id='word_1_323' title='bbox 745 2813 833 2847; x_wconf 85' lang='lat' dir='ltr'><strong>bene</strong></span> <span class='ocrx_word' id='word_1_324' title='bbox 847 2814 973 2848; x_wconf 82' lang='lat' dir='ltr'><strong>omina-</strong></span> 
     </span>
    </p>
   </div>
   <div class='ocr_carea' id='block_1_8' title="bbox 1023 1919 1730 2854">
    <p class='ocr_par' dir='ltr' id='par_1_10' title="bbox 1023 1919 1730 2854">
     <span class='ocr_line' id='line_1_47' title="bbox 1071 1919 1730 1961; baseline -0.002 -9"><span class='ocrx_word' id='word_1_325' title='bbox 1071 1923 1114 1953; x_wconf 80' lang='lat'><strong>56</strong></span> <span class='ocrx_word' id='word_1_326' title='bbox 1137 1919 1251 1961; x_wconf 80' lang='lat' dir='ltr'><strong>Seras]</strong></span> <span class='ocrx_word' id='word_1_327' title='bbox 1281 1920 1382 1952; x_wconf 81' lang='lat' dir='ltr'><strong>Seres</strong></span> <span class='ocrx_word' id='word_1_328' title='bbox 1405 1919 1577 1952; x_wconf 84' lang='lat' dir='ltr'><strong>interioris</strong></span> <span class='ocrx_word' id='word_1_329' title='bbox 1603 1919 1730 1952; x_wconf 73' lang='lat' dir='ltr'><strong>AEtffio·</strong></span> 
     </span>
     <span class='ocr_line' id='line_1_48' title="bbox 1030 1968 1730 2012; baseline -0.001 -10"><span class='ocrx_word' id='word_1_330' title='bbox 1030 1971 1096 2012; x_wconf 81' lang='lat' dir='ltr'><strong>piae</strong></span> <span class='ocrx_word' id='word_1_331' title='bbox 1112 1974 1193 2002; x_wconf 86' lang='lat' dir='ltr'><strong>sunt</strong></span> <span class='ocrx_word' id='word_1_332' title='bbox 1208 1969 1344 2011; x_wconf 86' lang='lat' dir='ltr'><strong>populi:</strong></span> <span class='ocrx_word' id='word_1_333' title='bbox 1367 1973 1449 2001; x_wconf 87' lang='lat' dir='ltr'><strong>sunt</strong></span> <span class='ocrx_word' id='word_1_334' title='bbox 1462 1968 1566 2001; x_wconf 77' lang='lat' dir='ltr'><strong>etim</strong></span> <span class='ocrx_word' id='word_1_335' title='bbox 1580 1977 1624 2000; x_wconf 85' lang='lat' dir='ltr'><strong>ex</strong></span> <span class='ocrx_word' id='word_1_336' title='bbox 1639 1969 1730 2001; x_wconf 78' lang='lat' dir='ltr'><strong>Oro-</strong></span> 
     </span>
     <span class='ocr_line' id='line_1_49' title="bbox 1029 2019 1729 2052; baseline 0.003 -2"><span class='ocrx_word' id='word_1_337' title='bbox 1029 2020 1078 2050; x_wconf 88' lang='lat' dir='ltr'><strong>sio</strong></span> <span class='ocrx_word' id='word_1_338' title='bbox 1094 2020 1263 2051; x_wconf 85' lang='lat' dir='ltr'><strong>citerioris</strong></span> <span class='ocrx_word' id='word_1_339' title='bbox 1290 2019 1421 2051; x_wconf 68' lang='lat' dir='ltr'><strong>ludim</strong></span> <span class='ocrx_word' id='word_1_340' title='bbox 1443 2023 1526 2052; x_wconf 82' lang='lat' dir='ltr'><strong>sunt</strong></span> <span class='ocrx_word' id='word_1_341' title='bbox 1545 2023 1583 2052; x_wconf 84' lang='lat' dir='ltr'><strong>et</strong></span> <span class='ocrx_word' id='word_1_342' title='bbox 1605 2019 1664 2052; x_wconf 77' lang='lat' dir='ltr'><strong>alii</strong></span> <span class='ocrx_word' id='word_1_343' title='bbox 1685 2019 1729 2052; x_wconf 74' lang='lat' dir='ltr'><strong>sd</strong></span> 
     </span>
     <span class='ocr_line' id='line_1_50' title="bbox 1029 2068 1729 2110; baseline 0.004 -12"><span class='ocrx_word' id='word_1_344' title='bbox 1029 2072 1142 2099; x_wconf 87' lang='lat' dir='ltr'><strong>ortum</strong></span> <span class='ocrx_word' id='word_1_345' title='bbox 1159 2068 1306 2099; x_wconf 81' lang='lat' dir='ltr'><strong>extremi</strong></span> <span class='ocrx_word' id='word_1_346' title='bbox 1331 2068 1423 2099; x_wconf 78' lang='lat' dir='ltr'><strong>ultra</strong></span> <span class='ocrx_word' id='word_1_347' title='bbox 1447 2068 1560 2108; x_wconf 80' lang='lat' dir='ltr'><strong>Sinas,</strong></span> <span class='ocrx_word' id='word_1_348' title='bbox 1585 2078 1729 2110; x_wconf 81' lang='lat' dir='ltr'><strong>qnorum</strong></span> 
     </span>
     <span class='ocr_line' id='line_1_51' title="bbox 1026 2116 1730 2159; baseline 0.003 -12"><span class='ocrx_word' id='word_1_349' title='bbox 1026 2116 1122 2157; x_wconf 83' lang='lat' dir='ltr'><strong>regio</strong></span> <span class='ocrx_word' id='word_1_350' title='bbox 1136 2116 1268 2155; x_wconf 87' lang='lat' dir='ltr'><strong>Serica,</strong></span> <span class='ocrx_word' id='word_1_351' title='bbox 1282 2125 1373 2147; x_wconf 86' lang='lat' dir='ltr'><strong>nune</strong></span> <span class='ocrx_word' id='word_1_352' title='bbox 1388 2117 1504 2157; x_wconf 63' lang='lat' dir='ltr'><strong>Gany,</strong></span> <span class='ocrx_word' id='word_1_353' title='bbox 1525 2117 1730 2159; x_wconf 84' lang='lat' dir='ltr'><strong>Metropolis</strong></span> 
     </span>
     <span class='ocr_line' id='line_1_52' title="bbox 1024 2165 1727 2206; baseline 0.004 -10"><span class='ocrx_word' id='word_1_354' title='bbox 1024 2171 1140 2197; x_wconf 84' lang='lat' dir='ltr'><strong>autem</strong></span> <span class='ocrx_word' id='word_1_355' title='bbox 1167 2165 1264 2204; x_wconf 86' lang='lat' dir='ltr'><strong>Sera,</strong></span> <span class='ocrx_word' id='word_1_356' title='bbox 1293 2165 1401 2197; x_wconf 86' lang='lat' dir='ltr'><strong>serico</strong></span> <span class='ocrx_word' id='word_1_357' title='bbox 1423 2174 1530 2206; x_wconf 87' lang='lat' dir='ltr'><strong>opere</strong></span> <span class='ocrx_word' id='word_1_358' title='bbox 1550 2166 1727 2200; x_wconf 81' lang='lat' dir='ltr'><strong>celebres:</strong></span> 
     </span>
     <span class='ocr_line' id='line_1_53' title="bbox 1027 2215 1728 2257; baseline 0.001 -10"><span class='ocrx_word' id='word_1_359' title='bbox 1027 2215 1072 2247; x_wconf 88' lang='lat' dir='ltr'><strong>de</strong></span> <span class='ocrx_word' id='word_1_360' title='bbox 1099 2216 1222 2257; x_wconf 86' lang='lat' dir='ltr'><strong>quibus</strong></span> <span class='ocrx_word' id='word_1_361' title='bbox 1250 2215 1385 2256; x_wconf 81' lang='lat' dir='ltr'><strong>Strabo,</strong></span> <span class='ocrx_word' id='word_1_362' title='bbox 1414 2215 1564 2247; x_wconf 85' lang='lat' dir='ltr'><strong>Ptolem.</strong></span> <span class='ocrx_word' id='word_1_363' title='bbox 1595 2216 1728 2250; x_wconf 76' lang='lat' dir='ltr'><strong>Fer-rar.</strong></span> 
     </span>
     <span class='ocr_line' id='line_1_54' title="bbox 1027 2265 1728 2300; baseline 0.003 -2"><span class='ocrx_word' id='word_1_364' title='bbox 1027 2268 1093 2298; x_wconf 83' lang='lat' dir='ltr'><strong>&amp;c.</strong></span> <span class='ocrx_word' id='word_1_365' title='bbox 1120 2267 1211 2298; x_wconf 90' lang='lat' dir='ltr'><strong>Plin.</strong></span> <span class='ocrx_word' id='word_1_366' title='bbox 1227 2276 1276 2300; x_wconf 84' lang='grc' dir='ltr'><strong>νι.</strong></span> <span class='ocrx_word' id='word_1_367' title='bbox 1291 2269 1344 2299; x_wconf 87' lang='grc'><strong>17.</strong></span> <span class='ocrx_word' id='word_1_368' title='bbox 1379 2267 1390 2284; x_wconf 88' lang='lat'>‘</span> <span class='ocrx_word' id='word_1_369' title='bbox 1405 2265 1512 2298; x_wconf 85' lang='lat' dir='ltr'><strong>Primi</strong></span> <span class='ocrx_word' id='word_1_370' title='bbox 1527 2270 1608 2299; x_wconf 85' lang='lat' dir='ltr'><strong>sunt</strong></span> <span class='ocrx_word' id='word_1_371' title='bbox 1619 2267 1728 2300; x_wconf 73' lang='lat' dir='ltr'><strong>homi-</strong></span> 
     </span>
     <span class='ocr_line' id='line_1_55' title="bbox 1027 2315 1728 2358; baseline 0.003 -11"><span class='ocrx_word' id='word_1_372' title='bbox 1027 2325 1108 2348; x_wconf 88' lang='lat' dir='ltr'><strong>num</strong></span> <span class='ocrx_word' id='word_1_373' title='bbox 1138 2316 1196 2358; x_wconf 89' lang='lat' dir='ltr'><strong>qui</strong></span> <span class='ocrx_word' id='word_1_374' title='bbox 1231 2320 1418 2348; x_wconf 83' lang='lat' dir='ltr'><strong>noscantur</strong></span> <span class='ocrx_word' id='word_1_375' title='bbox 1447 2316 1550 2348; x_wconf 60' lang='lat' dir='ltr'><strong>Seres</strong></span> <span class='ocrx_word' id='word_1_376' title='bbox 1578 2315 1728 2349; x_wconf 68' lang='lat' dir='ltr'><strong>lanificio</strong></span> 
     </span>
     <span class='ocr_line' id='line_1_56' title="bbox 1028 2364 1728 2408; baseline 0.004 -12"><span class='ocrx_word' id='word_1_377' title='bbox 1028 2366 1198 2406; x_wconf 80' lang='lat' dir='ltr'><strong>sylvarum</strong></span> <span class='ocrx_word' id='word_1_378' title='bbox 1213 2365 1356 2406; x_wconf 85' lang='lat' dir='ltr'><strong>nobiles,</strong></span> <span class='ocrx_word' id='word_1_379' title='bbox 1370 2364 1541 2407; x_wconf 74' lang='lat' dir='ltr'><strong>perfimm</strong></span> <span class='ocrx_word' id='word_1_380' title='bbox 1564 2376 1656 2408; x_wconf 75' lang='lat' dir='ltr'><strong>aqua</strong></span> <span class='ocrx_word' id='word_1_381' title='bbox 1669 2366 1728 2399; x_wconf 77' lang='lat' dir='ltr'><strong>de—</strong></span> 
     </span>
     <span class='ocr_line' id='line_1_57' title="bbox 1026 2413 1727 2456; baseline 0.003 -10"><span class='ocrx_word' id='word_1_382' title='bbox 1026 2419 1208 2456; x_wconf 82' lang='lat' dir='ltr'><strong>pectentes</strong></span> <span class='ocrx_word' id='word_1_383' title='bbox 1232 2413 1402 2446; x_wconf 86' lang='lat' dir='ltr'><strong>frondium</strong></span> <span class='ocrx_word' id='word_1_384' title='bbox 1428 2415 1612 2448; x_wconf 64' lang='lat' dir='ltr'><strong>cennio-‚²</strong></span> <span class='ocrx_word' id='word_1_385' title='bbox 1645 2414 1727 2448; x_wconf 75' lang='lat' dir='ltr'><strong>Am-</strong></span> 
     </span>
     <span class='ocr_line' id='line_1_58' title="bbox 1023 2463 1727 2505; baseline 0.001 -10"><span class='ocrx_word' id='word_1_386' title='bbox 1023 2464 1128 2496; x_wconf 78' lang='lat' dir='ltr'><strong>mian.</strong></span> <span class='ocrx_word' id='word_1_387' title='bbox 1145 2464 1335 2496; x_wconf 81' lang='lat' dir='ltr'><strong>Marcellin.</strong></span> <span class='ocrx_word' id='word_1_388' title='bbox 1359 2465 1369 2482; x_wconf 88' lang='lat'>‘</span> <span class='ocrx_word' id='word_1_389' title='bbox 1381 2463 1508 2503; x_wconf 89' lang='lat' dir='ltr'><strong>Seres,&#39;</strong></span> <span class='ocrx_word' id='word_1_390' title='bbox 1519 2464 1727 2505; x_wconf 82' lang='lat' dir='ltr'><strong>inquit‚‘sr-</strong></span> 
     </span>
     <span class='ocr_line' id='line_1_59' title="bbox 1025 2512 1726 2555; baseline 0.001 -10"><span class='ocrx_word' id='word_1_391' title='bbox 1025 2522 1156 2545; x_wconf 88' lang='lat' dir='ltr'><strong>morum</strong></span> <span class='ocrx_word' id='word_1_392' title='bbox 1173 2518 1338 2555; x_wconf 84' lang='lat' dir='ltr'><strong>expertes</strong></span> <span class='ocrx_word' id='word_1_393' title='bbox 1365 2535 1374 2545; x_wconf 91' lang='lat'><strong>.</strong></span> <span class='ocrx_word' id='word_1_394' title='bbox 1387 2537 1396 2546; x_wconf 88' lang='lat'><strong>.</strong></span> <span class='ocrx_word' id='word_1_395' title='bbox 1412 2536 1421 2546; x_wconf 86' lang='lat'><strong>.</strong></span> <span class='ocrx_word' id='word_1_396' title='bbox 1440 2535 1448 2544; x_wconf 90' lang='lat'><strong>.</strong></span> <span class='ocrx_word' id='word_1_397' title='bbox 1467 2513 1551 2546; x_wconf 84' lang='lat' dir='ltr'><strong>nulli</strong></span> <span class='ocrx_word' id='word_1_398' title='bbox 1566 2512 1726 2546; x_wconf 72' lang='lat' dir='ltr'><strong>finitimo-</strong></span> 
     </span>
     <span class='ocr_line' id='line_1_60' title="bbox 1027 2562 1727 2603; baseline -0.001 -9"><span class='ocrx_word' id='word_1_399' title='bbox 1027 2572 1101 2594; x_wconf 90' lang='lat' dir='ltr'><strong>rum</strong></span> <span class='ocrx_word' id='word_1_400' title='bbox 1116 2563 1249 2594; x_wconf 82' lang='lat' dir='ltr'><strong>molesti</strong></span> <span class='ocrx_word' id='word_1_401' title='bbox 1267 2584 1276 2594; x_wconf 94' lang='lat'><strong>.</strong></span> <span class='ocrx_word' id='word_1_402' title='bbox 1293 2585 1302 2594; x_wconf 87' lang='lat'><strong>.</strong></span> <span class='ocrx_word' id='word_1_403' title='bbox 1321 2583 1331 2594; x_wconf 87' lang='lat'><strong>.</strong></span> <span class='ocrx_word' id='word_1_404' title='bbox 1347 2584 1357 2594; x_wconf 90' lang='lat'><strong>.</strong></span> <span class='ocrx_word' id='word_1_405' title='bbox 1372 2562 1460 2594; x_wconf 84' lang='lat' dir='ltr'><strong>Coeli</strong></span> <span class='ocrx_word' id='word_1_406' title='bbox 1485 2562 1576 2603; x_wconf 81' lang='lat' dir='ltr'><strong>apud</strong></span> <span class='ocrx_word' id='word_1_407' title='bbox 1599 2570 1659 2594; x_wconf 87' lang='lat' dir='ltr'><strong>eos</strong></span> <span class='ocrx_word' id='word_1_408' title='bbox 1669 2562 1727 2603; x_wconf 70' lang='lat' dir='ltr'><strong>Ju-</strong></span> 
     </span>
     <span class='ocr_line' id='line_1_61' title="bbox 1025 2611 1726 2654; baseline 0.001 -10"><span class='ocrx_word' id='word_1_409' title='bbox 1025 2612 1139 2645; x_wconf 85' lang='lat' dir='ltr'><strong>eunda</strong></span> <span class='ocrx_word' id='word_1_410' title='bbox 1164 2611 1376 2654; x_wconf 77' lang='lat' dir='ltr'><strong>salubrisque</strong></span> <span class='ocrx_word' id='word_1_411' title='bbox 1397 2611 1607 2652; x_wconf 77' lang='lat' dir='ltr'><strong>temperies3</strong></span> <span class='ocrx_word' id='word_1_412' title='bbox 1637 2612 1726 2646; x_wconf 64' lang='lat' dir='ltr'><strong>seri·</strong></span> 
     </span>
     <span class='ocr_line' id='line_1_62' title="bbox 1027 2661 1726 2702; baseline 0 -8"><span class='ocrx_word' id='word_1_413' title='bbox 1027 2661 1134 2694; x_wconf 82' lang='lat' dir='ltr'><strong>facies</strong></span> <span class='ocrx_word' id='word_1_414' title='bbox 1154 2661 1294 2702; x_wconf 82' lang='lat' dir='ltr'><strong>munda,</strong></span> <span class='ocrx_word' id='word_1_415' title='bbox 1319 2665 1498 2693; x_wconf 84' lang='lat' dir='ltr'><strong>ventorum</strong></span> <span class='ocrx_word' id='word_1_416' title='bbox 1523 2662 1726 2694; x_wconf 75' lang='lat' dir='ltr'><strong>commodis-</strong></span> 
     </span>
     <span class='ocr_line' id='line_1_63' title="bbox 1027 2710 1724 2752; baseline 0.001 -9"><span class='ocrx_word' id='word_1_417' title='bbox 1027 2712 1132 2744; x_wconf 90' lang='lat' dir='ltr'><strong>simus</strong></span> <span class='ocrx_word' id='word_1_418' title='bbox 1151 2710 1267 2751; x_wconf 79' lang='lat' dir='ltr'><strong>flatus,</strong></span> <span class='ocrx_word' id='word_1_419' title='bbox 1289 2715 1325 2743; x_wconf 88' lang='lat' dir='ltr'><strong>et</strong></span> <span class='ocrx_word' id='word_1_420' title='bbox 1337 2710 1472 2743; x_wconf 84' lang='lat' dir='ltr'><strong>abunde</strong></span> <span class='ocrx_word' id='word_1_421' title='bbox 1487 2711 1594 2752; x_wconf 69' lang='lat' dir='ltr'><strong>sylva</strong></span> <span class='ocrx_word' id='word_1_422' title='bbox 1610 2711 1724 2744; x_wconf 74' lang='lat' dir='ltr'><strong>subls-</strong></span> 
     </span>
     <span class='ocr_line' id='line_1_64' title="bbox 1026 2759 1724 2803; baseline -0.001 -9"><span class='ocrx_word' id='word_1_423' title='bbox 1026 2762 1126 2802; x_wconf 75' lang='lat' dir='ltr'><strong>cidae,</strong></span> <span class='ocrx_word' id='word_1_424' title='bbox 1141 2771 1162 2793; x_wconf 80' lang='lat' dir='ltr'><strong>a</strong></span> <span class='ocrx_word' id='word_1_425' title='bbox 1177 2761 1298 2803; x_wconf 86' lang='lat' dir='ltr'><strong>quibus</strong></span> <span class='ocrx_word' id='word_1_426' title='bbox 1314 2760 1471 2793; x_wconf 78' lang='lat' dir='ltr'><strong>arborum</strong></span> <span class='ocrx_word' id='word_1_427' title='bbox 1490 2759 1607 2800; x_wconf 74' lang='lat' dir='ltr'><strong>foetss,</strong></span> <span class='ocrx_word' id='word_1_428' title='bbox 1623 2769 1724 2803; x_wconf 71' lang='lat' dir='ltr'><strong>aque-</strong></span> 
     </span>
     <span class='ocr_line' id='line_1_65' title="bbox 1028 2809 1724 2854; baseline -0.001 -10"><span class='ocrx_word' id='word_1_429' title='bbox 1028 2821 1102 2845; x_wconf 88' lang='lat' dir='ltr'><strong>rum</strong></span> <span class='ocrx_word' id='word_1_430' title='bbox 1114 2809 1350 2854; x_wconf 81' lang='lat' dir='ltr'><strong>asperginibus</strong></span> <span class='ocrx_word' id='word_1_431' title='bbox 1362 2809 1505 2854; x_wconf 82' lang='lat' dir='ltr'><strong>crebris,</strong></span> <span class='ocrx_word' id='word_1_432' title='bbox 1519 2810 1615 2844; x_wconf 79' lang='lat' dir='ltr'><strong>velut</strong></span> <span class='ocrx_word' id='word_1_433' title='bbox 1630 2818 1724 2852; x_wconf 70' lang='lat' dir='ltr'><strong>qun·</strong></span> 
     </span>
    </p>
   </div>
   <div class='ocr_carea' id='block_1_9' title="bbox 1874 1902 1916 2561">
    <p class='ocr_par' dir='ltr' id='par_1_11' title="bbox 1874 1902 1916 2561">
     <span class='ocr_line' id='line_1_66' title="bbox 1874 1902 1916 2561; baseline 0 629"><span class='ocrx_word' id='word_1_434' title='bbox 1874 1902 1916 2561; x_wconf 95' lang='lat' dir='ltr'><strong> </strong></span> 
     </span>
    </p>
   </div>
   <div class='ocr_carea' id='block_1_10' title="bbox 1857 2618 1901 2930">
    <p class='ocr_par' dir='ltr' id='par_1_12' title="bbox 1857 2618 1901 2930">
     <span class='ocr_line' id='line_1_67' title="bbox 1857 2618 1901 2930; baseline 0 260"><span class='ocrx_word' id='word_1_435' title='bbox 1857 2618 1901 2930; x_wconf 95' lang='lat' dir='ltr'><strong> </strong></span> 
     </span>
    </p>
   </div>
   <div class='ocr_carea' id='block_1_11' title="bbox 1854 2908 1895 3190">
    <p class='ocr_par' dir='ltr' id='par_1_13' title="bbox 1854 2908 1895 3190">
     <span class='ocr_line' id='line_1_68' title="bbox 1854 2908 1895 3190; textangle 90"><span class='ocrx_word' id='word_1_436' title='bbox 1854 2929 1895 3190; x_wconf 35' lang='lat' dir='ltr'><strong>mmeaefy-,pm</strong></span> <span class='ocrx_word' id='word_1_437' title='bbox 1859 2908 1863 2915; x_wconf 93' lang='grc'><em>“</em></span> 
     </span>
    </p>
   </div>
  </div>
 </body>
</html>
