1916 3190
262 256 347 299 458
740 268 784 306 Q.
816 264 1027 296 noenu
1061 264 1235 298 rucei

488 361 729 414 Sospitum.
787 359 884 402 Vos
906 372 934 401 ο
954 361 1090 415 pueri,
1109 365 1156 403 et
1174 360 1337 416 puellae
1651 361 1707 402 10

488 425 518 467 J
522 439 592 468 am
614 428 754 468 virum
771 434 986 480 expertae,
1006 427 1124 469 male
1146 427 1350 469 ominatis

827 494 1005 536 Parcite
1033 496 1193 538 verbis.

260 615 425 651 salvorum,
440 619 559 648 ornate
573 617 670 648 toenia
682 616 881 658 supplicanti.
918 617 979 648 Vos
994 616 1151 656 ojurenes
1164 621 1196 649 et
1210 617 1442 649 adolescentule
1456 614 1709 654 maritojtmctae,

869 710 1070 723 mumoo
1074 711 1109 723 ‘e

261 777 303 806 lo
325 778 334 792 ⁴
353 774 415 806 Vos
428 786 445 806 o
458 775 560 816 pueri,
574 786 592 807 ο
603 777 714 816 puelloe
734 775 827 817 Lips.
841 778 874 808 4.
908 777 992 808 Mox
1009 777 1145 816 vulgata
1161 776 1309 808 omnium
1323 776 1483 808 librorum
1498 775 1617 815 lectio,
1631 775 1708 806 Jam

260 817 361 848 virum
374 821 522 858 expertoe,
536 818 689 859 inprimis
706 819 887 850 recentiori
905 824 1023 857 aetate,
1046 819 1192 850 maxime
1209 819 1297 850 viros
1314 819 1434 850 doctos
1449 816 1605 849 offendit.
1638 817 1708 848 Va-

261 859 320 890 riae
335 865 426 900 sunt,
443 861 594 902 variique
611 861 786 902 momenti,
803 870 885 902 quas
903 859 1062 900 afferunt,
1077 871 1204 893 causae.
1249 861 1402 892 Primum
1419 861 1525 898 aiunt,
1541 860 1614 900 jam
1637 868 1707 890 me-

257 906 409 933 moratas
423 911 496 933 esse
513 908 653 942 matres,
668 913 694 933 s.
710 908 888 941 matronas,
911 911 1021 943 neque
1046 904 1152 943 igitur
1173 903 1293 944 puellas
1307 913 1337 934 v.
1351 905 1508 942 expertas,
1523 903 1554 933 n,
1571 905 1708 941 nuptas,

259 943 332 974 sine
349 943 548 985 tautologiae
566 945 648 976 vitio
664 944 742 975 addi
759 955 776 975 a
794 944 903 976 Poeta
920 945 1084 985 potuisse.
1119 944 1190 976 Sed
1207 945 1336 986 possint
1350 944 1461 985 puella
1476 945 1552 975 Jom
1565 953 1594 974 v.
1612 953 1639 975 e.
1655 943 1707 974 in·

260 985 367 1027 telligi
384 985 556 1027 juniores,
572 996 598 1018 s.
614 996 723 1027 nuper
738 986 873 1018 demum
887 991 1018 1027 nuptae,
1031 996 1214 1028 eorumque
1230 986 1377 1027 juvenes
1390 986 1501 1017 mariti
1515 986 1615 1026 pueri.
1648 985 1706 1016 Sic

260 1027 366 1060 Baxt.
383 1030 466 1059 item
480 1029 704 1068 Tarteronus,
725 1028 808 1061 Vous
820 1029 933 1067 jeunes
950 1038 1040 1069 gens,
1054 1033 1085 1061 et
1097 1039 1173 1061 vous
1191 1029 1343 1060 nouvelles
1355 1029 1490 1069 έροωιε.
1536 1027 1583 1059 At
1597 1038 1616 1058 e
1632 1037 1709 1059 meo

259 1079 361 1102 sensu
378 1070 476 1112 justo
491 1070 648 1102 subtilior
664 1080 706 1102 ea
722 1076 776 1103 est
792 1071 992 1111 explicatio,
1006 1075 1040 1101 et
1057 1071 1211 1111 inprimis
1228 1070 1362 1108 durum,
1376 1070 1446 1109 jam
1463 1078 1536 1110 pro,
1551 1069 1665 1106 modo,
1679 1079 1707 1101 s.

259 1122 381 1153 nuper,
405 1113 577 1153 accipere.
622 1112 759 1144 Deinde
784 1114 841 1145 alii
865 1113 1030 1144 illiberale
1053 1123 1129 1144 esse
1152 1118 1314 1155 putarunt
1329 1112 1423 1151 illud,
1445 1111 1547 1143 virum
1561 1115 1709 1151 experte.

260 1154 302 1185 Id
320 1154 472 1196 quamvis
497 1164 559 1195 per
586 1163 621 1185 se
647 1155 754 1186 levius
772 1156 833 1193 sit3
859 1165 934 1187 nam
952 1156 1096 1186 vidimus
1114 1158 1187 1196 Jam
1204 1156 1313 1196 plura,
1327 1165 1419 1197 quae,
1435 1164 1511 1185 cum
1535 1154 1636 1185 hodie
1659 1154 1710 1185 in-

260 1197 405 1235 honesta
421 1197 615 1237 videantur,
631 1198 771 1239 antiquo
792 1203 944 1238 tempore
961 1199 1100 1230 honeste
1116 1199 1183 1230 dici
1202 1202 1362 1239 possent:
1387 1202 1423 1229 at
1439 1206 1482 1227 ex
1498 1206 1540 1227 eo
1556 1196 1713 1236 multum,

260 1239 392 1280 opinor,
408 1241 568 1271 momenti
585 1240 724 1281 accipit,
741 1240 845 1282 quod,
857 1241 888 1270 iu
899 1242 960 1272 nac
977 1241 1222 1272 sententiarum
1235 1240 1416 1281 gravitate,
1431 1239 1486 1270 vix
1502 1239 1583 1270 satis
1599 1237 1710 1279 digni-

261 1281 342 1313 tatis
358 1281 462 1313 habet
479 1283 556 1313 talis
571 1289 752 1322 nuptarum
770 1283 989 1323 periphrasis.
1027 1284 1149 1326 Neque
1164 1287 1322 1324 apparet,
1338 1293 1398 1315 cur
1411 1281 1555 1313 maxime
1564 1280 1710 1322 juvenes

259 1324 374 1355 mariti
395 1329 431 1356 et
456 1333 566 1365 nuper
589 1331 705 1366 nuptae
731 1326 828 1357 malis
847 1326 957 1358 verbis
984 1335 1125 1367 parcere
1140 1326 1340 1367 jubeantur.
1395 1324 1437 1357 In
1453 1323 1601 1356 Gesneri
1615 1327 1712 1363 nota,

260 1367 271 1383 ‘
287 1367 566 1406 supplicationes
591 1367 808 1398 commendat
832 1368 1008 1407 matronis,
1030 1369 1295 1400 adolescentiam
1313 1377 1428 1399 secum
1444 1366 1487 1398 ad
1503 1365 1712 1397 hilaritatem

260 1408 408 1446 invitat;
433 1409 493 1439 sed
518 1409 781 1440 adolescentiam
802 1410 874 1450 jam
903 1411 1050 1442 Veneris
1076 1417 1299 1451 compotem„
1329 1410 1407 1441 Non
1428 1408 1528 1440 valde
1554 1416 1710 1439 severum

260 1449 365 1481 fuisse
380 1449 538 1489 Poetam,
553 1460 629 1482 cum
651 1451 718 1482 ista
733 1452 911 1491 scriberet,
939 1453 1064 1483 docent
1086 1462 1138 1490 ea,
1165 1462 1241 1492 quae
1266 1450 1476 1493 sequuntur,'
1500 1451 1598 1490 plura
1618 1455 1710 1488 suut,

261 1502 336 1533 quae
353 1492 410 1523 vix
427 1493 558 1532 possint
574 1493 727 1525 omnibus
745 1493 889 1534 probari.
936 1494 977 1525 In
1004 1504 1052 1526 vs.
1078 1496 1195 1525 10—12.
1220 1493 1276 1524 ubi
1298 1502 1413 1534 quaeso
1434 1492 1477 1524 ad
1500 1492 1710 1523 hilaritatem

260 1534 445 1566 invitatio?
489 1535 610 1567 Potius
627 1536 799 1576 pertinere
825 1536 900 1567 illos
923 1546 1055 1577 qnoque
1082 1536 1124 1567 ad
1151 1536 1448 1576 supplicationem,
1461 1535 1495 1566 in
1511 1534 1628 1574 aprico
1643 1538 1710 1566 est.

257 1575 536 1608 Adolescentiam
552 1577 696 1609 Veneris
718 1582 908 1618 compotem
925 1579 952 1609 si
967 1577 1077 1610 Poeta
1093 1578 1200 1609 voluit
1217 1578 1405 1617 declarare,
1428 1586 1508 1608 saue
1527 1575 1709 1608 admodum

260 1623 298 1650 et
311 1628 426 1650 crasso
443 1618 586 1660 rudique
602 1625 638 1651 et
654 1624 823 1660 praeterea
839 1619 900 1661 (de
915 1621 1068 1661 ingenuis
1081 1621 1169 1651 enim
1183 1619 1415 1660 cogitandum)
1429 1618 1514 1650 falso
1527 1619 1640 1650 colore
1657 1622 1711 1650 est

260 1670 356 1701 usus,
377 1661 457 1692 dum
475 1661 573 1701 dixit,
592 1663 711 1703 puellas
724 1662 796 1700 jam
809 1672 840 1693 v.
857 1673 884 1694 e.
930 1663 1100 1702 Denique,
1117 1662 1208 1704 quod
1225 1662 1258 1692 in
1275 1662 1495 1703 sequentibus
1511 1670 1577 1692 non
1594 1660 1709 1691 admo-

260 1703 341 1735 dum
357 1712 496 1735 severus
512 1709 565 1735 est
582 1703 758 1740 Horatius,
775 1704 854 1735 inde
870 1705 996 1736 nullum
1020 1704 1199 1735 ferendum
1225 1703 1268 1734 de
1291 1704 1397 1744 priori
1422 1703 1589 1734 Carminis
1611 1707 1709 1743 parte

254 1745 439 1786 judicium,
455 1746 549 1787 cujus
565 1747 712 1777 maxime
729 1746 881 1778 diversus
897 1747 1077 1778 character
1091 1751 1155 1778 est.
1184 1747 1272 1777 Sunt
1287 1751 1336 1786 et,
1353 1744 1410 1787 qui
1427 1744 1624 1785 puellasjam
1636 1755 1668 1775 v.
1679 1754 1708 1776 e.

260 1788 435 1828 explicent
461 1798 597 1828 uxores,
623 1789 753 1820 maritis
779 1798 841 1829 per
864 1789 946 1820 illud
974 1790 1096 1821 bellum
1121 1788 1271 1828 orbatas,
1290 1797 1400 1829 pueros
1423 1786 1600 1828 patribus3
1621 1785 1713 1818 unde

254 1830 447 1872 jubeantur
473 1830 573 1861 hodie
595 1833 674 1863 male
689 1832 784 1863 emin.
803 1831 902 1863 cer-bis
925 1831 1110 1863 abstinere.
1155 1831 1221 1862 Sed
1246 1831 1393 1871 ineptius
1413 1828 1568 1870 profecto
1589 1830 1624 1859 in
1650 1828 1714 1861 tati

260 1874 433 1904 sententia
455 1872 566 1905 Po'eta
583 1883 706 1905 uxores
721 1874 901 1914 designare
918 1884 984 1905 non
1002 1873 1181 1914 potuisset,
1197 1883 1309 1915 quam,
1335 1872 1393 1903 ubi
1417 1870 1562 1903 dixisset
1578 1870 1710 1912 puellas

261 1915 367 1946 virum
397 1922 572 1957 expertas.
628 1917 715 1948 Tum
743 1916 802 1947 lias
828 1926 904 1948 esse
931 1916 1172 1957 intelligendas
1191 1916 1328 1946 orbatas
1356 1914 1449 1955 viris,
1466 1923 1579 1954 pueros
1603 1912 1711 1954 patri·

262 1957 324 1988 bus
354 1957 505 1998 orbatos,
526 1957 618 1989 unde
645 1959 783 1991 tandem
812 1959 988 1990 novimus?
1029 1959 1195 1990 Debebat
1212 1957 1323 1989 Poeta
1340 1957 1445 1998 magis
1468 1954 1502 1987 id
1526 1956 1711 1987 declarare.

261 1998 504 2031 Gravissimum
530 2010 623 2040 vero,
649 2001 740 2042 qnod
765 2006 842 2041 post
864 2001 1085 2032 'l‘orrentium
1113 2005 1252 2032 movent
1274 2000 1350 2032 VV.
1367 2000 1451 2031 DD.
1473 2003 1713 2040 argumentum

261 2041 465 2081 spernendas
489 2043 637 2082 vulgatae
658 2043 816 2075 lectionis
841 2049 908 2083 est,
933 2044 1023 2084 quod
1043 2044 1160 2084 pueris,
1184 2043 1232 2073 sic
1256 2042 1458 2083 simpliciter
1482 2046 1520 2072 et
1552 2040 1711 2072 absolute

261 2084 470 2121 memoratis,
486 2094 632 2124 semper,
648 2086 802 2126 inprimis
817 2086 851 2116 in
868 2095 904 2117 re
919 2095 1027 2125 sacra,
1041 2086 1234 2127 junguntur
1244 2085 1356 2125 puella
1370 2084 1532 2124 inanum
1546 2086 1583 2114 ut
1597 2091 1624 2115 1.
1639 2081 1708 2114 od.

259 2126 314 2156 21.
329 2134 379 2164 pr.
396 2133 453 2155 ιιι.
466 2125 533 2156 Od.
550 2129 579 2156 1.
596 2130 629 2157 4.
654 2137 695 2158 ιι.
711 2129 820 2168 Epist.
837 2131 866 2159 1.
881 2131 955 2159 132.
971 2131 1035 2159 &c.
1081 2127 1241 2167 Omnino,
1261 2128 1342 2159 licet
1357 2125 1450 2157 forte
1466 2126 1530 2157 ista
1545 2126 1621 2158 loca
1644 2133 1710 2156 nou

260 2167 363 2207 plane
379 2167 444 2197 hnc
470 2168 689 2207 conveniant,
706 2174 819 2200 tamen
838 2169 992 2210 profecto
1008 2171 1118 2210 pueri,
1133 2175 1170 2201 et
1187 2170 1308 2210 puellte
1326 2169 1432 2200 virum
1448 2171 1613 2209 expertae,
1634 2167 1710 2197 nul·

262 2209 326 2239 lam
341 2208 467 2240 habent
477 2209 606 2248 justam
622 2209 713 2240 inter
727 2219 764 2240 se
781 2212 959 2242 rationem.
1007 2213 1135 2251 Quare,
1151 2222 1226 2243 cum
1243 2211 1317 2243 ficri
1333 2221 1397 2243 non
1415 2211 1533 2251 possit,
1547 2213 1587 2241 ut
1601 2209 1708 2240 bonus

259 2252 429 2291 aptusque
445 2260 464 2282 e
479 2251 628 2283 lectione
646 2252 783 2292 vulgata
797 2261 913 2282 sensus
932 2253 1017 2283 bene
1034 2259 1183 2294 apteque
1198 2255 1368 2292 eliciatur,
1386 2256 1584 2293 corruptum
1599 2259 1673 2283 esse
1688 2260 1710 2282 a

259 2293 407 2324 librariis
421 2293 543 2333 locum,
558 2293 707 2324 rationes
722 2293 853 2324 criticae
870 2294 1024 2326 suadent.
1068 2296 1159 2326 Hinc
1185 2296 1311 2335 primus
1333 2296 1491 2326 Torrent.
1515 2293 1605 2333 conj.
1619 2302 1673 2324 vos
1690 2302 1709 2323 ο

257 2344 363 2376 puerae
378 2334 543 2377 (nondum
558 2334 690 2376 nuptae)
704 2339 734 2366 et
745 2336 857 2376 puellm
870 2336 945 2366 Jam
960 2345 989 2366 v.
1004 2340 1140 2375 experta·
1149 2346 1162 2372 ‚⁰
1186 2338 1257 2368 vel:
1282 2346 1334 2367 vos
1348 2346 1365 2366 0
1378 2336 1480 2375 pueri,
1495 2339 1526 2366 et
1540 2335 1664 2374 puelle,
1675 2336 1708 2364 et

261 2378 338 2410 dam
360 2387 390 2410 ο.
405 2387 433 2411 e.
479 2378 671 2420 Utrumque
686 2377 882 2419 infeliciter,
897 2382 934 2409 ut
950 2376 1052 2409 facile
1067 2382 1224 2419 apparet.
1268 2377 1346 2410 Vid.
1362 2378 1480 2409 Bentl.
1517 2377 1593 2407 Nou
1606 2376 1709 2407 virum

913 2460 1055 2494 NOTAE

304 2529 346 2558 10
373 2525 434 2559 Vos
455 2536 473 2557 ο
496 2525 599 2567 pueri,
613 2529 646 2558 et
664 2525 794 2567 puelloe]
818 2525 898 2558 Hos
923 2525 958 2557 in
1013 2535 1088 2567 quae
1104 2524 1199 2557 nefas
1221 2529 1274 2557 est
1293 2523 1470 2563 nominari,
1483 2531 1625 2565 qumque
1637 2532 1708 2555 ma-

261 2577 367 2609 sacris
388 2576 540 2609 adhiberi
567 2581 666 2618 patet
687 2586 733 2609 ex
753 2576 832 2608 Ode
849 2576 960 2617 prima
1014 2576 1080 2607 lum
1103 2585 1201 2607 omen
1227 2573 1398 2606 afferrent.
1451 2574 1530 2605 Non
1558 2572 1707 2605 absurde

260 2627 361 2668 hujus
376 2627 466 2658 libri.
1012 2626 1131 2666 legunt
1147 2626 1261 2667 aliqui,
1278 2626 1357 2656 mule
1371 2623 1530 2655 eminetis.

304 2679 345 2709 ll
358 2678 446 2709 Male
461 2677 607 2708 omittatis
623 2675 821 2717 [nominatis]
832 2676 959 2708 Parcite
1056 2679 1095 2707 12
1117 2676 1247 2707 Parcite
1268 2674 1386 2715 verbis]
1415 2674 1545 2706 Favete
1569 2673 1707 2716 linguis.

261 2726 377 2766 verbis]
399 2727 445 2757 Et
458 2727 531 2758 haec
548 2727 784 2767 intelliguntur
797 2726 898 2758 facile
915 2735 959 2758 ex
1010 2735 1053 2757 ne
1077 2735 1174 2757 sacra
1201 2725 1347 2763 violate3
1374 2724 1512 2758 silentio
1533 2724 1646 2767 potius
1667 2726 1707 2757 et

262 2776 363 2810 dictis
380 2776 413 2807 in
429 2776 507 2808 Ode
523 2786 598 2809 mox
613 2777 670 2810 cit.
687 2778 766 2810 mle
779 2776 958 2818 nominalis,
1010 2781 1122 2809 mente
1139 2780 1273 2809 attenta
1282 2775 1416 2816 juvate.
