1916 3190
228 208 314 250 202
703 222 746 260 Q.
786 221 994 252 HoRA'rn
1031 222 1205 253 rumor

453 313 599 355 Thure
619 320 664 355 te
683 315 821 356 multo
843 314 1048 367 Glycerae
1073 314 1274 356 decoram

795 380 1004 421 Transfer
1023 381 1066 421 in
1086 380 1243 422 aedem.

459 446 674 488 Fervidus
694 452 838 488 tecum
862 447 998 497 Puer,
1019 452 1063 489 et
1083 448 1242 489 solutis
1650 449 1679 488 5

228 563 295 592 tum
312 560 457 602 Glycerae
469 563 626 602 sacellum,
641 565 673 593 te
684 561 819 602 plurimo
832 561 922 592 thure
934 561 1110 594 invitantis.
1163 563 1298 596 Veniant
1322 567 1422 596 tecum
1437 563 1585 605 flagrum
1599 566 1672 594 tuns

833 645 950 658 “60‘'

954 645 1074 659 oooooo

232 717 381 741 xxxvn.
407 712 459 741 60.
485 720 517 750 p.
542 713 615 742 135.
641 716 676 742 et
690 712 769 742 VV.
786 712 866 743 DD.
894 712 936 742 ad
963 712 1057 752 Virg.
1077 713 1151 744 AEn.
1166 722 1222 744 ιιι.
1239 715 1379 744 115.-3
1405 712 1508 743 Thure
1529 711 1624 743 mullo
1646 713 1678 740 te

232 751 367 783 emend.
384 752 435 782 vir
450 753 586 794 quidam
603 754 723 785 doctus
739 763 795 794 ap.
812 753 959 795 Cuning.
983 755 1057 795 ipse
1071 764 1152 786 vero
1169 755 1314 796 Cuuiug.
1353 755 1467 794 Thur-e,
1482 757 1513 785 te
1536 754 1679 791 multum,

877 829 910 860 N
915 829 1022 861 OTAE

229 889 292 921 tibi
307 889 391 920 licet
407 893 459 921 tot
474 890 664 922 nominibus
675 891 826 930 dilectae,
841 901 928 932 prae-

227 937 282 970 fer
308 943 434 979 tamen,
459 939 614 979 obsecro,
638 940 795 981 Glycerae
821 942 927 972 sacel-

229 989 310 1021 lum.
335 997 342 1004 ·
354 989 516 1022 Quamvis
530 990 618 1021 enim
637 995 688 1021 tot
704 1000 818 1021 sacras
835 991 927 1022 aedes

228 1038 299 1070 illic
321 1038 458 1076 habeas,
481 1039 707 1080 universaque
734 1040 842 1070 insula
866 1040 927 1071 tibi

229 1088 356 1120 devota
378 1089 446 1127 sit;
471 1093 507 1120 at
530 1089 620 1129 apud
647 1089 832 1129 Glyceram
847 1099 928 1130 quo-

229 1148 295 1179 que
310 1137 504 1174 dominaris,
526 1147 715 1180 novamque
740 1139 929 1180 possidebis

229 1187 350 1222 edem,
365 1197 463 1228 quam
479 1196 600 1228 magna
609 1197 704 1228 cura,
715 1198 844 1220 summo
859 1193 927 1220 stu-

230 1237 288 1268 dio
304 1237 496 1277 exornavit,
510 1241 546 1268 et
568 1237 631 1269 tibi
653 1239 796 1278 paravit.
843 1239 930 1270 Illuc

229 1286 367 1327 insuper
382 1287 480 1326 thure
496 1291 531 1318 te
540 1287 685 1328 plurimo
701 1288 836 1320 invitat.
863 1290 930 1320 Ve-

229 1336 263 1366 ni
279 1344 359 1376 ergo
375 1336 417 1366 ad
438 1336 510 1376 ejus
527 1337 830 1369 consecrationem.
875 1338 930 1369 De

231 1386 345 1426 Cypro
374 1385 498 1416 Strabo
525 1393 603 1417 xrv.
652 1386 785 1418 Plinius
816 1396 850 1418 v.
875 1390 929 1420 31.

229 1434 422 1475 ‘quondam
447 1434 494 1466 ibi
517 1444 640 1466 novem
671 1445 850 1475 regnorum
877 1446 930 1468 se-

230 1483 326 1515 dem'
347 1482 454 1515 fuisse
480 1483 613 1516 scribit.
658 1485 748 1517 Vide
771 1490 807 1517 et
828 1495 931 1528 supra

234 1533 304 1564 Od.
319 1542 376 1564 111.
392 1533 477 1564 Not.

273 1585 292 1614 Β
317 1583 421 1614 Thur-e
434 1585 467 1614 te
479 1580 594 1627 W]
614 1582 772 1614 Floribus
788 1584 877 1615 enim
893 1588 930 1615 et

229 1633 341 1667 thure,
358 1632 471 1672 potius
494 1631 595 1674 quam
617 1632 780 1671 victimis,
803 1633 930 1674 placari

230 1682 349 1713 Venus
364 1686 401 1713 et
417 1682 483 1714 coli
497 1682 645 1714 amabat.
689 1682 785 1723 Virg.
797 1683 930 1714 AEneid.

230 1739 255 1763 1.
271 1733 346 1763 419.
370 1736 378 1749 ¹
392 1731 476 1772 Ipsa
498 1730 654 1771 Paphum
676 1730 827 1762 sublimis
848 1732 931 1772 adit,

230 1781 398 1824 sedesque
415 1781 535 1812 revisit
557 1782 654 1812 Laeta
669 1791 757 1818 suas,
773 1781 829 1812 uhi
845 1787 931 1813 tem-

230 1832 324 1872 plum
352 1832 413 1872 illi,
436 1837 645 1873 centumque
671 1832 793 1863 Sabaeo
820 1832 931 1863 Thure

230 1882 345 1913 calent
364 1891 444 1917 arae.
460 1882 631 1923 sertisque
656 1881 849 1913 recentibus
872 1883 931 1913 lia-

230 1931 328 1962 lant.’
364 1932 452 1962 Vide
469 1932 554 1962 Not.
569 1932 611 1962 ad
628 1932 696 1963 Od.
714 1941 794 1964 mx.
811 1943 859 1963 vs.
871 1934 932 1964 ult.

274 1984 295 2012 4
320 1981 484 2022 Transfer]
505 1982 650 2021 Propria
664 1991 743 2020 vox,
767 1986 802 2012 et
825 1983 946 2021 solen--

232 2030 298 2067 nis,
314 2040 334 2062 e
352 2031 437 2063 Jure
456 2030 637 2062 Pontificio
661 2031 841 2069 accersita,
854 2041 931 2062 cum

233 2080 326 2112 aedes
343 2083 508 2110 sacratur.
543 2078 591 2110 At
604 2085 738 2117 contra,
751 2088 826 2110 cum
840 2080 931 2110 locus

232 2140 252 2162 e
279 2139 376 2161 sacro
403 2129 555 2169 privatus
583 2128 750 2168 redditur,
773 2130 930 2159 ‘evocari

232 2178 351 2211 sacra'
374 2179 544 2210 dicuntur.
588 2178 679 2208 Plin.
695 2178 806 2217 Epist.
824 2187 862 2209 x.
877 2180 929 2209 58.

233 2221 384 2270 Trajano
403 2226 532 2259 Pontis.
547 2227 643 2258 Max.
664 2227 713 2258 sic
728 2227 796 2258 ait:
821 2232 831 2245 ¹
845 2227 930 2258 Cum

233 2287 423 2320 quaererem
438 2286 517 2307 num
533 2279 625 2307 esset
645 2276 760 2316 aliqua
774 2276 829 2307 lex
846 2280 930 2306 tem-

234 2330 293 2370 plo
322 2328 430 2367 dicta,
457 2326 600 2366 cognovi
629 2325 735 2357 alium
761 2335 838 2357 esse
863 2326 930 2365 liic,

234 2379 335 2410 alium
364 2376 453 2417 apud
478 2385 537 2406 nos
559 2384 686 2406 morem
703 2374 929 2406 dedicationis

236 2449 265 2460 ..
278 2451 286 2459 .
303 2427 454 2467 Despice
479 2435 560 2465 ergo
584 2424 742 2462 Domine,
762 2432 804 2455 an
829 2429 930 2464 putes

235 2478 342 2510 aedem
358 2477 450 2507 salva
466 2475 631 2515 religione
650 2483 749 2515 posse
773 2474 931 2506 transfer-

236 2527 291 2566 ri‚'
321 2529 385 2558 ἃς.
431 2525 522 2556 Vide
550 2529 587 2556 et
614 2525 723 2565 Epist.
747 2527 803 2556 ⁷3.
824 2531 860 2556 et
879 2527 931 2556 ⁷4.

236 2576 388 2616 ejusdem
403 2575 493 2606 libri.

280 2629 299 2656 6
325 2625 478 2655 Fervidus
491 2627 591 2654 tecum
603 2623 702 2663 Puer]
727 2623 853 2655 Solitns
866 2624 933 2655 Ve-

236 2675 327 2706 neris
357 2673 536 2705 comitatus
567 2673 698 2713 pariter
721 2673 763 2704 ab
788 2673 933 2705 Horatio

235 2726 426 2762 invocatur,
440 2727 542 2763 atque
557 2723 591 2754 iu
607 2722 804 2755 dedicatum
818 2732 837 2755 a
849 2723 933 2765 Gly-

981 902 1063 925 cera
1075 893 1235 924 sacellum
1246 892 1410 924 invitatur·
1423 902 1432 930 ;
1456 890 1610 932 inprimis
1622 899 1679 921 au-

983 947 1050 973 tem
1082 942 1216 982 Cupido
1250 941 1338 973 filins
1374 942 1458 982 ejus.
1515 939 1681 977 Fer-vidus,

982 992 1061 1032 quia
1082 990 1268 1032 πυροφόρος,
1281 996 1318 1022 et
1332 990 1444 1022 facem
1467 993 1594 1030 gestat,
1612 998 1678 1029 qua

981 1039 1153 1071 indicatur
1177 1050 1230 1081 ea,
1251 1049 1318 1081 qua
1344 1039 1463 1080 pollet,
1485 1038 1535 1068 vis
1558 1046 1680 1068 accen-

982 1088 1085 1119 dendi
1101 1089 1228 1120 animos
1249 1093 1285 1120 et
1307 1096 1423 1119 amore
1438 1085 1680 1118 inflammandi.

983 1138 1069 1169 Puer
1083 1148 1165 1170 vero
1180 1138 1319 1175 dicitur,
1330 1143 1368 1169 ut
1378 1135 1589 1177 significetur
1598 1135 1682 1166 stul-

983 1191 1020 1219 ta
1029 1192 1065 1219 et
1077 1188 1216 1228 puerilis
1232 1187 1486 1218 libidinosorum
1498 1183 1681 1225 cupiditas,

985 1246 1026 1268 eo
1049 1237 1162 1268 studio
1185 1237 1301 1278 turpia
1316 1234 1599 1274 consectantium,
1613 1243 1681 1275 qno

974 1287 1082 1327 pueri
1097 1287 1209 1318 solent
1227 1285 1426 1326 crepundia.

1027 1335 1147 1367 Salutis
1172 1336 1297 1366 Gratia.-
1320 1335 1421 1376 κοπὶς]
1453 1333 1545 1365 Plin.
1562 1342 1680 1364 xxxv.

985 1388 1038 1417 ll.
1059 1386 1069 1403 ⁴
1081 1386 1111 1416 A
1129 1385 1322 1417 Nicearcbo
1346 1385 1438 1424 picta
1453 1384 1568 1414 Venus
1590 1383 1680 1413 inter

984 1435 1124 1467 Gratias
1140 1440 1175 1467 et
1193 1434 1394 1475 Cupidinem
1415 1434 1476 1476 (al.
1492 1431 1679 1473 Cupidines)

983 1485 1203 1517 celebratur!
1259 1485 1361 1525 Apul.
1396 1480 1457 1515 lib.
1483 1491 1536 1515 xr.
1567 1492 1599 1523 p.
1624 1485 1679 1514 44.

983 1534 994 1552 ‘
1010 1535 1123 1566 Venus
1149 1534 1240 1566 omni
1263 1533 1461 1566 Gratiarum
1487 1532 1591 1564 choro
1620 1532 1681 1563 sti-

983 1585 1088 1625 pata!
1135 1585 1278 1616 Hesiod.
1294 1584 1329 1615 in
1340 1583 1490 1622 Theogn.
1506 1587 1576 1614 tres
1591 1581 1681 1613 cha·

982 1635 1067 1666 rites
1077 1635 1231 1666 nominat
1240 1634 1408 1675 Aglaiam‚
1422 1633 1682 1674 Euphrosynen,

983 1684 1152 1716 Thaliam:
1178 1685 1308 1725 pariter
1318 1687 1354 1714 et
1364 1682 1535 1714 Pindarus
1541 1681 1681 1722 Olymp.

986 1733 1064 1765 Ode
1093 1733 1223 1770 ultima,
1247 1733 1303 1764 ubi
1331 1737 1366 1764 et
1393 1731 1462 1763 ait:
1498 1730 1592 1762 ‘Per
1621 1740 1680 1762 eas

985 1784 1096 1815 omnia
1111 1783 1313 1815 mortalibus
1327 1781 1400 1814 fieri
1416 1781 1544 1820 dulcia,
1560 1780 1589 1811 si
1607 1780 1682 1822 qnia

985 1833 1037 1864 vir
1062 1834 1210 1874 sapiens,
1236 1833 1264 1863 si
1295 1832 1446 1873 pulcher,
1476 1831 1505 1862 si
1532 1830 1682 1871 splendi-

985 1883 1070 1915 dus:
1095 1883 1155 1915 sed
1172 1893 1235 1915 nec
1243 1883 1338 1914 Deos
1352 1882 1424 1912 sine
1435 1880 1631 1913 Charitibus
1647 1880 1681 1910 in

986 1934 1081 1966 Coelo
1095 1934 1272 1975 quicquam
1289 1931 1410 1964 moliri.
1431 1929 1557 1962 πάντων
1576 1929 1683 1969 ταμίαι

985 1983 1085 2023 ἔργων
1099 1984 1132 2014 ἐν
1145 1983 1278 2024 obponit,
1293 1982 1442 2013 omnium
1463 1980 1684 2022 dispensatri-

984 2041 1042 2063 ces
1059 2032 1092 2062 in
1109 2032 1195 2062 coelo
1210 2029 1377 2070 opernm?
1409 2030 1543 2061 Seneca
1555 2029 1600 2060 de
1617 2029 1684 2060 Be·

984 2080 1083 2111 nefic.
1100 2089 1126 2110 1.
1140 2081 1171 2110 3.
1194 2079 1318 2109 ‘Nunc
1344 2078 1453 2108 dicam
1481 2087 1586 2119 quare
1613 2083 1682 2109 tres

986 2129 1241 2169 Gratiae,quare
1253 2136 1395 2165 sorores,
1406 2136 1511 2168 quare
1523 2127 1681 2166 implexis

985 2178 1151 2218 manibus,
1166 2186 1271 2218 quare
1288 2176 1452 2215 ridentes,
1464 2176 1622 2216 juvenes,
1646 2180 1683 2207 et

985 2228 1145 2268 virgines.
1160 2227 1336 2267 solutaque
1356 2235 1396 2257 ac
1421 2224 1595 2266 pellucida
1610 2235 1681 2256 ves-

986 2278 1044 2309 te!
1087 2279 1132 2309 Et
1159 2277 1260 2317 paulo
1285 2281 1383 2316 post:
1411 2277 1420 2293 ‘
1438 2275 1609 2307 Hesiodus
1636 2274 1681 2306 A·

983 2327 1107 2368 glaiam
1145 2326 1323 2357 maximam
1360 2329 1443 2356 natu
1479 2325 1682 2365 appellavit,

981 2376 1128 2408 mediam
1152 2375 1408 2416 Euphrosynen,
1437 2375 1574 2406 tertiam
1596 2375 1682 2405 Tha»

984 2426 1076 2456 liam.
1119 2425 1289 2456 Homerus
1304 2433 1423 2455 nomen
1446 2424 1502 2455 nni
1526 2425 1681 2463 mutavit,

985 2473 1180 2506 Pasitheam
1201 2473 1390 2514 appellavit
1415 2473 1556 2515 (nempe
1579 2473 1680 2505 Iliad.

985 2524 1048 2565 Ξ.).
1089 2523 1281 2555 Mercurius
1311 2532 1379 2554 nna
1399 2520 1495 2554 stat!
1548 2523 1680 2555 Gratiae

985 2583 1087 2615 porro
1111 2573 1222 2604 solutis
1241 2572 1325 2603 zonis
1351 2572 1536 2612 pinguntur
1552 2582 1592 2603 ac
1608 2573 1681 2612 pel-

985 2623 1106 2655 lucidis
1123 2622 1283 2660 vestibus‚
1292 2622 1371 2663 quia
1383 2622 1566 2653 amicorum
1577 2622 1679 2653 animi

987 2674 1050 2705 sibi
1066 2673 1208 2704 invicem
1225 2672 1352 2703 debent
1377 2681 1452 2703 esse
1468 2672 1591 2713 aperti,
1606 2672 1679 2703 sine

988 2722 1080 2764 fuco,
1094 2722 1167 2754 sine
1183 2721 1389 2762 ambagibus.
