1916 3190
651 232 925 266 canmnun
961 231 1057 262 mu.
1089 232 1123 261 1.
1151 222 1194 262 7.

1586 219 1645 262 93

311 327 426 368 Sunt
445 326 605 380 quibus
625 339 760 368 unum
778 338 892 380 opus
912 328 997 374 est,
1019 325 1202 366 intactae
1226 322 1424 365 Palladis
1442 324 1591 366 urbem
1613 326 1643 366 5

369 393 571 434 Carmine
591 397 817 446 perpetuo
837 391 1075 441 celebrare,
1094 394 1138 432 et

196 494 245 525 vel
262 493 372 534 Tenpe
390 492 576 525 mantica.
621 492 702 525 Sunt
718 492 836 530 Poeta,
850 502 979 534 quorum
999 492 1109 523 uic-n
1121 491 1208 523 labor
1221 492 1268 523 est
1283 490 1411 522 laudare
1425 491 1559 522 carmine
1573 502 1643 522 con-

799 573 936 587 eeeeee

938 574 1037 586 ‘0010

197 628 350 669 placuit:
370 626 471 660 Ζεωι.
530 628 676 662 Quid-m
702 637 758 670 ap.
785 628 890 662 Jsui:
917 628 1104 669 bimarisque
1131 627 1350 660 Gorbatha—5
1376 627 1520 658 Palladis
1543 637 1645 658 arcem

196 675 282 702 unns
300 669 511 710 Benmauni‚
526 675 564 702 et
580 669 679 702 Dess.
690 672 722 702 2.
764 669 908 702 Palladis
922 680 1009 702 arces
1024 671 1145 709 Regin.
1160 675 1197 701 et
1212 670 1340 711 aliquot
1363 669 1531 705 Lambini.
1553 670 1642 710 quod

197 716 405 753 receperunt
419 712 537 744 Bentl.
552 712 700 752 cunning.
715 712 839 744 Saosd.
857 712 997 753 Bipout.
1013 711 1152 744 Wakef.
1169 712 1310 743 wetzel.
1324 716 1360 743 et
1374 711 1481 742 Kidd.
1505 713 1646 743 Palladis

195 754 281 786 areis
292 755 444 786 nonnulli
465 754 568 786 codd.
582 763 638 794 ap.
652 754 801 795 Cuning.

845 754 989 786 Palladis
1004 755 1109 786 urbem
1122 763 1238 786 omnes
1253 754 1425 785 Torrentii
1440 759 1477 785 et
1491 754 1643 794 Cruquii,

199 805 316 829 omnes
333 795 429 828 Harl·
443 795 560 828 Zarot.
577 797 717 828 Venett-
730 802 767 828 et
784 796 939 829 Flore—6
951 797 1031 828 Vox
1042 800 1074 828 et
1090 797 1189 828 abest
1198 806 1218 828 a
1228 796 1341 838 Lipss.
1352 798 1384 827 8.
1395 798 1428 827 4.
1444 799 1501 828 unt
1510 796 1643 827 emend.

841 870 985 903 NOTAE

194 933 314 965 inmite
338 937 533 975 agrotum
557 933 636 966 dum
660 933 802 970 Caurus,
824 938 895 965 tus-

195 983 306 1023 siun13
328 993 404 1016 cum
421 984 641 1025 Septemtrio,
659 984 693 1015 iu
714 983 896 1015 salubrita-

197 1035 266 1065 t'em
291 1033 541 1065 restituuntur-⁹
582 1033 683 1066 Adde
707 1034 739 1064 ei
765 1033 897 1074 regioni

197 1083 391 1115 claritatem
419 1094 439 1116 e
473 1083 644 1115 natalibus
676 1083 806 1115 Pittaci
837 1083 895 1124 qui

196 1141 283 1164 unns
305 1141 326 1164 e
348 1138 481 1174 septem
498 1134 644 1165 Graeciae
665 1132 896 1174 Sapienlibus,

196 1181 306 1215 Alcaei
328 1183 460 1220 Poetae,
483 1184 694 1225 aliorumque
712 1182 894 1214 illustrium

195 1233 383 1264 bominum.

239 1284 262 1314 2
288 1281 444 1323 Epheson]
465 1282 557 1314 Asiae
574 1281 717 1313 Minoris
730 1281 797 1312 ista
811 1281 895 1312 civi·

195 1336 248 1364 tas
274 1331 308 1362 in
334 1330 432 1363 Ionia
455 1332 520 1363 sita
539 1335 592 1362 est
616 1330 659 1362 ad
682 1330 777 1362 littus
794 1330 894 1361 maris

195 1381 302 1423 AEgei
334 1386 370 1413 et
404 1382 498 1414 sinus
525 1381 626 1421 Ionii,
659 1390 776 1412 versus
807 1381 896 1412 ostia

195 1431 332 1473 Caystri
345 1430 493 1463 fluminis
507 1443 515 1462 ε
534 1436 670 1472 portum
682 1430 788 1463 habet
799 1431 896 1463 valde

195 1481 408 1513 commodum
425 1490 605 1523 arcemque
625 1481 894 1513 munitissimam.

194 1530 238 1562 h
250 1539 291 1562 ea
302 1530 510 1563 celebratum
523 1536 575 1562 cst
589 1523 778 1562 Concilium
795 1540 895 1572 gene·

196 1580 267 1612 rale
293 1580 431 1612 tertium
454 1589 543 1611 anno
566 1580 694 1612 Salutis
709 1580 893 1621 Reparatae

196 1631 272 1661 ⁴81.
302 1629 365 1660 sub
391 1629 565 1661 Celestino
593 1629 703 1670 Papa,
732 1629 894 1660 adversus

197 1687 330 1711 errores
347 1678 500 1710 Nestorii
515 1678 775 1710 Haeresiarcbae.
801 1679 894 1710 Olim
916 1696 919 1699 μ

197 1728 320 1759 claruit
335 1727 518 1768 Ephesinae
532 1727 656 1759 Diame
679 1728 809 1768 templo
824 1732 896 1759 toto

199 1776 282 1808 orbe
312 1776 462 1808 celebri:
492 1776 534 1808 ab
561 1776 789 1808 Amazonibus
816 1786 896 1808 eon·

199 1825 273 1858 dita
287 1826 389 1857 etiam
405 1824 525 1857 fertur.

242 1876 419 1911 Binum-iste
447 1877 594 1908 Corinthi
618 1875 754 1916 Μαικία]
778 1876 894 1909 Corin-

200 1925 291 1962 thus,
316 1924 417 1956 bodie
449 1926 597 1966 Cornuto,
623 1926 703 1957 urbs
723 1926 894 1967 Pelopon·

198 1976 285 2017 nesi,
300 1976 334 2007 in
356 1975 487 2008 Isthmo
507 1982 563 2009 est
586 1976 698 2008 medio
712 1977 791 2017 sita,
803 1977 895 2008 inter

199 2026 267 2058 duo
281 2026 387 2057 maris
401 2026 551 2067 AEgaeum
572 2030 609 2058 et
626 2025 780 2064 Ionium;
803 2026 893 2058 unde

198 2075 327 2108 obn-ris
339 2075 485 2106 dicitur:
510 2084 581 2107 τοι-ο
596 2079 632 2107 et
647 2074 790 2116 figulina
804 2076 894 2107 cele-

198 2123 338 2156 bratur:
360 2125 371 2142 ‘
390 2124 495 2156 totius
517 2123 663 2156 Graeciae
686 2123 818 2156 lumen'
839 2134 893 2156 vo-

198 2177 255 2206 cst
268 2172 341 2205 Cic.
357 2182 420 2214 pro
435 2174 528 2214 Lege
544 2173 664 2205 Manil.
681 2179 717 2206 et
731 2173 853 2214 Agrar.
863 2177 895 2206 2.

197 2232 231 2255 n.
241 2225 295 2259 8⁶¹.
309 2223 358 2255 ita
368 2223 487 2255 scribit
497 2235 507 2255 :
526 2225 536 2242 ‘
550 2223 668 2256 Posita
682 2224 898 2265 [Corinthus]

197 2273 232 2304 in
241 2272 408 2314 angustiis
419 2278 521 2314 atque
532 2274 567 2305 in
577 2272 732 2306 faucibus
739 2274 898 2314 Graeciae,

197 2322 246 2354 sie
258 2326 298 2354 u't
312 2327 406 2354 terra
421 2323 571 2354 claustra
585 2323 737 2356 locorum
750 2328 897 2361 teneret,

199 2375 236 2403 et
256 2371 324 2403 duo
338 2372 443 2403 maria
464 2372 608 2404 maxime
623 2373 832 2414 navigationi
847 2373 897 2404 di-

199 2428 299 2453 versa
320 2430 419 2462 pa‘ne
432 2421 673 2462 conjungeret,
687 2431 764 2454 cum
784 2427 898 2464 perte-

200 2472 259 2503 nui
273 2471 468 2503 discrimine
482 2473 708 2513 separentur-⁸
736 2472 896 2504 Luxurioe

202 2525 283 2552 vero
303 2519 442 2552 iufamia
463 2521 629 2553 laboravit
649 2521 747 2562 odeo,
770 2527 809 2554 ut
832 2523 897 2554 Co·

202 2568 354 2601 rintbiari
369 2570 568 2602 dicerentur
583 2571 640 2613 qui
663 2571 834 2614 impudice
851 2571 897 2602 vi-

205 2624 335 2649 verent.
377 2619 495 2660 Lippis
512 2625 615 2662 atque
634 2621 825 2653 tonsoribus
841 2631 897 2652 au-

206 2665 278 2696 dita
307 2666 384 2699 Lais
412 2670 576 2701 meretrix
606 2670 731 2703 ibidem
759 2670 899 2709 famosa,

207 2721 340 2756 tamque
362 2718 522 2757 pretiosa,
543 2725 582 2751 ut
603 2720 827 2758 Demostheni
848 2721 900 2751 sui

139 2771 142 2774 ·
206 2764 336 2804 copiam
348 2773 413 2796 non
425 2765 488 2796 nisi
497 2767 614 2799 decem
625 2769 770 2800 minibus
782 2769 900 2801 drach-

948 944 1078 966 marum
1104 934 1253 967 vendere
1276 934 1402 974 vellet;
1436 940 1646 976 quapropter

949 984 1118 1016 abstinuit
1143 985 1202 1016 ille
1229 989 1265 1016 et
1292 984 1490 1026 respondit:
1522 985 1647 1018 ‘Tanti

950 1043 1016 1065 non
1039 1043 1115 1065 emo
1144 1034 1337 1074 poenitere.’
1379 1035 1432 1065 Ex
1448 1034 1506 1065 illa
1528 1040 1645 1066 natum

949 1088 1002 1115 est
1031 1083 1208 1124 adagium:
1246 1085 1256 1102 ⁸
1276 1084 1355 1116 Non
1383 1085 1467 1116 licet
1492 1085 1645 1116 omnibus

948 1133 1043 1164 adire
1059 1132 1283 1165 Corinthum:

992 1185 1012 1213 ³
1035 1182 1162 1214 Baccho
1177 1181 1311 1223 ructu]
1333 1181 1481 1214 Cadmus
1496 1180 1645 1214 indifica-

947 1231 998 1262 vit
1011 1241 1087 1262 eam
1102 1230 1222 1262 urbem
1237 1230 1272 1262 in
1289 1231 1438 1271 Boeotia,
1452 1232 1647 1264 nobilitavit

947 1281 1094 1311 maxime
1110 1279 1267 1312 Bacchus
1285 1279 1333 1311 ibi
1353 1285 1465 1312 natus.
1504 1281 1646 1322 Apollo-

948 1329 1023 1362 dor.
1040 1330 1101 1361 lib.
1117 1339 1175 1362 ιιι.

989 1379 1134 1421 Apolline
1163 1379 1316 1421 Delphos]
1362 1380 1524 1412 Parnassi
1546 1381 1647 1422 juga,

948 1429 1022 1462 sons
1038 1430 1222 1470 Castalius,
1236 1435 1271 1462 at
1293 1439 1365 1471 prae
1390 1430 1545 1462 omuibus
1560 1430 1647 1462 Ora-

948 1480 1062 1511 eulum
1093 1479 1272 1521 Apollinis,
1301 1478 1450 1512 efferunt
1482 1479 1647 1520 Delphos.

947 1530 1052 1562 Soliu.
1085 1530 1210 1561 Strabo
1226 1529 1284 1561 lib.
1298 1538 1353 1561 ιι.
1369 1529 1472 1562 Alex.
1484 1529 1528 1561 ab
1543 1530 1646 1561 Alex.

950 1587 1002 1611 vr.
1018 1582 1052 1611 2.
1074 1579 1084 1597 ‘
1100 1578 1255 1620 Delphi,’
1273 1579 1396 1621 inquit,
1410 1579 1420 1597 ‘
1435 1579 1525 1611 orbis
1541 1579 1648 1610 umbi-

949 1629 1045 1667 licus,
1072 1638 1250 1660 commune
1276 1629 1424 1661 omnium
1447 1629 1648 1668 Oraculum,

948 1678 980 1709 in
1007 1678 1076 1709 alto
1094 1678 1278 1718 Parnasso,
1291 1679 1371 1710 urbs
1394 1687 1461 1710 non
1481 1679 1647 1710 moenibns

949 1727 1009 1758 sed
1037 1728 1190 1768 abruptis
1213 1727 1356 1768 rupibus
1376 1728 1520 1767 inunita,
1541 1727 1648 1758 arduo

950 1786 990 1808 ac
1002 1775 1131 1807 difficili
1146 1785 1300 1807 ascensu.
1322 1777 1504 1817 Templum
1518 1775 1650 1817 Apolli-

948 1826 999 1856 nis
1012 1826 1107 1857 eultu
1132 1830 1169 1857 et
1190 1825 1356 1866 religione
1376 1825 1478 1866 longe
1499 1825 1651 1857 celebra-

947 1875 1111 1906 tissimum
1131 1875 1222 1906 iutra
1242 1874 1359 1906 urbem
1382 1883 1450 1905 non
1471 1883 1576 1906 manu
1590 1883 1650 1905 ex·

948 1928 1093 1962 structa,
1108 1923 1167 1954 sed
1188 1923 1304 1954 nativa
1326 1922 1519 1963 praecipitia
1539 1924 1649 1954 runni-

947 1971 1052 2003 vere.'
1083 1971 1251 2003 Haeeille.
1284 1970 1530 2003 Admirabilem
1546 1981 1647 2013 porro

947 2021 1125 2054 Gallorum
1142 2026 1289 2061 stragem
1302 2021 1441 2054 Brenno
1458 2021 1546 2054 duce
1564 2022 1649 2054 Del-

948 2073 1033 2114 phos
1062 2073 1167 2114 impie
1202 2072 1486 2113 oppugnantium,
1517 2072 1647 2113 Apolli-

948 2132 1094 2164 nemque
1130 2131 1207 2154 sese
1244 2123 1371 2154 acriter
1405 2122 1647 2162 vindicantem,

949 2172 1026 2214 lege
1042 2171 1132 2212 apud
1147 2171 1319 2205 Justiuum
1334 2171 1397 2204 lib.
1413 2180 1520 2203 xxiv.

992 2227 1012 2255 4
1039 2223 1186 2255 Thessala
1199 2221 1325 2263 Tempe]
1347 2222 1479 2254 Horum
1495 2222 1530 2253 in
1544 2223 1648 2254 Thes-

952 2273 1036 2305 salia
1050 2274 1203 2305 locorum
1218 2277 1317 2304 tanta
1330 2271 1396 2303 fnit
1407 2272 1598 2310 amoenitas,
1609 2275 1648 2302 ut

951 2324 979 2355 si
1003 2333 1079 2366 quae
1102 2323 1264 2363 deinceps
1287 2323 1380 2362 regio
1401 2322 1649 2360 celebraretur,

951 2383 1083 2405 amoena
1098 2374 1193 2404 velnt
1206 2374 1333 2413 Tempe
1348 2371 1532 2403 diceretur.
1571 2370 1648 2402 Illic

951 2423 1086 2455 Peneus
1101 2422 1223 2454 fluvius
1241 2421 1330 2452 inter
1344 2420 1464 2452 Ossam
1478 2424 1515 2451 et
1529 2418 1649 2460 Olym-

950 2482 1031 2512 pum
1048 2471 1265 2510 decurrebat,
1286 2470 1390 2507 colles
1412 2474 1510 2501 erant
1523 2469 1648 2502 dextra

951 2523 1104 2562 laevaque
1125 2520 1275 2551 molliter
1296 2519 1439 2558 incurvi,
1462 2528 1647 2552 nemoroxae

952 2570 1138 2610 convalles,
1150 2571 1215 2600 διο.
1237 2569 1328 2600 Vide
1341 2569 1447 2602 Solin.
1458 2569 1571 2602 Strab.
1587 2571 1645 2602 lib.

952 2629 1003 2651 ix.
1030 2620 1150 2650 AElian.
1167 2618 1226 2651 lib.
1247 2627 1305 2650 111.
1325 2618 1402 2651 init.
1417 2621 1482 2652 διο.
1505 2625 1566 2652 uos
1581 2620 1645 2652 ite-

953 2679 1025 2701 rum
1042 2673 1162 2709 postea
1176 2677 1201 2700 1.
1219 2667 1287 2700 od.
1301 2671 1356 2701 21.
1370 2674 1406 2701 et
1416 2678 1474 2701 ιιι.
1488 2668 1555 2702 od.
1570 2673 1601 2701 1.
1662 2671 1667 2676 “

995 2723 1013 2750 5
1037 2718 1117 2750 Sunt
1146 2719 1255 2760 quibus
1278 2728 1372 2751 unum
1398 2729 1474 2760 opus
1495 2724 1552 2756 est,
1574 2720 1643 2760 ξι]

953 2770 1039 2801 Sunt
1054 2767 1173 2800 Poe'tae
1187 2768 1244 2810 qui
1256 2777 1389 2809 semper
1403 2774 1528 2801 canunt
1539 2768 1645 2800 Athe-
