1916 3190
711 262 754 301 Q.
795 263 1006 295 HoRA'rll
1042 265 1218 299 FLAGG!

408 353 492 396 Cui
511 355 637 396 dabit
657 359 805 411 partes
826 358 974 400 scelus
994 361 1208 415 expiandi

405 421 436 462 J
440 422 617 475 upiter‘?
650 423 829 465 tandem
849 425 1020 478 venias,
1042 440 1290 480 precamur,

408 487 543 530 Nube
561 490 807 532 candentes
826 492 1033 535 humeros
1051 494 1255 545 amictus,

758 558 914 612 Augur
933 560 1115 614 Apollo.

406 623 512 666 Sive
533 630 581 666 tu
601 627 761 677 mavis,
782 626 977 680 Erycina
995 628 1165 679 ridens,
1228 680 1230 684 y

237 745 462 780 obsecrationes
477 750 603 782 minime
616 750 858 791 suscipientem?
904 750 966 782 Cui
983 751 1113 792 Jupiter
1132 751 1219 784 dabit
1242 762 1351 784 munus
1372 753 1495 784 eluendi
1514 753 1654 785 crimen?
1681 765 1699 785 o

240 787 510 829 Phoebesatictice.
521 793 714 825 obsecramus
725 796 760 825 ut
773 803 948 834 succurras,
959 794 1042 825 albos
1056 795 1198 826 humeros
1207 796 1286 828 nube
1297 796 1414 827 velatos
1429 795 1542 828 habens
1552 807 1563 827 .·
1585 806 1639 828 seu
1652 797 1701 827 cis

848 877 888 891 Ν
890 878 987 890 ooooo

990 878 1090 892 00000

239 928 282 958 26
309 926 409 961 Harl.
432 932 463 962 3.
481 940 574 971 prece
597 942 659 972 qua
676 933 924 973 fatigant.—29
950 935 1012 966 Cui
1034 934 1121 966 dabit
1144 933 1231 975 parti
1255 935 1353 966 scelus
1377 934 1565 975 expiandum
1586 933 1698 966 codex

241 969 541 1005 Bersmanni.—31
567 974 661 1005 Nube
684 976 830 1006 candenti
853 975 936 1007 Sax.
959 977 1044 1008 Vat.
1061 980 1092 1008 1.
1107 980 1140 1008 2.
1162 977 1270 1008 Torn.
1294 977 1363 1008 duo
1385 977 1487 1008 codd.
1507 977 1700 1016 Torrentii,

240 1011 308 1042 duo
323 1013 539 1053 Bersmanni,
554 1017 710 1057 plerique
726 1017 863 1048 Bonfin.
881 1018 994 1049 Pnlm.
1013 1021 1045 1049 1.
1060 1021 1091 1050 2.
1107 1021 1139 1051 3.
1172 1018 1377 1050 Anhaltinus
1403 1019 1568 1054 Fabricii,
1594 1019 1699 1051 Fran.

239 1055 343 1086 Dess.
358 1058 389 1086 l.
415 1056 510 1097 Lips.
526 1061 557 1089 1.
584 1058 684 1090 Harl.
705 1061 738 1090 6.
759 1060 840 1090 Vet.
858 1060 978 1092 Comb.
995 1061 1138 1092 [nocher.
1159 1060 1303 1092 Venett.
1319 1063 1415 1092 1477.
1432 1063 1528 1092 1478.
1551 1063 1647 1092 1479.
1661 1066 1701 1093 et

242 1098 338 1128 1483.
361 1098 498 1130 Marcii.
518 1103 554 1132 et
570 1100 717 1142 Cuning.
731 1105 766 1133 et
782 1101 831 1133 ita
843 1102 927 1134 Vet.
954 1102 1066 1136 schol.
1089 1103 1267 1136 candente&
1288 1111 1408 1134 omnes
1422 1102 1524 1136 codd.
1545 1103 1699 1144 Cruquii,

906 1189 1047 1221 NOTAE

244 1249 466 1289 potentiores.
504 1251 576 1283 Cic.
603 1251 645 1284 de
672 1253 755 1294 Leg.
774 1262 815 1285 ιι.
837 1262 870 1284 n.
890 1256 945 1286 20.

244 1301 254 1317 ⁴
271 1299 429 1340 Virgines
444 1301 603 1333 Vestales
629 1303 661 1333 in
685 1304 769 1334 urbe
795 1304 946 1336 custodi·

243 1351 327 1380 tinto
357 1350 470 1391 ignem
511 1350 578 1383 soci
610 1353 738 1394 publici
768 1355 947 1396 sempiter-

243 1398 349 1431 num!
383 1400 429 1431 Et
450 1410 483 1432 n.
498 1404 551 1434 29.
574 1404 584 1420 ⁸
601 1403 709 1435 Vesta
731 1404 830 1445 qnasi
851 1404 947 1436 focus

243 1448 337 1480 urbis
350 1469 357 1479 -
370 1472 378 1482 .
391 1473 399 1481 .
411 1472 419 1480 .
429 1451 460 1482 ei
491 1452 645 1483 colendae
671 1453 829 1492 Virgines
858 1464 947 1495 prae-

245 1499 350 1540 sunt‚’
377 1502 441 1532 &c-
486 1501 575 1533 Vide
602 1501 646 1533 A.
672 1503 824 1535 Gellium
851 1513 876 1535 1.
897 1507 949 1536 12.

245 1548 318 1589 ubi,
334 1550 423 1581 inter
445 1551 511 1582 alia
528 1551 616 1584 bene
640 1554 760 1592 multa,
781 1554 853 1585 liaec
868 1555 949 1585 scri-

245 1598 318 1632 bit:
347 1600 357 1617 ‘
374 1601 550 1633 Vestalem
575 1602 750 1643 Virginem
780 1604 946 1636 minorem

244 1649 341 1680 annis
364 1658 437 1688 sex,
458 1652 623 1692 majorem
647 1661 748 1693 qnam
769 1663 873 1685 annos
889 1653 948 1685 de-

247 1708 322 1730 cem
346 1705 459 1731 natam
476 1701 552 1741 capi
567 1699 618 1732 fas
634 1711 701 1733 non
718 1712 793 1734 esse
807 1713 816 1733 :
842 1704 948 1744 patri-

246 1758 333 1780 mam
347 1756 382 1781 et
398 1751 589 1782 matrimam
606 1762 680 1783 esse
695 1758 874 1794 oportere:
891 1763 948 1785 ne-

248 1810 315 1841 que
330 1800 448 1841 lingna
459 1801 575 1841 debili,
584 1811 728 1834 sensuve
744 1804 876 1835 aurium
889 1804 950 1836 de·

248 1853 424 1892 minutam,
439 1854 550 1884 aliave
565 1854 684 1894 quavis
707 1855 859 1896 corporis
873 1854 951 1886 labe

248 1902 466 1941 insignitam:
499 1912 563 1934 nec
590 1912 665 1943 quae
686 1903 774 1944 ipsa,
798 1909 858 1935 aut
877 1904 951 1945 ejus

248 1956 350 1992 pater
362 1951 597 1991 emancipatus
613 1953 657 1983 sit
671 1963 679 1982 :
702 1957 761 1983 aut
777 1954 875 1993 cuj-us
892 1964 952 1993 pa·

249 2006 366 2033 rentes
391 2002 594 2032 servitutem
622 2001 817 2039 servierint,
843 2002 897 2032 vel
919 2002 951 2032 in

248 2051 395 2084 sordidis
412 2050 557 2091 negotiis
574 2051 813 2090 diversentur‚’
825 2053 888 2083 &c.

295 2102 407 2133 Minus
421 2101 610 2141 audientem]
641 2102 717 2132 Prae
737 2101 787 2131 ira
803 2101 952 2141 graviori

252 2157 289 2183 et
304 2150 378 2183 fere
402 2150 623 2192 implacabili,
647 2155 717 2182 tum
745 2150 788 2181 ob
810 2149 952 2182 effusum

251 2202 356 2244 impie
379 2202 578 2242 sanguinem
604 2201 666 2232 sibi
693 2204 885 2242 cognatum,
915 2206 954 2234 ut

248 2254 320 2294 jam
338 2257 418 2285 ante
433 2253 515 2292 dixi,
527 2257 598 2284 tum
610 2252 652 2283 ob
667 2251 866 2292 sacrilegam
880 2261 955 2293 per-

254 2312 430 2334 cussorum
447 2301 656 2340 ·andaciam,
683 2311 760 2343 quae
789 2311 954 2333 summum

253 2353 474 2386 Sacerdotem
512 2352 689 2392 violarant,
713 2347 850 2393 *absque
887 2353 955 2384 ulla

254 2404 441 2437 Numinnm
473 2402 679 2434 reverentia.
726 2400 830 2434 Ovid.
862 2401 954 2433 Fast-

253 2463 314 2488 111.
330 2456 404 2485 700.
431 2452 481 2484 ita
504 2452 613 2483 Vesta
636 2450 805 2492 loquitur:
830 2454 839 2469 ¹
855 2451 955 2482 Meus

256 2504 323 2536 fuit
336 2504 392 2539 ille
406 2502 592 2535 Sacerdos:
615 2501 802 2542 Sacrilegae
811 2501 889 2533 telis
901 2512 954 2534 me

257 2554 390 2595 petiere
407 2552 548 2584 manus.’

299 2606 341 2634 30
369 2603 483 2634 Venias
502 2601 680 2642 precamur]
702 2601 848 2634 Invocat
870 2611 955 2643 prae-

258 2654 359 2694 cipue
376 2652 584 2693 Apollinem,
596 2653 652 2693 qui
670 2656 706 2684 et
720 2652 877 2692 TroJanis
889 2653 957 2693 pri-

258 2705 392 2744 dem‚et
403 2706 481 2744 post
493 2702 652 2734 Romanis
659 2711 794 2743 semper
802 2702 957 2744 impense

258 2754 356 2786 favit.

302 2807 344 2836 31
370 2802 462 2835 Nube
475 2803 639 2834 candentes
653 2802 795 2834 humeros
812 2802 958 2844 amictus]

1001 1253 1118 1284 Missis
1165 1253 1307 1285 aliorum
1346 1239 1706 1295 interpretationibus,

999 1304 1090 1336 hunc
1109 1304 1218 1335 locum
1234 1304 1361 1345 optime
1377 1304 1550 1345 intelligas
1566 1313 1644 1336 curn
1664 1304 1704 1335 iis

1001 1354 1058 1396 qni
1085 1359 1210 1395 putant
1228 1354 1381 1386 allusisse
1398 1353 1581 1386 Horatium
1600 1354 1642 1385 ad
1665 1354 1701 1386 id
1720 1398 1726 1405 ι

1002 1405 1090 1444 quod
1106 1407 1375 1436 commemorant
1393 1413 1481 1435 anno
1497 1403 1626 1435 caedem
1641 1403 1705 1437 Ju-

1001 1454 1038 1485 lii
1055 1454 1198 1486 Caesaris
1214 1458 1401 1486 consecuto
1424 1453 1535 1486 Solem
1558 1453 1703 1495 caligine

1002 1504 1197 1535 obvelatum
1228 1514 1365 1545 semper
1393 1503 1512 1544 fuisse,
1541 1504 1638 1546 quasi
1669 1504 1703 1535 in

1005 1554 1143 1585 sceleris
1164 1554 1304 1585 admissi
1322 1553 1586 1586 execrationem.
1623 1553 1706 1585 Plu-

1006 1603 1115 1634 tarch.
1131 1604 1165 1634 in
1179 1604 1329 1643 Caesare,
1343 1603 1414 1636 Dio
1430 1603 1489 1635 lib.
1505 1612 1590 1635 xcv.
1612 1603 1704 1635 Plin-

1006 1662 1047 1684 ιι.
1064 1655 1117 1686 30.
1145 1653 1154 1669 ‘
1167 1653 1415 1695 Prodigiosus,’
1440 1654 1566 1695 inquit,
1589 1655 1600 1673 ‘
1616 1654 1706 1686 Solis

1006 1702 1176 1744 defectus,
1206 1704 1320 1736 occiso
1346 1705 1532 1737 Dictatore
1558 1704 1707 1744 Caesare,

1006 1755 1114 1786 totius
1141 1764 1240 1796 paene
1263 1755 1342 1786 anni
1365 1755 1495 1796 pallore
1519 1755 1706 1787 continno!

1005 1803 1131 1845 Virgil.
1160 1803 1287 1845 Geor-g.
1318 1812 1345 1835 1.
1373 1806 1450 1836 466.
1486 1804 1497 1822 ⁴
1513 1804 1573 1836 Sol
1600 1803 1707 1836 etiam

1005 1854 1160 1886 extincto
1181 1854 1364 1886 miseratus
1390 1854 1529 1886 Caesare
1551 1854 1706 1895 Romam,

1006 1905 1092 1936 Cum
1105 1909 1211 1946 caput
1220 1903 1366 1936 obscura
1377 1904 1523 1937 nitidum
1531 1904 1707 1947 ferrugine

1005 1955 1093 1985 texit
1107 1965 1117 1993 ς
1140 1955 1320 1996 Impiaque
1337 1960 1503 1988 aeternam
1519 1956 1710 1989 timuerunt

1007 2003 1133 2033 saecula
1149 2007 1309 2034 noctem.’
1557 2011 1563 2017 ·

1049 2054 1091 2082 32
1113 2051 1226 2090 Augur
1240 2051 1370 2092 Apollo]
1397 2053 1534 2095 Quippe
1549 2056 1608 2096 qui
1623 2055 1709 2088 divi-

1006 2100 1203 2131 nationibus
1219 2109 1367 2140 praeesse
1383 2103 1600 2137 credebatur.

1049 2152 1090 2181 33
1116 2151 1273 2192 Erycina]
1296 2152 1384 2184 Post
1405 2153 1615 2195 Apollinem,
1637 2156 1709 2188 Ve-

1008 2200 1100 2231 neris
1130 2210 1231 2241 opem
1261 2201 1421 2243 implorat
1433 2212 1445 2233 2
1483 2214 1561 2246 que
1597 2211 1709 2239 mater

1007 2250 1138 2292 AEneae,
1160 2260 1180 2282 a
1202 2252 1296 2293 cujus
1320 2251 1394 2284 filio
1416 2252 1494 2286 Iulo
1516 2255 1633 2287 Coesar
1645 2255 1710 2288 Ju-

1008 2300 1084 2333 lius.
1128 2301 1245 2333 Venus
1270 2311 1373 2343 porro
1395 2303 1431 2334 in
1456 2304 1569 2346 Eryce
1582 2305 1710 2337 Sieiliae

1008 2354 1125 2382 monte
1142 2349 1258 2383 fanum
1276 2351 1442 2393 babebat,
1455 2353 1546 2386 unde
1561 2354 1712 2396 Erycina

1009 2401 1112 2434 dicta.
1157 2401 1301 2433 Romam
1333 2407 1456 2444 postea
1485 2404 1649 2436 translata
1673 2405 1709 2437 in

1010 2451 1120 2483 aedem
1141 2451 1204 2492 ipsi
1226 2451 1288 2483 sub
1303 2451 1367 2484 hac
1383 2453 1616 2494 appellatione
1629 2464 1710 2487 con·-

1008 2507 1176 2535 sectatam
1187 2507 1285 2534 extra
1297 2506 1431 2543 portam
1441 2504 1619 2537 Collinam·
1635 2506 1712 2539 Nec

1010 2553 1234 2585 omittendum
1249 2553 1340 2594 quod
1352 2553 1473 2596 Venus·
1481 2554 1628 2588 Caesaris
1639 2556 1711 2589 dic-

1010 2608 1046 2635 ta
1060 2603 1106 2635 sit
1121 2602 1284 2644 genitrix,
1300 2607 1337 2635 et
1352 2602 1396 2634 ab
1411 2612 1454 2635 eo
1466 2602 1585 2637 dicata
1606 2606 1711 2639 etiam

1011 2652 1086 2685 aede
1100 2652 1262 2693 singulari
1275 2652 1370 2684 cultu
1385 2652 1570 2694 δοῦσι-αἴας
1585 2654 1620 2687 in
1634 2664 1710 2688 cas-

1012 2703 1076 2735 tris
1089 2701 1234 2744 denique
1250 2702 1320 2743 ejus
1336 2706 1468 2734 tessera
1480 2701 1548 2735 fuit
1562 2705 1712 2746 genitrix

1011 2753 1149 2792 Venus;
1166 2751 1255 2784 sicut
1270 2751 1304 2783 in
1319 2751 1423 2793 Syllae
1439 2751 1578 2794 Apollo,
1587 2752 1624 2786 in
1639 2754 1711 2787 An-

1013 2796 1098 2835 tonii
1121 2803 1188 2835 Lar
1210 2801 1318 2843 Deus,
1342 2802 1376 2834 in
1404 2803 1710 2846 Pompeiidnnio·

1637 432 1753 479 30.
