1916 3190
260 224 316 265 42
718 236 782 266 nu
815 236 1000 268 merlus
1031 237 1259 270 noRArn.

263 324 435 366 Secundi
455 330 607 380 generis
624 329 723 368 Odoe
741 331 806 368 26.

315 390 397 430 Lib.
420 404 451 429 1.
472 391 560 431 Ode
617 395 655 430 2.
684 393 774 430 Jam
794 392 890 430 satis
913 393 1022 430 terris
1042 393 1142 432 nivis
1168 401 1284 445 atque
1304 395 1413 434 dirae.

600 457 660 494 10.
692 455 875 501 Mercuri,
896 455 1064 494 facunde
1083 469 1206 508 nepos
1227 458 1411 496 Atlantis.

599 520 660 556 12.
691 518 817 562 Quem
838 519 960 556 virum
981 525 1048 557 aut
1066 519 1186 558 heroa
1200 520 1283 572 lyra
1301 521 1363 559 vel
1384 522 1476 560 acri.

595 583 661 621 20.
691 581 778 618 Vile
793 581 946 632 potabis
966 582 1128 620 modicis
1150 584 1351 622 Sabinum.

595 647 661 683 22.
694 645 850 695 Integer
868 644 959 682 vitoe
981 645 1216 697 scelerisque
1234 660 1368 699 purus..

598 710 664 747 25.
694 707 855 747 Parcius
870 707 1029 760 junctas
1048 710 1230 760 quatiunt
1249 711 1456 749 fenestras.

597 774 662 811 30.
692 773 726 810 Ο
743 772 890 818 Venus,
910 773 1046 824 regina
1066 773 1183 812 Cnidi
1201 774 1417 826 Paphique.

599 837 662 874 32.
692 835 899 874 Poscimus
917 836 950 874 si
969 836 1063 887 quid
1083 836 1196 876 vacui
1217 838 1290 875 sub
1313 837 1461 875 umbra.

599 900 664 937 38.
693 898 873 938 Persicos
893 899 974 947 odi,
992 913 1103 952 puer,
1121 908 1344 952 apparatus.

405 976 455 1000 υ.
631 966 669 1001 2.
700 962 843 1001 Nullus
864 970 1027 1014 argento
1047 964 1156 1003 color
1174 970 1236 1003 est
1255 964 1396 1003 avaris.

626 1027 666 1064 4.
697 1025 758 1063 Ne
779 1025 831 1064 sit
849 1025 1003 1064 ancilloe
1021 1026 1090 1064 tibi
1110 1039 1219 1065 amor
1240 1026 1396 1078 pudori.

627 1089 667 1126 6.
698 1087 862 1139 Septimi
881 1088 1016 1127 Gades
1036 1089 1188 1128 aditure
1207 1102 1374 1127 mecum.

627 1152 664 1188 8.
696 1151 786 1188 Ulla
806 1151 839 1189 si
858 1151 958 1203 juris
978 1152 1048 1190 tibi
1068 1152 1243 1204 pejerati.

607 1216 668 1252 10.
698 1213 861 1252 Rectius
879 1215 999 1261 vives,
1018 1215 1154 1262 Licini,
1174 1228 1302 1266 neque
1323 1215 1457 1253 altum.

605 1278 667 1315 16.
700 1277 834 1315 Otium
856 1277 977 1316 Divos
998 1285 1112 1329 rogat
1131 1278 1167 1316 in
1183 1278 1349 1330 patenti.

389 1354 459 1379 111.
630 1343 667 1378 8.
698 1340 852 1379 Martiis
872 1340 1016 1380 eoelebs
1036 1340 1131 1393 quid
1151 1354 1266 1393 agam
1288 1339 1494 1380 Kalendis.

604 1404 666 1441 ΙΙ.
697 1403 882 1450 Mercuri,
899 1416 988 1442 nam
1009 1411 1045 1443 te
1064 1403 1203 1443 docilis
1223 1405 1424 1456 magistro.

606 1468 667 1506 14.
698 1466 880 1506 Herculis
901 1468 975 1506 ritu
996 1467 1113 1506 modo
1133 1467 1274 1515 dictus,
1294 1458 1461 1520 o'plebS.

610 1532 670 1567 18.
701 1530 833 1569 Faune
856 1531 1123 1582 Nympharum
1142 1532 1360 1583 fugientum
1381 1537 1542 1570 amator.

604 1595 669 1632 20.
699 1594 790 1632 Non
810 1594 920 1633 vides
939 1601 1087 1647 quanto
1107 1607 1264 1634 moveas
1284 1594 1442 1648 periclo.

605 1659 669 1696 22.
700 1657 897 1696 Montium
914 1665 1048 1697 custos
1067 1671 1348 1710 nemorumque
1366 1659 1490 1710 virgo.

604 1723 669 1759 27.
699 1722 843 1774 Impios
864 1734 988 1773 parrae
1006 1722 1215 1761 recinentis
1235 1735 1361 1760 omen.

401 1798 462 1822 1v.
633 1786 672 1824 2.
702 1784 916 1823 Pindarum
938 1785 1114 1837 quisquis
1135 1785 1267 1824 studet
1285 1785 1472 1824 aemulari.

629 1847 666 1884 6.
698 1847 811 1894 Dive,
833 1861 947 1899 quem
968 1847 1097 1900 proles
1117 1848 1272 1886 Niobea
1288 1861 1455 1900 magnae.

613 1911 675 1946 ll.
706 1910 777 1948 Est
796 1911 890 1948 mihi
910 1923 1055 1949 nonum
1075 1913 1294 1963 superantis
1316 1925 1474 1950 annum.

326 1971 452 2022 Epod.
539 1983 676 2009 xv111.
706 1971 866 2019 Phoebe,
888 1973 1160 2024 sylvarumque
1180 1982 1319 2025 potens
1341 1975 1484 2013 Diana.

325 2088 533 2127 Teanum
563 2102 735 2128 Gssuus:
768 2096 813 2127 ut
843 2102 876 2129 1.
909 2089 987 2127 Od.
1019 2091 1056 2128 3.
1087 2102 1176 2140 quoe
1209 2096 1270 2128 est
1291 2088 1453 2128 Dicolos
1475 2089 1725 2141 Distrophos.

273 2151 426 2189 Primus
462 2153 630 2204 quisque
667 2165 801 2191 versus
844 2158 906 2191 est
942 2152 1236 2191 Choriambicus
1287 2152 1505 2204 Glyconius
1539 2152 1728 2192 Trimeter

272 2213 549 2253 Acatalectus:
580 2222 768 2254 constans
801 2229 822 2254 e
849 2214 1063 2266 Spoudaeo,
1084 2215 1334 2262 choriambo,
1357 2221 1398 2254 et
1424 2215 1635 2268 Pyrrichio,
1663 2214 1727 2254 vel

279 2277 437 2321 Iambo;
460 2279 542 2317 sic:

443 2363 501 2395 Sic
519 2368 552 2395 te
568 2381 622 2386 --
649 2347 744 2396 Diva
759 2367 884 2405 potens
897 2379 999 2397 W
1027 2363 1132 2405 Cypri
1148 2379 1198 2396 υ-

328 2446 534 2486 Secundus
552 2450 643 2486 vero
663 2448 829 2499 quisque
850 2448 1145 2487 Choriambicus
1172 2447 1456 2499 Asclepiadeus
1489 2446 1729 2485 Tetrameter

278 2508 555 2547 Acatalectus:
586 2522 607 2548 e
637 2509 851 2561 Spondaeo,
877 2511 1032 2549 duobus
1056 2510 1318 2557 Choriambis‚
1344 2517 1384 2548 et
1405 2508 1649 2562 Pyrrhichio‚
1667 2508 1729 2546 vel

282 2571 438 2614 Iamb0;
461 2573 543 2610 sic:

402 2667 457 2698 Sic
474 2666 526 2699 fra
542 2685 593 2691 —-
610 2672 679 2700 tres
700 2668 846 2701 Helenae
864 2685 961 2704 -w-
990 2669 1105 2702 lucida
1121 2669 1150 2701 si
1165 2684 1264 2702 *w-
1295 2668 1376 2700 dem
1392 2682 1448 2700 υυ

727 2729 778 2734 --
821 2726 918 2745 -w-
958 2728 1009 2745 υ-

802 2771 855 2778 -·-
896 2770 995 2789 -υυ-
1038 2769 1144 2788 -w-
1185 2769 1241 2786 υυ
