1916 3190
314 637 695 696 METRA
776 636 1466 699 HORATIANA.

433 819 521 858 CH.
549 819 702 858 WASE
730 820 1014 861 AMBROSIO
1044 822 1340 862 BONWICKE

845 984 885 1022 S.
906 985 948 1021 S.

173 1349 362 1394 Aurssos
391 1353 451 1386 tot
473 1348 605 1399 magni
627 1347 728 1386 inter
745 1347 906 1386 Graeeos
937 1347 1104 1386 nominis
1132 1347 1281 1399 Lyricae
1298 1349 1459 1389 Possios
1474 1358 1610 1390 aucto-

92 1414 95 1416 ’
170 1423 246 1458 res,
278 1423 380 1449 unus
412 1410 524 1450 nobis
559 1410 744 1450 Horatius
772 1410 879 1458 facit,
906 1416 951 1449 ut
974 1410 1100 1449 lenius
1122 1409 1402 1451 desideremus.
1458 1412 1612 1453 Placuit

170 1473 288 1524 igitur
324 1473 479 1513 saeculis
510 1473 656 1525 ingenii
684 1473 790 1520 felix,
823 1473 992 1512 numeris
1020 1473 1211 1513 curiosus.
1267 1474 1483 1514 Horatiana
1505 1483 1610 1514 certe

172 1535 301 1574 Metra
319 1536 530 1576 Diomedes
548 1544 589 1576 et
608 1537 756 1576 Marius
775 1536 1013 1584 Victoriana,
1029 1544 1170 1589 praeter
1195 1537 1372 1577 Plocium
1390 1546 1430 1577 et
1448 1538 1610 1576 Atilium

173 1592 507 1646 Fortunatianum,
526 1612 573 1638 ex
602 1600 779 1651 professo
805 1598 971 1650 posteris
998 1599 1190 1651 explicata
1209 1600 1458 1651 reliquerunt.
1514 1601 1610 1652 Spe·

172 1660 298 1708 einen
330 1662 540 1701 eorundem
571 1663 609 1700 in
638 1663 791 1701 brevem
821 1662 1003 1700 tabellam
1030 1664 1251 1714 conjectum
1284 1663 1499 1701 continenti
1525 1676 1611 1701 car-

174 1723 276 1762 mine
293 1723 513 1771 Petronius,
533 1725 709 1776 quisquis
737 1726 769 1763 is
797 1725 884 1770 fuit,
912 1727 1019 1773 (nam
1040 1725 1136 1764 alios
1156 1725 1331 1777 ejusdem
1348 1725 1513 1763 nominis
1534 1726 1612 1764 alia

174 1792 272 1824 aetas
299 1787 420 1834 tulit,)
438 1788 476 1825 in
494 1788 634 1839 vulgus
653 1787 790 1827 edidit.
844 1787 907 1824 Ad
931 1787 1035 1826 istud
1063 1788 1279 1838 exemplum
1306 1788 1494 1837 magistri,
1512 1801 1609 1839 qno-

174 1861 258 1885 rum
277 1847 493 1900 discipline
511 1850 619 1900 origo
650 1849 743 1887 mihi
770 1856 900 1887 tecum
923 1850 1140 1888 communis
1164 1850 1252 1896 fuit,
1270 1855 1369 1900 quot
1384 1850 1612 1900 septimanis

174 1916 324 1949 mutato
342 1911 468 1957 titulo,
488 1923 561 1950 nos
579 1911 724 1950 tirones
742 1911 794 1949 ad
812 1910 1053 1961 multijugam
1080 1912 1190 1964 Lyrae
1214 1912 1364 1950 Latinae
1378 1912 1612 1952 modulatio·

174 1985 265 2012 nem
293 1980 560 2012 exercuerunt.
614 1974 675 2012 Ita
697 1972 811 2012 velim
835 1973 911 2025 lioc
929 1973 1076 2025 nomini
1094 1981 1163 2013 tuo
1180 1974 1408 2026 inscriptum
1426 1975 1611 2027 accipias,

174 2036 229 2074 ita
245 2035 402 2081 tuearis,
421 2047 500 2074 non
517 2041 703 2086 tanquam
733 2035 891 2087 aliquod
920 2049 1106 2088 maguum
1130 2044 1199 2076 aut
1224 2050 1382 2085 novum,
1401 2037 1470 2076 sed
1489 2046 1533 2076 ut
1550 2039 1611 2076 in-

174 2097 337 2150 dignum
362 2098 468 2150 quod
492 2098 533 2136 in
565 2098 857 2138 desuetudinem
890 2100 1019 2147 abeat,
1046 2113 1135 2139 cum
1165 2101 1205 2139 in
1232 2114 1274 2140 se
1298 2108 1449 2139 tantum
1468 2100 1611 2140 habeat

173 2161 407 2213 compendii.
461 2161 587 2200 Tuum
618 2163 692 2201 erit
721 2163 845 2201 vicem
877 2163 1095 2214 Pasiphaes
1114 2164 1361 2210 substituere,
1397 2164 1609 2214 Daphnen,

176 2224 446 2272 Phaethonta,
471 2225 664 2266 Cadmum
716 2227 914 2271 Quantum
933 2227 1150 2278 argumenti
1166 2227 1244 2266 veri
1258 2234 1326 2265 aut
1339 2227 1503 2265 fabulosi
1518 2229 1610 2265 erni·

174 2293 256 2334 net,
274 2288 473 2326 materiam
491 2287 779 2339 suppeditabit;
812 2287 930 2326 modo
954 2301 1004 2327 ue
1028 2288 1131 2328 desit
1148 2290 1316 2328 afflatus.
1359 2288 1469 2326 Ultro
1488 2291 1610 2340 rapiet

172 2349 226 2388 ad
245 2362 288 2388 se
308 2362 536 2401 generosam
554 2352 713 2390 urbanae
737 2351 952 2401 juventutis
977 2351 1163 2398 indolem,
1180 2351 1221 2389 ni
1240 2351 1365 2397 fallor,
1384 2350 1520 2388 artifex
1538 2363 1608 2402 pa-

176 2412 293 2463 giua;
325 2425 404 2481 quo
421 2413 564 2453 rectius
581 2413 633 2452 ad
652 2413 947 2466 Dithyrambum
977 2414 1230 2452 contendant.
1286 2412 1398 2451 Vale.
