<?xml version="1.0" encoding="UTF-8"?>
<!DOCTYPE html PUBLIC "-//W3C//DTD XHTML 1.0 Transitional//EN"
    "http://www.w3.org/TR/xhtml1/DTD/xhtml1-transitional.dtd">
<html xmlns="http://www.w3.org/1999/xhtml" xml:lang="en" lang="en">
 <head>
  <title>
</title>
<meta http-equiv="Content-Type" content="text/html;charset=utf-8" />
  <meta name='ocr-system' content='tesseract 3.04.00' />
  <meta name='ocr-capabilities' content='ocr_page ocr_carea ocr_par ocr_line ocrx_word'/>
</head>
<body>
  <div class='ocr_page' id='page_1' title='image "./operazeune01horauoft_0066.png"; bbox 0 0 1916 3190; ppageno 0'>
   <div class='ocr_carea' id='block_1_1' title="bbox 272 225 328 267">
    <p class='ocr_par' dir='ltr' id='par_1_1' title="bbox 272 225 328 267">
     <span class='ocr_line' id='line_1_1' title="bbox 272 225 328 267; baseline 0 0"><span class='ocrx_word' id='word_1_1' title='bbox 272 225 328 267; x_wconf 81' lang='lat'><strong>58</strong></span> 
     </span>
    </p>
   </div>
   <div class='ocr_carea' id='block_1_2' title="bbox 263 327 482 738">
    <p class='ocr_par' dir='ltr' id='par_1_2' title="bbox 263 327 482 738">
     <span class='ocr_line' id='line_1_2' title="bbox 276 327 406 360; baseline -0.008 0"><span class='ocrx_word' id='word_1_2' title='bbox 276 327 406 360; x_wconf 89' lang='lat' dir='ltr'><strong>Moret.</strong></span> 
     </span>
     <span class='ocr_line' id='line_1_3' title="bbox 274 380 407 412; baseline 0.008 -1"><span class='ocrx_word' id='word_1_3' title='bbox 274 380 407 412; x_wconf 82' lang='lat' dir='ltr'><strong>Muret.</strong></span> 
     </span>
     <span class='ocr_line' id='line_1_4' title="bbox 274 433 392 465; baseline -0.008 0"><span class='ocrx_word' id='word_1_4' title='bbox 274 433 392 465; x_wconf 82' lang='lat' dir='ltr'><strong>Nann.</strong></span> 
     </span>
     <span class='ocr_line' id='line_1_5' title="bbox 274 484 395 517; baseline -0.008 0"><span class='ocrx_word' id='word_1_5' title='bbox 274 484 395 517; x_wconf 89' lang='lat' dir='ltr'><strong>Nicot.</strong></span> 
     </span>
     <span class='ocr_line' id='line_1_6' title="bbox 279 536 393 569; baseline -0.009 -1"><span class='ocrx_word' id='word_1_6' title='bbox 279 536 393 569; x_wconf 84' lang='lat' dir='ltr'><strong>oxon.</strong></span> 
     </span>
     <span class='ocr_line' id='line_1_7' title="bbox 277 589 482 622; baseline 0.005 -1"><span class='ocrx_word' id='word_1_7' title='bbox 277 589 389 621; x_wconf 77' lang='lat' dir='ltr'><strong>Paris.</strong></span> <span class='ocrx_word' id='word_1_8' title='bbox 403 591 436 622; x_wconf 88' lang='lat'><strong>1.</strong></span> <span class='ocrx_word' id='word_1_9' title='bbox 449 592 482 622; x_wconf 80' lang='lat'><strong>2.</strong></span> 
     </span>
     <span class='ocr_line' id='line_1_8' title="bbox 263 643 437 675; baseline -0.006 0"><span class='ocrx_word' id='word_1_10' title='bbox 263 643 437 675; x_wconf 70' lang='lat' dir='ltr'><strong>&#39;Petrens.</strong></span> 
     </span>
     <span class='ocr_line' id='line_1_9' title="bbox 276 696 448 738; baseline 0 -10"><span class='ocrx_word' id='word_1_11' title='bbox 276 696 448 738; x_wconf 88' lang='lat' dir='ltr'><strong>Porphyr.</strong></span> 
     </span>
    </p>
   </div>
   <div class='ocr_carea' id='block_1_3' title="bbox 275 745 612 783">
    <p class='ocr_par' dir='ltr' id='par_1_3' title="bbox 275 745 612 783">
     <span class='ocr_line' id='line_1_10' title="bbox 275 745 612 783; baseline 0.003 -2"><span class='ocrx_word' id='word_1_12' title='bbox 275 745 389 783; x_wconf 75' lang='lat' dir='ltr'><strong>Fulm.</strong></span> <span class='ocrx_word' id='word_1_13' title='bbox 407 752 438 782; x_wconf 89' lang='lat'><strong>1.</strong></span> <span class='ocrx_word' id='word_1_14' title='bbox 450 753 484 783; x_wconf 76' lang='lat'><strong>2.</strong></span> <span class='ocrx_word' id='word_1_15' title='bbox 499 752 532 782; x_wconf 77' lang='lat'><strong>3.</strong></span> <span class='ocrx_word' id='word_1_16' title='bbox 548 751 612 782; x_wconf 68' lang='lat' dir='ltr'><strong>dte.</strong></span> 
     </span>
    </p>
   </div>
   <div class='ocr_carea' id='block_1_4' title="bbox 276 802 464 1681">
    <p class='ocr_par' dir='ltr' id='par_1_4' title="bbox 276 802 453 1154">
     <span class='ocr_line' id='line_1_11' title="bbox 277 802 453 844; baseline 0.011 -10"><span class='ocrx_word' id='word_1_17' title='bbox 277 802 364 844; x_wconf 77' lang='lat' dir='ltr'><strong>Reg.</strong></span> <span class='ocrx_word' id='word_1_18' title='bbox 377 802 453 836; x_wconf 84' lang='lat' dir='ltr'><strong>Soc.</strong></span> 
     </span>
     <span class='ocr_line' id='line_1_12' title="bbox 277 855 402 896; baseline 0 -10"><span class='ocrx_word' id='word_1_19' title='bbox 277 855 402 896; x_wconf 81' lang='lat' dir='ltr'>Regin.</span> 
     </span>
     <span class='ocr_line' id='line_1_13' title="bbox 277 908 440 941; baseline 0 -1"><span class='ocrx_word' id='word_1_20' title='bbox 277 908 440 941; x_wconf 80' lang='lat' dir='ltr'><strong>Russard.</strong></span> 
     </span>
     <span class='ocr_line' id='line_1_14' title="bbox 279 963 440 1003; baseline 0 -10"><span class='ocrx_word' id='word_1_21' title='bbox 279 963 440 1003; x_wconf 85' lang='lat' dir='ltr'><strong>Rutgers.</strong></span> 
     </span>
     <span class='ocr_line' id='line_1_15' title="bbox 276 1015 401 1047; baseline -0.008 0"><span class='ocrx_word' id='word_1_22' title='bbox 276 1015 401 1047; x_wconf 81' lang='lat' dir='ltr'><strong>Sanad.</strong></span> 
     </span>
     <span class='ocr_line' id='line_1_16' title="bbox 276 1068 381 1100; baseline 0 0"><span class='ocrx_word' id='word_1_23' title='bbox 276 1068 381 1100; x_wconf 77' lang='lat' dir='ltr'><strong>Sand-</strong></span> 
     </span>
     <span class='ocr_line' id='line_1_17' title="bbox 276 1120 358 1154; baseline 0.024 -2"><span class='ocrx_word' id='word_1_24' title='bbox 276 1120 358 1154; x_wconf 79' lang='lat' dir='ltr'><strong>Ssx.</strong></span> 
     </span>
    </p>

    <p class='ocr_par' dir='ltr' id='par_1_5' title="bbox 278 1174 340 1207">
     <span class='ocr_line' id='line_1_18' title="bbox 278 1174 340 1207; baseline -0.016 0"><span class='ocrx_word' id='word_1_25' title='bbox 278 1174 340 1207; x_wconf 91' lang='lat' dir='ltr'><strong>Sil.</strong></span> 
     </span>
    </p>

    <p class='ocr_par' dir='ltr' id='par_1_6' title="bbox 278 1226 371 1311">
     <span class='ocr_line' id='line_1_19' title="bbox 278 1226 369 1258; baseline -0.011 0"><span class='ocrx_word' id='word_1_26' title='bbox 278 1226 369 1258; x_wconf 81' lang='lat' dir='ltr'><strong>Sivr.</strong></span> 
     </span>
     <span class='ocr_line' id='line_1_20' title="bbox 280 1279 371 1311; baseline 0 -1"><span class='ocrx_word' id='word_1_27' title='bbox 280 1279 371 1311; x_wconf 86' lang='lat' dir='ltr'><strong>Stat.</strong></span> 
     </span>
    </p>

    <p class='ocr_par' dir='ltr' id='par_1_7' title="bbox 280 1331 464 1681">
     <span class='ocr_line' id='line_1_21' title="bbox 281 1331 464 1372; baseline 0 -9"><span class='ocrx_word' id='word_1_28' title='bbox 281 1332 329 1363; x_wconf 82' lang='lat' dir='ltr'><strong>H.</strong></span> <span class='ocrx_word' id='word_1_29' title='bbox 345 1331 464 1372; x_wconf 79' lang='lat' dir='ltr'><strong>steph.</strong></span> 
     </span>
     <span class='ocr_line' id='line_1_22' title="bbox 281 1384 460 1425; baseline 0 -10"><span class='ocrx_word' id='word_1_30' title='bbox 281 1384 323 1416; x_wconf 88' lang='lat' dir='ltr'><strong>R.</strong></span> <span class='ocrx_word' id='word_1_31' title='bbox 340 1384 460 1425; x_wconf 84' lang='lat' dir='ltr'><strong>Steph-</strong></span> 
     </span>
     <span class='ocr_line' id='line_1_23' title="bbox 280 1436 424 1469; baseline 0.007 -1"><span class='ocrx_word' id='word_1_32' title='bbox 280 1436 424 1469; x_wconf 87' lang='lat' dir='ltr'><strong>Talbot.</strong></span> 
     </span>
     <span class='ocr_line' id='line_1_24' title="bbox 283 1490 386 1521; baseline 0 0"><span class='ocrx_word' id='word_1_33' title='bbox 283 1490 386 1521; x_wconf 87' lang='lat' dir='ltr'><strong>Tons.</strong></span> 
     </span>
     <span class='ocr_line' id='line_1_25' title="bbox 282 1543 386 1574; baseline -0.01 0"><span class='ocrx_word' id='word_1_34' title='bbox 282 1543 386 1574; x_wconf 76' lang='lat' dir='ltr'><strong>Torn-</strong></span> 
     </span>
     <span class='ocr_line' id='line_1_26' title="bbox 281 1595 445 1628; baseline 0.006 -1"><span class='ocrx_word' id='word_1_35' title='bbox 281 1595 445 1628; x_wconf 84' lang='lat' dir='ltr'><strong>Torrent.</strong></span> 
     </span>
     <span class='ocr_line' id='line_1_27' title="bbox 282 1647 376 1681; baseline 0.021 -2"><span class='ocrx_word' id='word_1_36' title='bbox 282 1647 376 1681; x_wconf 84' lang='lat' dir='ltr'><strong>Trin.</strong></span> 
     </span>
    </p>
   </div>
   <div class='ocr_carea' id='block_1_5' title="bbox 282 1753 505 1942">
    <p class='ocr_par' dir='ltr' id='par_1_8' title="bbox 282 1753 362 1785">
     <span class='ocr_line' id='line_1_28' title="bbox 282 1753 362 1785; baseline 0 0"><span class='ocrx_word' id='word_1_37' title='bbox 282 1753 362 1785; x_wconf 81' lang='lat' dir='ltr'><strong>tJrs.</strong></span> 
     </span>
    </p>

    <p class='ocr_par' dir='ltr' id='par_1_9' title="bbox 283 1806 505 1942">
     <span class='ocr_line' id='line_1_29' title="bbox 283 1806 463 1838; baseline 0.006 -1"><span class='ocrx_word' id='word_1_38' title='bbox 283 1806 364 1838; x_wconf 81' lang='lat' dir='ltr'><strong>Vat.</strong></span> <span class='ocrx_word' id='word_1_39' title='bbox 383 1809 413 1838; x_wconf 93' lang='grc'><strong>1.</strong></span> <span class='ocrx_word' id='word_1_40' title='bbox 430 1809 463 1838; x_wconf 82' lang='grc'><strong>2.</strong></span> 
     </span>
     <span class='ocr_line' id='line_1_30' title="bbox 284 1858 410 1890; baseline -0.008 -1"><span class='ocrx_word' id='word_1_41' title='bbox 284 1858 410 1890; x_wconf 83' lang='lat' dir='ltr'><strong>Venet.</strong></span> 
     </span>
     <span class='ocr_line' id='line_1_31' title="bbox 286 1910 505 1942; baseline 0 0"><span class='ocrx_word' id='word_1_42' title='bbox 286 1911 370 1942; x_wconf 87' lang='lat' dir='ltr'><strong>Vet.</strong></span> <span class='ocrx_word' id='word_1_43' title='bbox 386 1910 505 1942; x_wconf 92' lang='lat' dir='ltr'><strong>Comb.</strong></span> 
     </span>
    </p>
   </div>
   <div class='ocr_carea' id='block_1_6' title="bbox 286 2067 522 2109">
    <p class='ocr_par' dir='ltr' id='par_1_10' title="bbox 286 2067 522 2109">
     <span class='ocr_line' id='line_1_32' title="bbox 286 2067 522 2109; baseline 0 -10"><span class='ocrx_word' id='word_1_44' title='bbox 286 2067 364 2109; x_wconf 85' lang='lat' dir='ltr'><strong>Vig.</strong></span> <span class='ocrx_word' id='word_1_45' title='bbox 378 2068 522 2108; x_wconf 84' lang='lat' dir='ltr'><strong>Vigorn.</strong></span> 
     </span>
    </p>
   </div>
   <div class='ocr_carea' id='block_1_7' title="bbox 287 2120 447 2256">
    <p class='ocr_par' dir='ltr' id='par_1_11' title="bbox 287 2120 447 2256">
     <span class='ocr_line' id='line_1_33' title="bbox 287 2120 406 2151; baseline 0.008 -1"><span class='ocrx_word' id='word_1_46' title='bbox 287 2120 406 2151; x_wconf 83' lang='lat' dir='ltr'><strong>vinar.</strong></span> 
     </span>
     <span class='ocr_line' id='line_1_34' title="bbox 289 2172 388 2203; baseline 0.01 -1"><span class='ocrx_word' id='word_1_47' title='bbox 289 2172 388 2203; x_wconf 86' lang='lat' dir='ltr'><strong>Voss.</strong></span> 
     </span>
     <span class='ocr_line' id='line_1_35' title="bbox 289 2224 447 2256; baseline 0.006 -1"><span class='ocrx_word' id='word_1_48' title='bbox 289 2224 447 2256; x_wconf 85' lang='lat' dir='ltr'><strong>Waddel.</strong></span> 
     </span>
    </p>
   </div>
   <div class='ocr_carea' id='block_1_8' title="bbox 290 2329 426 2362">
    <p class='ocr_par' dir='ltr' id='par_1_12' title="bbox 290 2329 426 2362">
     <span class='ocr_line' id='line_1_36' title="bbox 290 2329 426 2362; baseline 0 0"><span class='ocrx_word' id='word_1_49' title='bbox 290 2329 426 2362; x_wconf 72' lang='lat' dir='ltr'><strong>Wakef.</strong></span> 
     </span>
    </p>
   </div>
   <div class='ocr_carea' id='block_1_9' title="bbox 291 2434 440 2519">
    <p class='ocr_par' dir='ltr' id='par_1_13' title="bbox 291 2434 440 2519">
     <span class='ocr_line' id='line_1_37' title="bbox 291 2434 440 2466; baseline 0.007 -1"><span class='ocrx_word' id='word_1_50' title='bbox 291 2434 440 2466; x_wconf 77' lang='lat' dir='ltr'><strong>Wetzel.</strong></span> 
     </span>
     <span class='ocr_line' id='line_1_38' title="bbox 293 2488 370 2519; baseline -0.026 0"><span class='ocrx_word' id='word_1_51' title='bbox 293 2488 370 2519; x_wconf 61' lang='grc' dir='ltr'><strong>ΖΒΓ.</strong></span> 
     </span>
    </p>
   </div>
   <div class='ocr_carea' id='block_1_10' title="bbox 294 2589 426 2674">
    <p class='ocr_par' dir='ltr' id='par_1_14' title="bbox 294 2589 426 2674">
     <span class='ocr_line' id='line_1_39' title="bbox 295 2589 399 2620; baseline -0.019 0"><span class='ocrx_word' id='word_1_52' title='bbox 295 2589 399 2620; x_wconf 83' lang='lat' dir='ltr'><strong>Zeun.</strong></span> 
     </span>
     <span class='ocr_line' id='line_1_40' title="bbox 294 2641 426 2674; baseline -0.023 0"><span class='ocrx_word' id='word_1_53' title='bbox 294 2641 426 2674; x_wconf 78' lang='lat' dir='ltr'><strong>Zulicli.</strong></span> 
     </span>
    </p>
   </div>
   <div class='ocr_carea' id='block_1_11' title="bbox 588 211 1352 266">
    <p class='ocr_par' dir='ltr' id='par_1_15' title="bbox 588 211 1352 266">
     <span class='ocr_line' id='line_1_41' title="bbox 588 211 1352 266; baseline -0.001 -1"><span class='ocrx_word' id='word_1_54' title='bbox 588 211 591 214; x_wconf 39' lang='lat'><strong>⁴</strong></span> <span class='ocrx_word' id='word_1_55' title='bbox 656 233 920 265; x_wconf 65' lang='lat' dir='ltr'><strong>annuimus</strong></span> <span class='ocrx_word' id='word_1_56' title='bbox 953 232 1352 266; x_wconf 70' lang='lat' dir='ltr'><strong>AnpnAnss‘mcus.</strong></span> 
     </span>
    </p>
   </div>
   <div class='ocr_carea' id='block_1_12' title="bbox 663 326 1676 1584">
    <p class='ocr_par' dir='ltr' id='par_1_16' title="bbox 670 326 1266 367">
     <span class='ocr_line' id='line_1_42' title="bbox 670 326 1266 367; baseline 0 -9"><span class='ocrx_word' id='word_1_57' title='bbox 670 326 789 358; x_wconf 86' lang='lat' dir='ltr'><strong>Codex</strong></span> <span class='ocrx_word' id='word_1_58' title='bbox 806 326 934 358; x_wconf 81' lang='lat' dir='ltr'><strong>Moreti</strong></span> <span class='ocrx_word' id='word_1_59' title='bbox 951 326 1042 367; x_wconf 82' lang='lat' dir='ltr'><strong>apud</strong></span> <span class='ocrx_word' id='word_1_60' title='bbox 1057 327 1266 359; x_wconf 86' lang='lat' dir='ltr'><strong>Bentleium.</strong></span> 
     </span>
    </p>

    <p class='ocr_par' dir='ltr' id='par_1_17' title="bbox 663 379 1658 525">
     <span class='ocr_line' id='line_1_43' title="bbox 663 379 1551 417; baseline 0 -6"><span class='ocrx_word' id='word_1_61' title='bbox 663 380 713 411; x_wconf 89' lang='lat' dir='ltr'><strong>M.</strong></span> <span class='ocrx_word' id='word_1_62' title='bbox 731 380 813 411; x_wconf 87' lang='lat' dir='ltr'><strong>Ant.</strong></span> <span class='ocrx_word' id='word_1_63' title='bbox 829 380 988 411; x_wconf 86' lang='lat' dir='ltr'><strong>Muretus</strong></span> <span class='ocrx_word' id='word_1_64' title='bbox 1004 379 1038 411; x_wconf 90' lang='lat' dir='ltr'><strong>in</strong></span> <span class='ocrx_word' id='word_1_65' title='bbox 1054 379 1216 411; x_wconf 87' lang='lat' dir='ltr'><strong>Editione</strong></span> <span class='ocrx_word' id='word_1_66' title='bbox 1231 388 1304 417; x_wconf 82' lang='lat' dir='ltr'><strong>sua,</strong></span> <span class='ocrx_word' id='word_1_67' title='bbox 1317 379 1441 410; x_wconf 83' lang='lat' dir='ltr'><strong>Venet.</strong></span> <span class='ocrx_word' id='word_1_68' title='bbox 1455 380 1551 411; x_wconf 78' lang='lat'><strong>1⁵⁵1.</strong></span> 
     </span>
     <span class='ocr_line' id='line_1_44' title="bbox 667 431 1658 465; baseline -0.001 -1"><span class='ocrx_word' id='word_1_69' title='bbox 667 433 794 464; x_wconf 85' lang='lat' dir='ltr'><strong>Petrus</strong></span> <span class='ocrx_word' id='word_1_70' title='bbox 810 432 965 464; x_wconf 74' lang='lat' dir='ltr'><strong>Nunnius</strong></span> <span class='ocrx_word' id='word_1_71' title='bbox 981 431 1023 464; x_wconf 89' lang='lat' dir='ltr'><strong>ad</strong></span> <span class='ocrx_word' id='word_1_72' title='bbox 1040 432 1120 465; x_wconf 86' lang='lat' dir='ltr'><strong>Art.</strong></span> <span class='ocrx_word' id='word_1_73' title='bbox 1133 431 1237 464; x_wconf 73' lang='grc' dir='ltr'><strong>Ροέῑ.</strong></span> <span class='ocrx_word' id='word_1_74' title='bbox 1252 431 1287 463; x_wconf 88' lang='lat' dir='ltr'><strong>in</strong></span> <span class='ocrx_word' id='word_1_75' title='bbox 1303 431 1461 464; x_wconf 83' lang='lat' dir='ltr'><strong>Editione</strong></span> <span class='ocrx_word' id='word_1_76' title='bbox 1474 431 1658 463; x_wconf 73' lang='lat' dir='ltr'><strong>Tot-rentii.</strong></span> 
     </span>
     <span class='ocr_line' id='line_1_45' title="bbox 666 483 1269 525; baseline 0 -10"><span class='ocrx_word' id='word_1_77' title='bbox 666 483 782 516; x_wconf 86' lang='lat' dir='ltr'>Codex</span> <span class='ocrx_word' id='word_1_78' title='bbox 797 494 896 525; x_wconf 89' lang='lat' dir='ltr'><strong>quem</strong></span> <span class='ocrx_word' id='word_1_79' title='bbox 913 484 1058 517; x_wconf 88' lang='lat' dir='ltr'><strong>contulit</strong></span> <span class='ocrx_word' id='word_1_80' title='bbox 1074 484 1269 516; x_wconf 80' lang='lat' dir='ltr'><strong>Lambinus.</strong></span> 
     </span>
    </p>

    <p class='ocr_par' dir='ltr' id='par_1_18' title="bbox 813 537 1200 570">
     <span class='ocr_line' id='line_1_46' title="bbox 813 537 1200 570; baseline -0.003 0"><span class='ocrx_word' id='word_1_81' title='bbox 813 537 1021 570; x_wconf 84' lang='lat' dir='ltr'><strong>oxoniensis</strong></span> <span class='ocrx_word' id='word_1_82' title='bbox 1038 537 1200 569; x_wconf 85' lang='lat' dir='ltr'><strong>Bentleii.</strong></span> 
     </span>
    </p>

    <p class='ocr_par' dir='ltr' id='par_1_19' title="bbox 667 588 1448 632">
     <span class='ocr_line' id='line_1_47' title="bbox 667 588 1448 632; baseline -0.003 -10"><span class='ocrx_word' id='word_1_83' title='bbox 667 590 749 622; x_wconf 86' lang='lat' dir='ltr'><strong>Duo</strong></span> <span class='ocrx_word' id='word_1_84' title='bbox 764 590 901 623; x_wconf 84' lang='lat' dir='ltr'><strong>codices</strong></span> <span class='ocrx_word' id='word_1_85' title='bbox 915 590 1077 630; x_wconf 84' lang='lat' dir='ltr'><strong>Parisini,</strong></span> <span class='ocrx_word' id='word_1_86' title='bbox 1094 599 1178 632; x_wconf 85' lang='lat' dir='ltr'><strong>quos</strong></span> <span class='ocrx_word' id='word_1_87' title='bbox 1192 589 1279 621; x_wconf 85' lang='lat' dir='ltr'><strong>citat</strong></span> <span class='ocrx_word' id='word_1_88' title='bbox 1292 588 1448 621; x_wconf 88' lang='lat' dir='ltr'><strong>Waddel.</strong></span> 
     </span>
    </p>

    <p class='ocr_par' dir='ltr' id='par_1_20' title="bbox 673 642 1479 738">
     <span class='ocr_line' id='line_1_48' title="bbox 673 642 1479 686; baseline -0.004 -10"><span class='ocrx_word' id='word_1_89' title='bbox 673 643 793 676; x_wconf 84' lang='lat' dir='ltr'>Codex</span> <span class='ocrx_word' id='word_1_90' title='bbox 809 644 997 684; x_wconf 85' lang='lat' dir='ltr'><strong>Petrensis,</strong></span> <span class='ocrx_word' id='word_1_91' title='bbox 1013 653 1113 686; x_wconf 89' lang='lat' dir='ltr'><strong>quem</strong></span> <span class='ocrx_word' id='word_1_92' title='bbox 1130 643 1275 676; x_wconf 75' lang='lat' dir='ltr'><strong>contulit</strong></span> <span class='ocrx_word' id='word_1_93' title='bbox 1290 642 1479 675; x_wconf 89' lang='lat' dir='ltr'><strong>Bentleius.</strong></span> 
     </span>
     <span class='ocr_line' id='line_1_49' title="bbox 673 696 1219 738; baseline -0.002 -10"><span class='ocrx_word' id='word_1_94' title='bbox 673 696 877 738; x_wconf 85' lang='lat' dir='ltr'><strong>Porphyrio,</strong></span> <span class='ocrx_word' id='word_1_95' title='bbox 890 701 988 728; x_wconf 82' lang='lat' dir='ltr'><strong>vetus</strong></span> <span class='ocrx_word' id='word_1_96' title='bbox 1000 696 1219 728; x_wconf 86' lang='lat' dir='ltr'><strong>Scholiastes.</strong></span> 
     </span>
    </p>

    <p class='ocr_par' dir='ltr' id='par_1_21' title="bbox 669 749 1025 782">
     <span class='ocr_line' id='line_1_50' title="bbox 669 749 1025 782; baseline -0.003 -1"><span class='ocrx_word' id='word_1_97' title='bbox 669 749 816 782; x_wconf 87' lang='lat' dir='ltr'><strong>Codices</strong></span> <span class='ocrx_word' id='word_1_98' title='bbox 831 749 1025 782; x_wconf 80' lang='lat' dir='ltr'><strong>Pulmanni.</strong></span> 
     </span>
    </p>

    <p class='ocr_par' dir='ltr' id='par_1_22' title="bbox 668 799 1298 844">
     <span class='ocr_line' id='line_1_51' title="bbox 668 799 1298 844; baseline -0.005 -10"><span class='ocrx_word' id='word_1_99' title='bbox 668 801 786 834; x_wconf 87' lang='lat' dir='ltr'>Codex</span> <span class='ocrx_word' id='word_1_100' title='bbox 804 802 927 844; x_wconf 75' lang='lat' dir='ltr'><strong>Regiae</strong></span> <span class='ocrx_word' id='word_1_101' title='bbox 942 801 1126 834; x_wconf 83' lang='lat' dir='ltr'><strong>Societatis</strong></span> <span class='ocrx_word' id='word_1_102' title='bbox 1141 799 1298 832; x_wconf 89' lang='lat' dir='ltr'><strong>Londini.</strong></span> 
     </span>
    </p>

    <p class='ocr_par' dir='ltr' id='par_1_23' title="bbox 665 852 1184 895">
     <span class='ocr_line' id='line_1_52' title="bbox 665 852 1184 895; baseline -0.006 -8"><span class='ocrx_word' id='word_1_103' title='bbox 665 871 793 879; x_wconf 88' lang='lat'><strong>—-—</strong></span> <span class='ocrx_word' id='word_1_104' title='bbox 809 854 1008 895; x_wconf 81' lang='lat' dir='ltr'><strong>Reginensis</strong></span> <span class='ocrx_word' id='word_1_105' title='bbox 1022 852 1184 885; x_wconf 80' lang='lat' dir='ltr'><strong>Bentleii.</strong></span> 
     </span>
    </p>

    <p class='ocr_par' dir='ltr' id='par_1_24' title="bbox 810 908 981 940">
     <span class='ocr_line' id='line_1_53' title="bbox 810 908 981 940; baseline 0 0"><span class='ocrx_word' id='word_1_106' title='bbox 810 908 981 940; x_wconf 79' lang='lat' dir='ltr'><strong>Lambini.</strong></span> 
     </span>
    </p>

    <p class='ocr_par' dir='ltr' id='par_1_25' title="bbox 667 959 1599 1053">
     <span class='ocr_line' id='line_1_54' title="bbox 667 959 1599 1002; baseline -0.004 -8"><span class='ocrx_word' id='word_1_107' title='bbox 667 962 777 995; x_wconf 83' lang='lat' dir='ltr'><strong>Janus</strong></span> <span class='ocrx_word' id='word_1_108' title='bbox 794 962 996 1002; x_wconf 78' lang='lat' dir='ltr'><strong>Rutgersius</strong></span> <span class='ocrx_word' id='word_1_109' title='bbox 1009 960 1042 992; x_wconf 89' lang='lat' dir='ltr'><strong>in</strong></span> <span class='ocrx_word' id='word_1_110' title='bbox 1059 961 1171 992; x_wconf 89' lang='lat' dir='ltr'><strong>Lectt.</strong></span> <span class='ocrx_word' id='word_1_111' title='bbox 1183 959 1379 999; x_wconf 82' lang='lat' dir='ltr'><strong>Venusinis,</strong></span> <span class='ocrx_word' id='word_1_112' title='bbox 1391 959 1486 1000; x_wconf 84' lang='lat' dir='ltr'><strong>Traj.</strong></span> <span class='ocrx_word' id='word_1_113' title='bbox 1502 961 1599 990; x_wconf 77' lang='lat'><strong>1699.</strong></span> 
     </span>
     <span class='ocr_line' id='line_1_55' title="bbox 668 1012 1419 1053; baseline -0.003 -8"><span class='ocrx_word' id='word_1_114' title='bbox 668 1014 866 1046; x_wconf 80' lang='lat' dir='ltr'><strong>Sanadonus</strong></span> <span class='ocrx_word' id='word_1_115' title='bbox 882 1015 916 1045; x_wconf 91' lang='lat' dir='ltr'><strong>in</strong></span> <span class='ocrx_word' id='word_1_116' title='bbox 932 1013 1093 1046; x_wconf 85' lang='lat' dir='ltr'><strong>Editione</strong></span> <span class='ocrx_word' id='word_1_117' title='bbox 1108 1023 1181 1053; x_wconf 87' lang='lat' dir='ltr'><strong>sua,</strong></span> <span class='ocrx_word' id='word_1_118' title='bbox 1196 1012 1308 1045; x_wconf 81' lang='lat' dir='ltr'><strong>Paris.</strong></span> <span class='ocrx_word' id='word_1_119' title='bbox 1323 1015 1419 1044; x_wconf 76' lang='lat'><strong>1⁷28.</strong></span> 
     </span>
    </p>

    <p class='ocr_par' dir='ltr' id='par_1_26' title="bbox 671 1065 1284 1106">
     <span class='ocr_line' id='line_1_56' title="bbox 671 1065 1284 1106; baseline -0.003 -8"><span class='ocrx_word' id='word_1_120' title='bbox 671 1066 790 1098; x_wconf 83' lang='lat' dir='ltr'><strong>Editio</strong></span> <span class='ocrx_word' id='word_1_121' title='bbox 804 1066 885 1098; x_wconf 83' lang='lat' dir='ltr'><strong>Gul.</strong></span> <span class='ocrx_word' id='word_1_122' title='bbox 900 1065 1051 1106; x_wconf 84' lang='lat' dir='ltr'><strong>Sandby,</strong></span> <span class='ocrx_word' id='word_1_123' title='bbox 1065 1065 1175 1097; x_wconf 86' lang='lat' dir='ltr'><strong>Lond.</strong></span> <span class='ocrx_word' id='word_1_124' title='bbox 1190 1067 1284 1097; x_wconf 76' lang='grc'><strong>1749.</strong></span> 
     </span>
    </p>

    <p class='ocr_par' dir='ltr' id='par_1_27' title="bbox 670 1117 1277 1160">
     <span class='ocr_line' id='line_1_57' title="bbox 670 1117 1277 1160; baseline -0.003 -10"><span class='ocrx_word' id='word_1_125' title='bbox 670 1119 847 1160; x_wconf 75' lang='lat' dir='ltr'><strong>Excerpta</strong></span> <span class='ocrx_word' id='word_1_126' title='bbox 857 1118 950 1151; x_wconf 83' lang='lat' dir='ltr'><strong>Saxii</strong></span> <span class='ocrx_word' id='word_1_127' title='bbox 965 1117 1055 1159; x_wconf 84' lang='lat' dir='ltr'><strong>apud</strong></span> <span class='ocrx_word' id='word_1_128' title='bbox 1073 1117 1277 1153; x_wconf 84' lang='lat' dir='ltr'><strong>Gesnernm.</strong></span> 
     </span>
    </p>

    <p class='ocr_par' dir='ltr' id='par_1_28' title="bbox 671 1169 1676 1308">
     <span class='ocr_line' id='line_1_58' title="bbox 671 1169 1505 1213; baseline -0.004 -9"><span class='ocrx_word' id='word_1_129' title='bbox 671 1171 791 1204; x_wconf 86' lang='lat' dir='ltr'><strong>Codex</strong></span> <span class='ocrx_word' id='word_1_130' title='bbox 810 1171 971 1204; x_wconf 82' lang='lat' dir='ltr'><strong>Gualteri</strong></span> <span class='ocrx_word' id='word_1_131' title='bbox 984 1170 1094 1210; x_wconf 84' lang='lat' dir='ltr'><strong>Silvii,</strong></span> <span class='ocrx_word' id='word_1_132' title='bbox 1109 1180 1209 1213; x_wconf 89' lang='lat' dir='ltr'><strong>quem</strong></span> <span class='ocrx_word' id='word_1_133' title='bbox 1225 1170 1311 1202; x_wconf 84' lang='lat' dir='ltr'><strong>citat</strong></span> <span class='ocrx_word' id='word_1_134' title='bbox 1325 1169 1505 1212; x_wconf 85' lang='lat' dir='ltr'><strong>Cruquius.</strong></span> 
     </span>
     <span class='ocr_line' id='line_1_59' title="bbox 675 1222 1676 1264; baseline -0.002 -9"><span class='ocrx_word' id='word_1_135' title='bbox 675 1223 763 1255; x_wconf 89' lang='lat' dir='ltr'><strong>Lnd.</strong></span> <span class='ocrx_word' id='word_1_136' title='bbox 779 1223 957 1255; x_wconf 78' lang='lat' dir='ltr'><strong>Poinsinot</strong></span> <span class='ocrx_word' id='word_1_137' title='bbox 972 1223 1015 1254; x_wconf 90' lang='lat' dir='ltr'><strong>de</strong></span> <span class='ocrx_word' id='word_1_138' title='bbox 1027 1222 1128 1264; x_wconf 83' lang='lat' dir='ltr'><strong>Sivry</strong></span> <span class='ocrx_word' id='word_1_139' title='bbox 1145 1222 1180 1254; x_wconf 92' lang='lat' dir='ltr'><strong>in</strong></span> <span class='ocrx_word' id='word_1_140' title='bbox 1197 1222 1359 1254; x_wconf 82' lang='lat' dir='ltr'><strong>Editione</strong></span> <span class='ocrx_word' id='word_1_141' title='bbox 1374 1231 1444 1258; x_wconf 81' lang='lat' dir='ltr'><strong>sua,</strong></span> <span class='ocrx_word' id='word_1_142' title='bbox 1459 1222 1568 1254; x_wconf 78' lang='lat' dir='ltr'><strong>Paris.</strong></span> <span class='ocrx_word' id='word_1_143' title='bbox 1582 1224 1676 1254; x_wconf 92' lang='grc'><strong>1777.</strong></span> 
     </span>
     <span class='ocr_line' id='line_1_60' title="bbox 678 1275 1082 1308; baseline -0.005 0"><span class='ocrx_word' id='word_1_144' title='bbox 678 1276 797 1308; x_wconf 85' lang='lat' dir='ltr'><strong>Codex</strong></span> <span class='ocrx_word' id='word_1_145' title='bbox 810 1275 950 1308; x_wconf 86' lang='lat' dir='ltr'><strong>Achillis</strong></span> <span class='ocrx_word' id='word_1_146' title='bbox 967 1276 1082 1308; x_wconf 84' lang='lat' dir='ltr'><strong>Statii.</strong></span> 
     </span>
    </p>

    <p class='ocr_par' dir='ltr' id='par_1_29' title="bbox 676 1321 1383 1370">
     <span class='ocr_line' id='line_1_61' title="bbox 676 1321 1383 1370; baseline -0.001 -9"><span class='ocrx_word' id='word_1_147' title='bbox 676 1329 794 1361; x_wconf 85' lang='lat' dir='ltr'><strong>Editio</strong></span> <span class='ocrx_word' id='word_1_148' title='bbox 812 1321 957 1361; x_wconf 77' lang='lat' dir='ltr'><strong>Henrici</strong></span> <span class='ocrx_word' id='word_1_149' title='bbox 971 1329 1148 1370; x_wconf 78' lang='lat' dir='ltr'><strong>Stephani,</strong></span> <span class='ocrx_word' id='word_1_150' title='bbox 1162 1329 1272 1360; x_wconf 77' lang='lat' dir='ltr'><strong>Paris.</strong></span> <span class='ocrx_word' id='word_1_151' title='bbox 1289 1331 1383 1361; x_wconf 82' lang='grc'><strong>1577.</strong></span> 
     </span>
    </p>

    <p class='ocr_par' dir='ltr' id='par_1_30' title="bbox 675 1382 1401 1423">
     <span class='ocr_line' id='line_1_62' title="bbox 675 1382 1401 1423; baseline -0.006 -7"><span class='ocrx_word' id='word_1_152' title='bbox 675 1398 804 1407; x_wconf 90' lang='lat'><em>-—-—</em></span> <span class='ocrx_word' id='word_1_153' title='bbox 819 1383 961 1415; x_wconf 85' lang='lat' dir='ltr'><strong>Roberti</strong></span> <span class='ocrx_word' id='word_1_154' title='bbox 978 1382 1156 1423; x_wconf 80' lang='lat' dir='ltr'><strong>Stephani,</strong></span> <span class='ocrx_word' id='word_1_155' title='bbox 1171 1382 1291 1414; x_wconf 76' lang='lat' dir='ltr'><strong>Colon.</strong></span> <span class='ocrx_word' id='word_1_156' title='bbox 1309 1384 1401 1413; x_wconf 78' lang='grc'><strong>1613.</strong></span> 
     </span>
    </p>

    <p class='ocr_par' dir='ltr' id='par_1_31' title="bbox 763 1435 1348 1472">
     <span class='ocr_line' id='line_1_63' title="bbox 763 1435 1348 1472; baseline -0.005 -3"><span class='ocrx_word' id='word_1_157' title='bbox 763 1454 804 1460; x_wconf 92' lang='grc'>-</span> <span class='ocrx_word' id='word_1_158' title='bbox 817 1437 894 1470; x_wconf 82' lang='lat' dir='ltr'><strong>Jac.</strong></span> <span class='ocrx_word' id='word_1_159' title='bbox 909 1436 1073 1472; x_wconf 77' lang='lat' dir='ltr'><strong>Talbotii,</strong></span> <span class='ocrx_word' id='word_1_160' title='bbox 1089 1435 1234 1468; x_wconf 82' lang='lat' dir='ltr'><strong>Cantab.</strong></span> <span class='ocrx_word' id='word_1_161' title='bbox 1251 1437 1348 1467; x_wconf 89' lang='grc'><strong>1701.</strong></span> 
     </span>
    </p>

    <p class='ocr_par' dir='ltr' id='par_1_32' title="bbox 680 1487 1416 1530">
     <span class='ocr_line' id='line_1_64' title="bbox 680 1487 1416 1530; baseline -0.003 -9"><span class='ocrx_word' id='word_1_162' title='bbox 680 1488 797 1522; x_wconf 82' lang='lat' dir='ltr'><strong>Codex</strong></span> <span class='ocrx_word' id='word_1_163' title='bbox 812 1489 998 1529; x_wconf 72' lang='lat' dir='ltr'><strong>Tonsanus,</strong></span> <span class='ocrx_word' id='word_1_164' title='bbox 1012 1498 1115 1530; x_wconf 84' lang='lat' dir='ltr'><strong>quem</strong></span> <span class='ocrx_word' id='word_1_165' title='bbox 1130 1488 1217 1520; x_wconf 85' lang='lat' dir='ltr'><strong>citat</strong></span> <span class='ocrx_word' id='word_1_166' title='bbox 1232 1487 1416 1529; x_wconf 84' lang='lat' dir='ltr'><strong>Cruquius.</strong></span> 
     </span>
    </p>

    <p class='ocr_par' dir='ltr' id='par_1_33' title="bbox 820 1541 1288 1584">
     <span class='ocr_line' id='line_1_65' title="bbox 820 1541 1288 1584; baseline -0.004 -11"><span class='ocrx_word' id='word_1_167' title='bbox 820 1551 920 1584; x_wconf 85' lang='lat' dir='ltr'><strong>quem</strong></span> <span class='ocrx_word' id='word_1_168' title='bbox 936 1541 1082 1573; x_wconf 86' lang='lat' dir='ltr'><strong>contulit</strong></span> <span class='ocrx_word' id='word_1_169' title='bbox 1096 1541 1288 1573; x_wconf 80' lang='lat' dir='ltr'><strong>Lambinus.</strong></span> 
     </span>
    </p>
   </div>
   <div class='ocr_carea' id='block_1_13' title="bbox 670 553 798 561">
    <p class='ocr_par' dir='ltr' id='par_1_34' title="bbox 670 553 798 561">
     <span class='ocr_line' id='line_1_66' title="bbox 670 553 798 561; baseline 0 2629"><span class='ocrx_word' id='word_1_170' title='bbox 670 553 798 561; x_wconf 95' lang='lat' dir='ltr'><strong> </strong></span> 
     </span>
    </p>
   </div>
   <div class='ocr_carea' id='block_1_14' title="bbox 666 926 795 933">
    <p class='ocr_par' dir='ltr' id='par_1_35' title="bbox 666 926 795 933">
     <span class='ocr_line' id='line_1_67' title="bbox 666 926 795 933; baseline 0 0"><span class='ocrx_word' id='word_1_171' title='bbox 666 926 795 933; x_wconf 95' lang='lat' dir='ltr'><strong> </strong></span> 
     </span>
    </p>
   </div>
   <div class='ocr_carea' id='block_1_15' title="bbox 674 1453 762 1461">
    <p class='ocr_par' dir='ltr' id='par_1_36' title="bbox 674 1453 762 1461">
     <span class='ocr_line' id='line_1_68' title="bbox 674 1453 762 1461; baseline 0 0"><span class='ocrx_word' id='word_1_172' title='bbox 674 1453 762 1461; x_wconf 95' lang='lat' dir='ltr'><strong> </strong></span> 
     </span>
    </p>
   </div>
   <div class='ocr_carea' id='block_1_16' title="bbox 678 1559 806 1566">
    <p class='ocr_par' dir='ltr' id='par_1_37' title="bbox 678 1559 806 1566">
     <span class='ocr_line' id='line_1_69' title="bbox 678 1559 806 1566; baseline 0 0"><span class='ocrx_word' id='word_1_173' title='bbox 678 1559 806 1566; x_wconf 95' lang='lat' dir='ltr'><strong> </strong></span> 
     </span>
    </p>
   </div>
   <div class='ocr_carea' id='block_1_17' title="bbox 674 1591 1591 1633">
    <p class='ocr_par' dir='ltr' id='par_1_38' title="bbox 674 1591 1591 1633">
     <span class='ocr_line' id='line_1_70' title="bbox 674 1591 1591 1633; baseline -0.003 -6"><span class='ocrx_word' id='word_1_174' title='bbox 674 1595 831 1627; x_wconf 76' lang='lat' dir='ltr'><strong>Laevinus</strong></span> <span class='ocrx_word' id='word_1_175' title='bbox 847 1594 1047 1626; x_wconf 79' lang='lat' dir='ltr'><strong>Torrentius</strong></span> <span class='ocrx_word' id='word_1_176' title='bbox 1061 1593 1094 1625; x_wconf 90' lang='lat' dir='ltr'><strong>in</strong></span> <span class='ocrx_word' id='word_1_177' title='bbox 1111 1593 1271 1625; x_wconf 76' lang='lat' dir='ltr'><strong>Editione</strong></span> <span class='ocrx_word' id='word_1_178' title='bbox 1286 1602 1358 1633; x_wconf 83' lang='lat' dir='ltr'><strong>sua,</strong></span> <span class='ocrx_word' id='word_1_179' title='bbox 1373 1591 1479 1625; x_wconf 82' lang='lat' dir='ltr'><strong>Antv.</strong></span> <span class='ocrx_word' id='word_1_180' title='bbox 1497 1595 1591 1625; x_wconf 86' lang='grc'><strong>1608.</strong></span> 
     </span>
    </p>
   </div>
   <div class='ocr_carea' id='block_1_18' title="bbox 673 1645 1734 1732">
    <p class='ocr_par' dir='ltr' id='par_1_39' title="bbox 673 1645 1734 1732">
     <span class='ocr_line' id='line_1_71' title="bbox 673 1645 1734 1688; baseline -0.004 -8"><span class='ocrx_word' id='word_1_181' title='bbox 673 1647 795 1680; x_wconf 88' lang='lat' dir='ltr'><strong>Codex</strong></span> <span class='ocrx_word' id='word_1_182' title='bbox 817 1647 961 1688; x_wconf 86' lang='lat' dir='ltr'><strong>Collegii</strong></span> <span class='ocrx_word' id='word_1_183' title='bbox 984 1647 1162 1679; x_wconf 78' lang='lat' dir='ltr'><strong>Trinitatis</strong></span> <span class='ocrx_word' id='word_1_184' title='bbox 1185 1645 1329 1679; x_wconf 82' lang='lat' dir='ltr'><strong>Cantab.</strong></span> <span class='ocrx_word' id='word_1_185' title='bbox 1344 1655 1444 1688; x_wconf 87' lang='lat' dir='ltr'><strong>quem</strong></span> <span class='ocrx_word' id='word_1_186' title='bbox 1459 1646 1607 1678; x_wconf 84' lang='lat' dir='ltr'><strong>contulit</strong></span> <span class='ocrx_word' id='word_1_187' title='bbox 1628 1645 1734 1676; x_wconf 87' lang='lat' dir='ltr'><strong>Bent-</strong></span> 
     </span>
     <span class='ocr_line' id='line_1_72' title="bbox 723 1700 823 1732; baseline 0 0"><span class='ocrx_word' id='word_1_188' title='bbox 723 1700 823 1732; x_wconf 86' lang='lat' dir='ltr'><strong>leius.</strong></span> 
     </span>
    </p>
   </div>
   <div class='ocr_carea' id='block_1_19' title="bbox 815 1753 1077 1786">
    <p class='ocr_par' dir='ltr' id='par_1_40' title="bbox 815 1753 1077 1786">
     <span class='ocr_line' id='line_1_73' title="bbox 815 1753 1077 1786; baseline 0 -1"><span class='ocrx_word' id='word_1_189' title='bbox 815 1753 933 1785; x_wconf 81' lang='lat' dir='ltr'><strong>Fulvii</strong></span> <span class='ocrx_word' id='word_1_190' title='bbox 949 1753 1077 1786; x_wconf 78' lang='lat' dir='ltr'><strong>Ursini.</strong></span> 
     </span>
    </p>
   </div>
   <div class='ocr_carea' id='block_1_20' title="bbox 673 1767 802 1778">
    <p class='ocr_par' dir='ltr' id='par_1_41' title="bbox 673 1767 802 1778">
     <span class='ocr_line' id='line_1_74' title="bbox 673 1767 802 1778; baseline 0 0"><span class='ocrx_word' id='word_1_191' title='bbox 673 1767 802 1778; x_wconf 95' lang='lat' dir='ltr'><strong> </strong></span> 
     </span>
    </p>
   </div>
   <div class='ocr_carea' id='block_1_21' title="bbox 678 1805 1097 1838">
    <p class='ocr_par' dir='ltr' id='par_1_42' title="bbox 678 1805 1097 1838">
     <span class='ocr_line' id='line_1_75' title="bbox 678 1805 1097 1838; baseline 0 -1"><span class='ocrx_word' id='word_1_192' title='bbox 678 1806 757 1837; x_wconf 90' lang='lat' dir='ltr'><strong>Duo</strong></span> <span class='ocrx_word' id='word_1_193' title='bbox 771 1805 908 1838; x_wconf 84' lang='lat' dir='ltr'><strong>codices</strong></span> <span class='ocrx_word' id='word_1_194' title='bbox 923 1805 1097 1838; x_wconf 81' lang='lat' dir='ltr'><strong>Vaticani.</strong></span> 
     </span>
    </p>
   </div>
   <div class='ocr_carea' id='block_1_22' title="bbox 670 1858 961 1895">
    <p class='ocr_par' dir='ltr' id='par_1_43' title="bbox 670 1858 961 1895">
     <span class='ocr_line' id='line_1_76' title="bbox 670 1858 961 1895; baseline 0.003 -6"><span class='ocrx_word' id='word_1_195' title='bbox 670 1858 796 1895; x_wconf 67' lang='lat' dir='ltr'><strong>,Editio</strong></span> <span class='ocrx_word' id='word_1_196' title='bbox 812 1858 961 1890; x_wconf 77' lang='lat' dir='ltr'><strong>Veneta.</strong></span> 
     </span>
    </p>
   </div>
   <div class='ocr_carea' id='block_1_23' title="bbox 679 1899 1734 1952">
    <p class='ocr_par' dir='ltr' id='par_1_44' title="bbox 679 1899 1734 1952">
     <span class='ocr_line' id='line_1_77' title="bbox 679 1899 1734 1952; baseline 0.002 -12"><span class='ocrx_word' id='word_1_197' title='bbox 679 1911 796 1941; x_wconf 77' lang='lat' dir='ltr'><strong>Editio</strong></span> <span class='ocrx_word' id='word_1_198' title='bbox 823 1915 960 1942; x_wconf 72' lang='lat' dir='ltr'><strong>vetusta</strong></span> <span class='ocrx_word' id='word_1_199' title='bbox 985 1912 1020 1942; x_wconf 81' lang='lat' dir='ltr'><strong>in</strong></span> <span class='ocrx_word' id='word_1_200' title='bbox 1045 1910 1211 1943; x_wconf 74' lang='lat' dir='ltr'><strong>nimium.</strong></span> <span class='ocrx_word' id='word_1_201' title='bbox 1235 1911 1341 1952; x_wconf 76' lang='lat' dir='ltr'><strong>Regis</strong></span> <span class='ocrx_word' id='word_1_202' title='bbox 1364 1911 1567 1951; x_wconf 68' lang='lat' dir='ltr'><strong>Britannici,</strong></span> <span class='ocrx_word' id='word_1_203' title='bbox 1588 1899 1734 1952; x_wconf 65' lang='lat' dir='ltr'><strong>(venet.</strong></span> 
     </span>
    </p>
   </div>
   <div class='ocr_carea' id='block_1_24' title="bbox 735 1962 1736 2055">
    <p class='ocr_par' dir='ltr' id='par_1_45' title="bbox 735 1962 1736 2055">
     <span class='ocr_line' id='line_1_78' title="bbox 737 1962 1736 2005; baseline 0.001 -12"><span class='ocrx_word' id='word_1_204' title='bbox 737 1964 833 1994; x_wconf 77' lang='grc'><strong>1478.</strong></span> <span class='ocrx_word' id='word_1_205' title='bbox 850 1968 889 1993; x_wconf 89' lang='lat' dir='ltr'><strong>ut</strong></span> <span class='ocrx_word' id='word_1_206' title='bbox 905 1962 1071 2004; x_wconf 56' lang='lat' dir='ltr'><strong>videtum)</strong></span> <span class='ocrx_word' id='word_1_207' title='bbox 1094 1972 1194 2004; x_wconf 87' lang='lat' dir='ltr'><strong>qnam</strong></span> <span class='ocrx_word' id='word_1_208' title='bbox 1217 1963 1413 1995; x_wconf 84' lang='lat' dir='ltr'><strong>Editionem</strong></span> <span class='ocrx_word' id='word_1_209' title='bbox 1437 1974 1489 2005; x_wconf 88' lang='lat' dir='ltr'><strong>pr.</strong></span> <span class='ocrx_word' id='word_1_210' title='bbox 1506 1963 1593 1996; x_wconf 84' lang='lat' dir='ltr'><strong>falso</strong></span> <span class='ocrx_word' id='word_1_211' title='bbox 1610 1972 1736 1995; x_wconf 84' lang='lat' dir='ltr'><strong>nuncu-</strong></span> 
     </span>
     <span class='ocr_line' id='line_1_79' title="bbox 735 2014 987 2055; baseline 0.004 -10"><span class='ocrx_word' id='word_1_212' title='bbox 735 2018 797 2055; x_wconf 89' lang='lat' dir='ltr'><strong>pat</strong></span> <span class='ocrx_word' id='word_1_213' title='bbox 813 2014 987 2046; x_wconf 84' lang='lat' dir='ltr'><strong>Combius.</strong></span> 
     </span>
    </p>
   </div>
   <div class='ocr_carea' id='block_1_25' title="bbox 677 2066 1740 2309">
    <p class='ocr_par' dir='ltr' id='par_1_46' title="bbox 677 2066 1234 2107">
     <span class='ocr_line' id='line_1_80' title="bbox 677 2066 1234 2107; baseline 0 -9"><span class='ocrx_word' id='word_1_214' title='bbox 677 2066 798 2099; x_wconf 83' lang='lat' dir='ltr'><strong>codex</strong></span> <span class='ocrx_word' id='word_1_215' title='bbox 813 2066 1052 2107; x_wconf 74' lang='lat' dir='ltr'><strong>vigorniensis</strong></span> <span class='ocrx_word' id='word_1_216' title='bbox 1068 2066 1234 2098; x_wconf 84' lang='lat' dir='ltr'><strong>Bentleii.</strong></span> 
     </span>
    </p>

    <p class='ocr_par' dir='ltr' id='par_1_47' title="bbox 821 2118 1354 2159">
     <span class='ocr_line' id='line_1_81' title="bbox 821 2118 1354 2159; baseline 0.006 -11"><span class='ocrx_word' id='word_1_217' title='bbox 821 2118 1030 2150; x_wconf 74' lang='lat' dir='ltr'><strong>vinariensis</strong></span> <span class='ocrx_word' id='word_1_218' title='bbox 1047 2118 1136 2159; x_wconf 84' lang='lat' dir='ltr'><strong>apud</strong></span> <span class='ocrx_word' id='word_1_219' title='bbox 1153 2119 1354 2151; x_wconf 83' lang='lat' dir='ltr'><strong>Gesnerum.</strong></span> 
     </span>
    </p>

    <p class='ocr_par' dir='ltr' id='par_1_48' title="bbox 824 2171 1414 2203">
     <span class='ocr_line' id='line_1_82' title="bbox 824 2171 1414 2203; baseline 0.003 -1"><span class='ocrx_word' id='word_1_220' title='bbox 824 2171 1010 2202; x_wconf 83' lang='lat' dir='ltr'><strong>Vossianus</strong></span> <span class='ocrx_word' id='word_1_221' title='bbox 1025 2171 1187 2203; x_wconf 87' lang='lat' dir='ltr'><strong>Bentleii.</strong></span> <span class='ocrx_word' id='word_1_222' title='bbox 1408 2194 1414 2199; x_wconf 83' lang='lat'>-</span> 
     </span>
    </p>

    <p class='ocr_par' dir='ltr' id='par_1_49' title="bbox 683 2223 1740 2309">
     <span class='ocr_line' id='line_1_83' title="bbox 683 2223 1740 2269; baseline 0.005 -15"><span class='ocrx_word' id='word_1_223' title='bbox 683 2223 853 2264; x_wconf 85' lang='lat' dir='ltr'><strong>Georgius</strong></span> <span class='ocrx_word' id='word_1_224' title='bbox 869 2224 1053 2256; x_wconf 80' lang='lat' dir='ltr'><strong>waddelus</strong></span> <span class='ocrx_word' id='word_1_225' title='bbox 1069 2225 1102 2256; x_wconf 91' lang='lat' dir='ltr'><strong>in</strong></span> <span class='ocrx_word' id='word_1_226' title='bbox 1119 2223 1478 2257; x_wconf 81' lang='lat' dir='ltr'><strong>Animadversionibus</strong></span> <span class='ocrx_word' id='word_1_227' title='bbox 1493 2226 1527 2257; x_wconf 91' lang='lat' dir='ltr'><strong>in</strong></span> <span class='ocrx_word' id='word_1_228' title='bbox 1544 2226 1740 2269; x_wconf 78' lang='lat' dir='ltr'><strong>Horatium,</strong></span> 
     </span>
     <span class='ocr_line' id='line_1_84' title="bbox 740 2278 836 2309; baseline 0.021 -2"><span class='ocrx_word' id='word_1_229' title='bbox 740 2278 836 2309; x_wconf 77' lang='lat'><strong>1⁷34.</strong></span> 
     </span>
    </p>
   </div>
   <div class='ocr_carea' id='block_1_26' title="bbox 683 2328 1739 2419">
    <p class='ocr_par' dir='ltr' id='par_1_50' title="bbox 683 2328 1739 2419">
     <span class='ocr_line' id='line_1_85' title="bbox 683 2328 1739 2372; baseline 0.002 -11"><span class='ocrx_word' id='word_1_230' title='bbox 683 2328 860 2361; x_wconf 80' lang='lat' dir='ltr'><strong>Gilbertus</strong></span> <span class='ocrx_word' id='word_1_231' title='bbox 875 2329 1065 2361; x_wconf 81' lang='lat' dir='ltr'><strong>Wakefield</strong></span> <span class='ocrx_word' id='word_1_232' title='bbox 1080 2330 1113 2361; x_wconf 90' lang='lat' dir='ltr'><strong>in</strong></span> <span class='ocrx_word' id='word_1_233' title='bbox 1127 2330 1234 2372; x_wconf 80' lang='lat' dir='ltr'><strong>Sylva</strong></span> <span class='ocrx_word' id='word_1_234' title='bbox 1250 2330 1390 2371; x_wconf 83' lang='lat' dir='ltr'><strong>Critica,</strong></span> <span class='ocrx_word' id='word_1_235' title='bbox 1406 2334 1500 2364; x_wconf 87' lang='grc'><strong>1789.</strong></span> <span class='ocrx_word' id='word_1_236' title='bbox 1521 2336 1558 2364; x_wconf 85' lang='lat' dir='ltr'><strong>et</strong></span> <span class='ocrx_word' id='word_1_237' title='bbox 1579 2331 1739 2364; x_wconf 87' lang='lat' dir='ltr'><strong>Editione</strong></span> 
     </span>
     <span class='ocr_line' id='line_1_86' title="bbox 739 2381 1050 2419; baseline 0.006 -7"><span class='ocrx_word' id='word_1_238' title='bbox 739 2390 810 2419; x_wconf 86' lang='lat' dir='ltr'><strong>sua,</strong></span> <span class='ocrx_word' id='word_1_239' title='bbox 825 2381 938 2413; x_wconf 91' lang='lat' dir='ltr'><strong>Lond.</strong></span> <span class='ocrx_word' id='word_1_240' title='bbox 954 2384 1050 2414; x_wconf 72' lang='grc'><strong>1794.</strong></span> 
     </span>
    </p>
   </div>
   <div class='ocr_carea' id='block_1_27' title="bbox 677 2135 806 2142">
    <p class='ocr_par' dir='ltr' id='par_1_51' title="bbox 677 2135 806 2142">
     <span class='ocr_line' id='line_1_87' title="bbox 677 2135 806 2142; baseline 0 0"><span class='ocrx_word' id='word_1_241' title='bbox 677 2135 806 2142; x_wconf 95' lang='lat' dir='ltr'><strong> </strong></span> 
     </span>
    </p>
   </div>
   <div class='ocr_carea' id='block_1_28' title="bbox 681 2187 810 2195">
    <p class='ocr_par' dir='ltr' id='par_1_52' title="bbox 681 2187 810 2195">
     <span class='ocr_line' id='line_1_88' title="bbox 681 2187 810 2195; baseline 0 995"><span class='ocrx_word' id='word_1_242' title='bbox 681 2187 810 2195; x_wconf 95' lang='lat' dir='ltr'><strong> </strong></span> 
     </span>
    </p>
   </div>
   <div class='ocr_carea' id='block_1_29' title="bbox 685 2432 1741 2675">
    <p class='ocr_par' dir='ltr' id='par_1_53' title="bbox 687 2432 1513 2477">
     <span class='ocr_line' id='line_1_89' title="bbox 687 2432 1513 2477; baseline 0.002 -12"><span class='ocrx_word' id='word_1_243' title='bbox 687 2432 723 2465; x_wconf 86' lang='lat' dir='ltr'><strong>J.</strong></span> <span class='ocrx_word' id='word_1_244' title='bbox 740 2433 780 2465; x_wconf 89' lang='lat' dir='ltr'><strong>C.</strong></span> <span class='ocrx_word' id='word_1_245' title='bbox 794 2433 832 2465; x_wconf 77' lang='lat' dir='ltr'><strong>F.</strong></span> <span class='ocrx_word' id='word_1_246' title='bbox 845 2433 980 2465; x_wconf 86' lang='lat' dir='ltr'><strong>Wetzel</strong></span> <span class='ocrx_word' id='word_1_247' title='bbox 993 2434 1027 2465; x_wconf 91' lang='lat' dir='ltr'><strong>in</strong></span> <span class='ocrx_word' id='word_1_248' title='bbox 1043 2433 1203 2466; x_wconf 83' lang='lat' dir='ltr'><strong>Editione</strong></span> <span class='ocrx_word' id='word_1_249' title='bbox 1220 2443 1292 2470; x_wconf 83' lang='lat' dir='ltr'><strong>sna,</strong></span> <span class='ocrx_word' id='word_1_250' title='bbox 1308 2434 1401 2477; x_wconf 83' lang='lat' dir='ltr'><strong>Lips.</strong></span> <span class='ocrx_word' id='word_1_251' title='bbox 1416 2438 1513 2468; x_wconf 83' lang='grc'><strong>1817.</strong></span> 
     </span>
    </p>

    <p class='ocr_par' dir='ltr' id='par_1_54' title="bbox 685 2485 1741 2579">
     <span class='ocr_line' id='line_1_90' title="bbox 685 2485 1741 2530; baseline 0.006 -14"><span class='ocrx_word' id='word_1_252' title='bbox 685 2485 802 2517; x_wconf 90' lang='lat' dir='ltr'><strong>Editio</strong></span> <span class='ocrx_word' id='word_1_253' title='bbox 816 2486 963 2517; x_wconf 87' lang='lat' dir='ltr'><strong>omnium</strong></span> <span class='ocrx_word' id='word_1_254' title='bbox 980 2485 1152 2528; x_wconf 80' lang='lat' dir='ltr'><strong>princeps,</strong></span> <span class='ocrx_word' id='word_1_255' title='bbox 1167 2486 1239 2517; x_wconf 85' lang='lat' dir='ltr'><strong>sine</strong></span> <span class='ocrx_word' id='word_1_256' title='bbox 1254 2487 1277 2518; x_wconf 91' lang='grc'><strong>1.</strong></span> <span class='ocrx_word' id='word_1_257' title='bbox 1294 2490 1330 2519; x_wconf 81' lang='lat' dir='ltr'><strong>et</strong></span> <span class='ocrx_word' id='word_1_258' title='bbox 1344 2496 1375 2518; x_wconf 84' lang='lat' dir='ltr'><strong>a.</strong></span> <span class='ocrx_word' id='word_1_259' title='bbox 1392 2487 1583 2520; x_wconf 78' lang='lat' dir='ltr'><strong>Zarotianis</strong></span> <span class='ocrx_word' id='word_1_260' title='bbox 1597 2489 1689 2530; x_wconf 85' lang='lat' dir='ltr'><strong>typis</strong></span> <span class='ocrx_word' id='word_1_261' title='bbox 1704 2494 1741 2522; x_wconf 87' lang='lat' dir='ltr'><strong>et</strong></span> 
     </span>
     <span class='ocr_line' id='line_1_91' title="bbox 739 2537 1423 2579; baseline 0.003 -11"><span class='ocrx_word' id='word_1_262' title='bbox 739 2537 879 2569; x_wconf 82' lang='lat' dir='ltr'><strong>circiter</strong></span> <span class='ocrx_word' id='word_1_263' title='bbox 895 2540 989 2570; x_wconf 75' lang='grc'><strong>1470.</strong></span> <span class='ocrx_word' id='word_1_264' title='bbox 1004 2541 1044 2569; x_wconf 90' lang='lat' dir='ltr'><strong>ut</strong></span> <span class='ocrx_word' id='word_1_265' title='bbox 1058 2538 1198 2579; x_wconf 84' lang='lat' dir='ltr'><strong>conjicit</strong></span> <span class='ocrx_word' id='word_1_266' title='bbox 1215 2539 1423 2572; x_wconf 68' lang='lat' dir='ltr'><strong>Maiotai-ius.</strong></span> 
     </span>
    </p>

    <p class='ocr_par' dir='ltr' id='par_1_55' title="bbox 686 2590 1682 2633">
     <span class='ocr_line' id='line_1_92' title="bbox 686 2590 1682 2633; baseline 0.001 -11"><span class='ocrx_word' id='word_1_267' title='bbox 686 2590 743 2622; x_wconf 85' lang='lat' dir='ltr'><strong>Jo.</strong></span> <span class='ocrx_word' id='word_1_268' title='bbox 760 2590 901 2622; x_wconf 81' lang='lat' dir='ltr'><strong>Carolus</strong></span> <span class='ocrx_word' id='word_1_269' title='bbox 915 2590 1062 2622; x_wconf 84' lang='lat' dir='ltr'><strong>Zeunius</strong></span> <span class='ocrx_word' id='word_1_270' title='bbox 1078 2590 1112 2621; x_wconf 89' lang='lat' dir='ltr'><strong>in</strong></span> <span class='ocrx_word' id='word_1_271' title='bbox 1129 2590 1289 2622; x_wconf 85' lang='lat' dir='ltr'><strong>Editione</strong></span> <span class='ocrx_word' id='word_1_272' title='bbox 1305 2591 1463 2629; x_wconf 57' lang='lat' dir='ltr'><strong>Gemi-wi,</strong></span> <span class='ocrx_word' id='word_1_273' title='bbox 1479 2592 1570 2633; x_wconf 84' lang='lat' dir='ltr'><strong>Lips.</strong></span> <span class='ocrx_word' id='word_1_274' title='bbox 1589 2595 1682 2624; x_wconf 87' lang='grc'><strong>1815.</strong></span> 
     </span>
    </p>

    <p class='ocr_par' dir='ltr' id='par_1_56' title="bbox 693 2636 1274 2675">
     <span class='ocr_line' id='line_1_93' title="bbox 693 2636 1274 2675; baseline -0.002 -1"><span class='ocrx_word' id='word_1_275' title='bbox 693 2636 811 2674; x_wconf 80' lang='lat' dir='ltr'><strong>codex</strong></span> <span class='ocrx_word' id='word_1_276' title='bbox 829 2642 1098 2675; x_wconf 78' lang='lat' dir='ltr'><strong>Zulichomianus</strong></span> <span class='ocrx_word' id='word_1_277' title='bbox 1116 2642 1274 2675; x_wconf 78' lang='lat' dir='ltr'><strong>Bentleii.</strong></span> 
     </span>
    </p>
   </div>
  </div>
 </body>
</html>
