1916 3190
237 229 325 271 286

467 337 533 378 Te
553 350 702 380 rursus
723 339 767 380 in
787 339 951 380 bellum
971 340 1201 380 resorbens
1219 344 1222 346 ’

717 245 762 283 Q·
794 245 1002 276 HoRA‘rll
1038 246 1211 278 FLAccr

1638 341 1695 383 15

526 405 660 447 Unda
680 404 802 447 fretis
823 406 922 447 tulit
941 406 1163 448 aestuosis.

410 471 528 526 Ergo
551 473 791 526 obligatam
811 472 948 514 redde
968 472 999 514 J
1002 474 1076 515 ovi
1096 473 1273 527 dapem,

409 539 652 594 Longaque
673 540 841 581 fessum
861 540 1023 582 militia
1040 541 1161 582 latus

467 608 651 662 Depone
674 608 756 648 sub
775 608 904 649 lauru
926 620 1051 661 mea3
1081 621 1161 649 nec

523 675 664 717 Parce
685 675 810 716 cadis
831 675 911 717 tibi
932 675 1178 717 destinatis.

1634 672 1693 721 2'0

234 777 276 807 ad
296 774 442 807 militiam
464 775 607 807 deduxit.
651 775 803 808 Debitum
824 775 924 815 igitur
947 776 1067 816 epulum
1088 776 1164 807 Jovi
1184 778 1342 816 persolve:
1363 779 1393 808 et
1413 786 1522 818 corpus
1544 778 1693 810 diuturno

227 818 406 859 fatigatum
428 817 503 850 bello
521 819 640 850 reclina
661 818 717 850 sub
738 828 806 850 mea
826 819 936 850 lauro.-
966 828 1062 859 neque
1076 818 1169 850 doliis
1189 819 1311 851 abstine
1326 819 1384 851 tibi
1397 821 1539 852 servatis.
1584 821 1693 852 Poma

841 892 962 905 oooooo

964 892 1085 905 eeeeee

236 941 355 969 tastum
370 936 508 968 Perdere
527 946 587 967 mm
603 935 710 967 timuit
729 937 888 977 pudorem.
933 936 1030 968 Ohe!
1055 935 1151 968 ohel*
1174 937 1352 969 Jani.—19
1376 936 1561 969 Pulmauni
1584 938 1689 970 Gem-

237 980 325 1011 blac.
342 982 373 1010 l.
389 979 483 1019 Lips.
499 981 530 1010 1.
554 988 573 1009 a
589 988 691 1009 manu
707 988 774 1010 sec.
799 979 927 1009 Venet.
946 981 1041 1011 1492.
1056 979 1203 1010 Locher.
1221 978 1296 1010 aliae
1311 979 1390 1010 edd.
1406 985 1492 1011 vett.
1508 980 1564 1012 sub
1579 981 1687 1018 lauro,-

235 1021 337 1054 Harl.
354 1024 385 1052 l.
398 1023 427 1052 2.
444 1023 475 1052 3.
489 1022 522 1052 4.
538 1023 570 1052 5.
586 1023 618 1051 6.
642 1020 768 1061 aliique
785 1020 922 1059 plurimi
937 1021 1038 1052 codd.
1061 1021 1119 1052 sub
1134 1021 1237 1060 lauru,
1260 1025 1297 1052 et
1311 1021 1361 1052 sic
1380 1020 1518 1053 edidere
1532 1023 1691 1055 Torreut.
1730 1027 1733 1029 “

236 1064 358 1096 Lamb.
384 1063 486 1102 Cruq.
507 1061 630 1093 Heius.
654 1062 696 1094 R.
718 1066 755 1093 et
780 1062 828 1093 H.
853 1063 974 1103 Steph.
998 1063 1115 1095 Bentl.
1142 1063 1247 1095 Baxt.
1274 1063 1420 1103 Cuning.
1445 1064 1568 1096 Sanad.
1596 1064 1692 1105 Jani,

235 1106 376 1139 Mitsch.
394 1105 538 1137 Wetzel.
554 1103 694 1146 Bipont.
711 1103 849 1136 Wakef.
866 1105 986 1137 Comb.
1002 1110 1039 1137 et
1054 1104 1160 1136 Kidd.
1176 1109 1212 1136 et
1226 1105 1273 1137 ita
1283 1105 1358 1146 jam
1379 1106 1519 1139 Servius
1534 1106 1577 1139 ad
1592 1106 1689 1149 virg.

893 1181 924 1213 N
931 1181 1036 1214 0¹1·AE

280 1235 324 1267 Te
348 1244 457 1266 rursus
481 1234 515 1266 in
533 1234 643 1267 bellum
667 1236 839 1276 resorbens,
864 1237 935 1278 δῖα]

231 1286 293 1318 Me
303 1285 442 1328 quidem
456 1285 635 1319 Horatium
650 1291 829 1328 paventem
839 1289 935 1320 Mer-

232 1337 347 1369 curius
377 1336 557 1368 sublimem
586 1337 714 1379 rapuit,
741 1348 782 1370 ac
809 1338 935 1371 nebula

232 1387 408 1427 protexit:
436 1391 473 1418 te
501 1397 594 1424 vero,
620 1389 779 1430 Pompei,
807 1390 933 1422 Martis

231 1436 333 1468 ardor
359 1436 393 1468 in
418 1446 507 1469 nova
534 1438 688 1478 pericula
712 1439 871 1480 conjecit,
894 1449 934 1472 ac

230 1486 487 1518 recrudescenti
500 1487 591 1519 bello
605 1487 787 1530 implicuit,
799 1498 934 1530 semper

230 1536 455 1578 intrepidum,
465 1547 505 1569 ac
517 1537 664 1579 publicae
675 1538 846 1572 libertatis
857 1548 935 1581 per-

233 1586 397 1618 tinaciter
412 1587 597 1621 vindicem.

276 1636 455 1668 Resorbens
472 1639 556 1669 unda
565 1638 668 1677 fretis
688 1638 763 1670 tulit
778 1639 935 1680 aestuosis]

230 1685 329 1718 Sicut
356 1687 393 1718 in
417 1686 516 1720 fretis
544 1689 700 1721 aestuosis
724 1689 819 1721 unda
840 1699 935 1722 rece·

231 1736 316 1767 dens
332 1737 526 1780 iterumque
541 1739 710 1771 accedens
725 1747 766 1772 ¹ea
777 1739 935 1772 resorbet

231 1797 307 1828 quae
324 1793 534 1825 evomuerat,
549 1799 590 1822 sc
605 1789 639 1821 in
654 1790 772 1822 littore
789 1790 935 1832 relique-

231 1842 300 1876 rat,
322 1838 372 1870 sic
393 1838 521 1870 bellum
543 1839 642 1871 caesis
665 1839 784 1872 Cassio
811 1840 935 1873 Bruto-

231 1897 297 1928 que
326 1889 422 1929 quasi
455 1888 674 1931 profligatum
703 1891 858 1932 ejecerat
886 1895 934 1933 te,

231 1937 338 1977 Vere,
353 1948 421 1969 non
444 1949 543 1971 secus
569 1950 610 1971 ac
631 1950 698 1981 me,
721 1941 934 1983 liberumque

233 1987 341 2019 veluti
368 1986 525 2020 fecerat:
559 1999 678 2021 verum
703 1988 934 2022 exardescens

233 2044 336 2077 porro
351 2037 517 2068 tumultus
533 2037 642 2069 civilis
655 2038 689 2069 in
706 2048 799 2070 arma
811 2043 846 2070 te
862 2049 945 2070 rure

231 2095 288 2117 sus
303 2085 465 2127 abripuit.
497 2086 563 2118 His
580 2088 718 2120 Horatii
734 2088 849 2120 verbis
866 2099 934 2121 non

232 2135 292 2167 abs
315 2145 353 2167 re
369 2136 488 2167 volunt
503 2137 639 2178 quidam
663 2138 769 2170 alludi
785 2139 828 2170 ad
846 2149 933 2180 proe·

230 2187 313 2218 lium
333 2186 432 2219 Sexti
461 2187 619 2228 Pompeii
641 2188 675 2219 in
702 2188 817 2221 Siculo
842 2188 932 2222 freto

232 2237 468 2269 commissum:
493 2237 647 2280 adeoque
672 2238 715 2270 ad
739 2239 832 2270 illum
855 2249 933 2271 cum

233 2286 307 2317 aliis
322 2287 452 2319 Varum
467 2286 678 2329 confugisse,
703 2294 781 2329 post
799 2289 932 2322 cladem

233 2337 459 2370 Brutianam:
485 2338 575 2370 unde
590 2339 730 2385 tandem
746 2340 860 2372 salvus
876 2340 933 2372 ille

231 2388 372 2419 Romam
399 2388 553 2430 redierit,
577 2394 615 2423 et
638 2389 796 2431 Augusto
816 2400 934 2423 recon-

232 2438 366 2470 ciliatus
382 2437 438 2470 sit.
461 2438 575 2471 AEstus
586 2439 662 2472 illos
675 2440 823 2472 marinos
837 2450 933 2482 egre·

232 2488 288 2529 gie
303 2488 472 2520 describit
486 2489 608 2530 Virgil.
623 2489 698 2522 AEn.
712 2498 765 2522 xr.
781 2493 857 2524 624.

277 2542 317 2571 17
346 2540 436 2580 Ergo
461 2539 634 2581 obligatam
657 2540 751 2573 redde
775 2541 854 2573 Jovi
879 2541 935 2573 du-

229 2588 314 2629 pem]
336 2589 406 2621 Pro
429 2589 663 2623 incolumitate
686 2591 752 2622 ista
775 2595 836 2623 tua
855 2595 954 2633 post¹⁴

234 2643 287 2670 tot
298 2639 433 2671 labores
446 2644 482 2672 et
498 2641 663 2682 pericula,
674 2650 695 2674 ο
706 2642 810 2684 Varo,
818 2646 932 2683 grates

234 2688 308 2721 Diis
324 2690 491 2730 persolve,
504 2689 559 2723 fac
569 2701 701 2724 sacrum
716 2692 796 2725 Jovi
809 2693 932 2726 Serva·

233 2739 312 2780 tori,
330 2739 474 2780 Dapali3
498 2740 541 2772 de
555 2751 622 2783 quo
646 2743 696 2775 Μ.
715 2742 803 2774 Cato
819 2742 863 2775 de
880 2743 932 2776 Re

234 2790 332 2824 Rust.
358 2800 433 2832 cap.
445 2793 519 2826 132.
546 2792 728 2832 obligatam
746 2793 866 2835 dapem,
880 2802 932 2828 sa·

990 1235 1153 1268 orificium
1171 1236 1262 1268 inter
1277 1236 1474 1269 discrimina
1489 1238 1691 1279 promissum

989 1296 1030 1318 ae
1047 1292 1161 1319 votum
1179 1297 1199 1319 a
1214 1288 1381 1328 Pompeio
1397 1289 1503 1330 Varo,
1519 1289 1690 1330 interpre-

989 1337 1054 1369 tari
1069 1337 1165 1380 licet,
1180 1348 1221 1370 ex
1237 1338 1415 1371 Prisciauo
1430 1339 1490 1372 lib.
1506 1348 1574 1372 vu.

1031 1390 1073 1420 18
1096 1388 1267 1428 Longaque
1280 1388 1404 1427 fessum
1423 1389 1552 1430 milicia]
1578 1389 1690 1421 Multo

987 1437 1134 1479 longiori
1151 1447 1249 1477 quam
1265 1447 1355 1479 mea,
1369 1438 1481 1480 inquit
1501 1439 1689 1471 Horatius:

987 1497 1112 1528 nempe
1134 1487 1194 1518 sub
1218 1487 1334 1519 Cassio
1360 1492 1397 1519 et
1419 1487 1543 1529 Bruto,
1565 1488 1690 1521 deinde

988 1538 1051 1571 sub
1073 1539 1181 1571 Sexto
1213 1539 1389 1581 Pompeio,
1419 1540 1454 1571 in
1476 1540 1615 1572 Sicilia:
1649 1545 1689 1572 ut

987 1588 1117 1620 dictum
1133 1592 1198 1620 est.
1243 1589 1336 1630 Ergo
1356 1593 1409 1621 tot
1426 1590 1585 1622 aerumnis
1600 1590 1690 1623 vires

986 1638 1169 1669 exhaustas
1202 1647 1335 1678 recrea,
1365 1639 1507 1679 epulare
1541 1648 1689 1680 mecum,

987 1688 1127 1730 quiesce
1143 1687 1236 1728 apud
1256 1697 1331 1727 me;
1352 1688 1411 1720 sub
1431 1689 1523 1722 lauru
1543 1699 1612 1722 mea
1634 1695 1687 1722 tu-

987 1742 1058 1770 tus:
1077 1737 1267 1780 patrocinio
1279 1747 1355 1770 meo
1366 1736 1527 1780 confisus,
1534 1739 1690 1782 adeoque

988 1788 1080 1820 omni
1099 1787 1255 1829 deposita
1273 1787 1501 1820 solicitudine.
1535 1788 1692 1830 Spondet

989 1846 1113 1879 nempe
1128 1838 1223 1870 Varo
1241 1837 1420 1879 Horatius,
1433 1837 1524 1870 forte
1540 1838 1690 1871 nondum

988 1887 1145 1929 perfecte
1171 1888 1214 1920 ab
1232 1888 1388 1929 Augusto
1410 1888 1547 1921 veniam
1571 1898 1690 1922 conse-

989 1943 1082 1980 cuto,
1099 1937 1254 1971 favorem
1275 1939 1490 1981 Maecenatis,
1513 1949 1575 1981 per
1589 1949 1690 1982 quem

989 1989 1064 2030 ipse
1081 1999 1157 2021 cum
1179 1989 1237 2020 illo
1263 1989 1395 2021 victore
1415 1989 1600 2022 metuendo
1615 1990 1691 2032 jam

989 2039 1229 2070 reconciliatus
1245 2038 1369 2071 fuerat.
1405 2040 1490 2072 Cum
1505 2040 1595 2072 enim
1612 2050 1690 2082 pro-

988 2089 1177 2129 scriptione
1194 2091 1372 2131 bonorum‚
1388 2101 1466 2123 cum
1482 2092 1557 2123 aliis
1571 2096 1689 2133 partes

989 2138 1150 2170 adversas
1186 2140 1325 2180 secutis,
1361 2141 1546 2177 mulctatus
1584 2146 1690 2182 esset,

987 2189 1084 2231 inops
1102 2199 1215 2221 rerum
1227 2195 1365 2222 coactus
1379 2195 1433 2222 est
1444 2189 1601 2222 faciendo
1614 2201 1688 2223 ver-

987 2242 1043 2270 s'us
1059 2240 1184 2271 victum
1200 2241 1395 2282 quaeritare.
1431 2240 1533 2274 Quod
1549 2240 1600 2273 ita
1613 2250 1688 2273 nar-

988 2293 1043 2320 rat
1057 2298 1099 2320 11.
1115 2289 1228 2331 Epist.
1243 2293 1275 2322 2.
1289 2292 1343 2323 49.
1366 2291 1376 2308 ‘
1387 2290 1487 2322 Unde
1503 2291 1603 2322 simul
1617 2291 1687 2332 pri-

987 2339 1078 2370 m'um
1099 2348 1154 2370 me
1177 2339 1338 2371 dimisere
1362 2339 1525 2381 Philippi,
1550 2338 1687 2372 Decisis

987 2389 1150 2421 humilem
1172 2390 1305 2431 pennis,
1325 2390 1528 2432 inopemque
1551 2392 1688 2432 paterni

989 2440 1036 2471 Et
1059 2439 1138 2472 laris
1159 2443 1196 2471 et
1217 2438 1327 2481 fundi,
1349 2441 1689 2484 paupertasvimpulit

988 2489 1101 2523 audax
1132 2490 1182 2522 Ut
1207 2499 1325 2521 versus
1348 2489 1522 2522 facerem-¹
1566 2491 1687 2534 Itaque

989 2539 1194 2572 Maecenatis
1223 2540 1368 2581 primum
1398 2540 1546 2573 animum
1571 2540 1688 2574 deme·

987 2590 1068 2627 ruit,
1091 2599 1221 2632 perque
1248 2590 1337 2623 bunc
1366 2589 1515 2632 Augusti
1546 2592 1686 2632 placare

987 2634 1072 2673 iram
1099 2649 1275 2682 aggressus
1298 2645 1371 2672 est:
1394 2646 1430 2673 et
1453 2641 1544 2683 quod
1564 2642 1686 2679 scribit

987 2691 1030 2724 ad
1053 2691 1197 2723 Pisones
1219 2701 1268 2723 vs.
1294 2693 1371 2723 404.
1398 2701 1592 2734 quanquam
1618 2692 1685 2724 alio

986 2741 1032 2775 ibi
1049 2741 1246 2784 proposito:
1272 2746 1281 2760 ¹
1292 2739 1409 2783 *gratia
1428 2752 1546 2785 regum
1561 2743 1685 2776 Pieriis

986 2796 1119 2826 tentata
1134 2793 1259 2826 modis:
1277 2793 1445 2836 ludusque
1457 2798 1625 2837 repertus,
1637 2794 1682 2827 Et
