1916 3190
282 245 367 286 434
753 258 795 296 Q.
830 257 1039 288 HORATn
1075 255 1252 288 rnAocr

512 349 670 392 Medus
690 351 872 392 infestus
893 351 982 391 sibi
1000 350 1222 392 luctuosis

858 417 1063 458 Dissidet
1082 418 1218 459 armis
1235 431 1245 458 ε

512 485 659 526 Servit
679 484 900 538 Hispanae
922 489 1050 527 vetus
1071 485 1208 526 hostis
1228 497 1318 526 orae

514 551 747 600 Cantaber,
767 563 866 592 sera
887 550 1082 593 domitus
1102 554 1284 593 catena:

513 617 543 659 J
547 630 618 658 am
640 617 820 671 Scythae
842 617 948 658 laxo
969 618 1232 659 meditantur
1253 630 1358 659 arcu

858 683 1024 726 Cedere
1045 685 1230 739 campis.

516 748 775 805 Negligens,
795 764 850 792 ne
869 764 957 805 qua
975 752 1170 805 populus
1190 751 1371 801 laboret,
1685 752 1742 794 25

287 867 351 896 met
373 865 572 897 adversarius
586 864 663 896 bello
677 864 778 903 fatali
790 865 989 896 distrahitur.
1036 866 1193 897 cantaber
1211 865 1378 906 Hispanioe
1390 866 1478 908 fines
1498 867 1644 907 incolens,
1659 866 1743 897 anti·

287 916 366 948 quus
391 910 495 938 noster
520 907 678 947 inimicus,
710 907 855 938 subactus
879 910 938 946 eat,
963 908 1103 946 quamvis
1129 909 1222 939 tarda
1248 907 1437 948 profligatus
1461 910 1604 941 victoria.
1647 909 1744 939 Modo

289 947 417 989 Scythoe
430 958 506 981 arcu
526 949 655 981 remisso
676 949 832 989 incipiunt
852 949 941 988 agris
964 948 1133 980 discedere.
1180 949 1227 980 Τιι
1241 949 1330 990 quasi
1352 950 1496 990 privatus
1515 953 1623 983 omitte
1635 959 1745 982 curare

894 1043 913 1054 0
917 1043 953 1055 00
957 1043 1137 1058 000009000

289 1107 454 1149 exhibent
482 1117 560 1139 cum
587 1107 686 1140 Harl.
703 1110 734 1139 1.
748 1110 780 1140 2.
794 1110 826 1139 3.
841 1110 873 1140 4.
886 1111 918 1139 5.
943 1110 1064 1140 6.-19
1084 1107 1094 1125 ‘
1109 1107 1236 1148 Medus,
1263 1108 1396 1147 infestus
1420 1108 1493 1144 sibi.
1518 1110 1596 1140 luc!-
1626 1107 1747 1141 distin·

290 1155 400 1192 guunt
415 1150 512 1181 multi
525 1161 535 1190 ς
558 1150 617 1181 sed
634 1150 850 1192 jungendum
865 1150 928 1181 sibi
941 1150 1081 1182 dissidet.
1125 1150 1272 1190 Vulgata
1287 1151 1405 1192 lectio,
1419 1150 1553 1190 infestus
1563 1174 1573 1183 .
1583 1173 1594 1182 .
1607 1173 1615 1182 .
1627 1152 1746 1183 luctuo-

289 1193 334 1224 sis
345 1203 358 1230 ;
374 1202 442 1224 non
459 1193 517 1223 illa
531 1192 668 1233 quidem
685 1201 824 1234 prorsus
839 1193 1056 1234 spernenda;
1083 1191 1144 1224 sed
1159 1193 1287 1224 nullum
1305 1193 1383 1225 mibi
1401 1192 1552 1232 dubium,
1565 1194 1646 1235 quin
1665 1203 1745 1226 vera

289 1235 393 1267 lectio
419 1236 476 1274 sit,
498 1234 641 1272 infestis.
657 1258 664 1266 .
679 1236 863 1274 ductuum,
888 1244 1004 1277 quam,
1032 1240 1110 1276 post
1133 1235 1365 1278 conjecturam
1394 1235 1438 1268 N.
1468 1235 1618 1276 Heinsii,
1637 1236 1746 1268 Bent-

289 1277 377 1308 leius
394 1277 428 1308 in
445 1287 506 1309 suo
527 1277 604 1310 cod.
627 1278 704 1310 Gal.
733 1279 876 1319 reperit,
894 1282 930 1309 et
950 1277 984 1308 in
1008 1283 1206 1309 contextum
1223 1279 1367 1318 recepit.
1413 1277 1503 1309 Item
1518 1279 1672 1310 luctuosus
1686 1287 1746 1309 ex-

288 1319 408 1351 hibent
435 1320 549 1351 Bentl.
567 1320 654 1361 Reg.
669 1320 746 1351 Soc.
761 1329 780 1351 a
798 1330 842 1350 m.
860 1330 911 1361 pr.
930 1329 969 1351 ac
994 1320 1086 1361 Lips.
1102 1323 1133 1351 1.
1149 1326 1184 1352 et
1197 1324 1228 1352 3.
1254 1330 1273 1352 a
1300 1331 1344 1352 m.
1368 1330 1421 1361 pr.
1443 1326 1479 1351 et
1505 1321 1594 1362 Lips.
1609 1323 1643 1352 4.
1672 1321 1744 1351 sine

289 1361 404 1392 litura.
428 1362 579 1392 Accedit
596 1363 755 1402 primum,
770 1361 860 1402 quod
884 1362 932 1393 sic
956 1363 1146 1402 elegantior
1169 1365 1309 1404 usuique
1328 1363 1518 1394 Horatiano
1542 1363 1745 1394 convenien-

291 1404 358 1433 tior
385 1404 539 1434 exoritur
567 1404 798 1443 epitheton-um
826 1404 1028 1442 collocati0;
1069 1404 1207 1442 deinde,
1232 1405 1321 1446 quod
1349 1405 1549 1446 exquisitius
1575 1405 1684 1436 multo
1707 1409 1745 1435 et

289 1444 422 1476 doctius
452 1445 611 1476 dicuntur
636 1455 724 1476 arma
747 1445 862 1483 irffesta
888 1450 924 1476 et
946 1447 1101 1477 luctuosus
1122 1447 1249 1482 Medus,
1273 1443 1373 1487 qnam
1401 1446 1542 1478 contra.'
1566 1446 1741 1478 danna-20

290 1486 423 1519 Desidet
443 1487 543 1519 armis
572 1487 664 1528 Lips.
695 1490 813 1519 4.-23
837 1487 878 1519 ln
901 1487 1021 1519 eodem
1045 1488 1123 1520 cod.
1148 1497 1210 1529 pro
1233 1489 1319 1529 laxo,
1343 1489 1535 1528 leptim—25.
1557 1490 1599 1520 28
1621 1489 1743 1520 Totum

946 1573 1089 1606 NOTAE

290 1637 348 1679 pia
364 1635 486 1675 caesis,’
500 1637 566 1668 διο.
604 1637 689 1677 Cap.
705 1638 760 1668 63.
793 1635 804 1652 ‘
821 1636 871 1667 Μ.
888 1634 993 1668 Auto-
1044 1639 1098 1668 26.
1113 1641 1145 1669 5.
1161 1640 1196 1668 et
1213 1637 1306 1669 alibi.

289 1689 366 1720 nius
396 1687 529 1729 scribit,
557 1687 703 1728 primum
733 1696 810 1718 eum
841 1686 993 1719 Antonio
1086 1691 1126 1719 21
1151 1688 1259 1719 Ser-vit
1285 1687 1450 1729 Hispane,
1473 1687 1544 1729 ξω]
1579 1687 1743 1720 Cantabri

288 1739 359 1771 filio
385 1749 447 1771 suo
473 1738 700 1780 despondisse
726 1738 879 1778 Juliam3
901 1738 993 1777 ‚dein
1045 1738 1087 1769 ab
1104 1737 1273 1779 Agrippa,
1289 1746 1366 1768 sero
1381 1737 1477 1775 licet,
1497 1735 1599 1768 fracti
1615 1742 1651 1769 et
1665 1738 1744 1770 snb-

290 1790 446 1822 Cotisoni
476 1789 644 1821 Getarum
673 1789 783 1830 Regi:
812 1798 878 1833 quo
908 1793 993 1820 tem-

289 1849 372 1880 pore
396 1839 460 1871 sibi
476 1848 610 1880 quoque
638 1838 783 1870 invicem
799 1837 903 1869 tiliam
925 1837 991 1868 Re·

290 1890 342 1930 gis
358 1890 391 1920 in
406 1889 654 1922 matrimonium
671 1889 823 1930 petiisse.
853 1889 907 1919 De
923 1887 992 1919 Da-

289 1941 420 1981 eisjam
434 1950 473 1973 ιι.
489 1941 556 1973 Od.
572 1943 625 1972 20.
647 1940 722 1971 Hos
738 1948 839 1980 porro
854 1939 991 1971 eosdem

291 1999 365 2020 esse
381 2000 421 2021 ac
437 1991 560 2029 Getas,
584 1995 716 2021 certum
739 1993 802 2020 est.
825 1989 917 2020 Plin.
941 1997 994 2021 ιν.

291 2040 345 2069 12.
381 2040 390 2056 ‘
409 2039 523 2075 Getae,
550 2039 637 2070 Daci
665 2037 846 2071 Romanis.'
869 2038 992 2078 Xiphi-

289 2086 349 2118 lin.
376 2087 409 2117 in
437 2087 636 2119 Domitiano
660 2088 710 2119 ita
733 2088 871 2119 scribit:
894 2089 903 2105 ‘
922 2087 993 2119 Per

290 2136 326 2167 id
343 2140 478 2176 tempus
493 2136 618 2167 bellum
635 2136 702 2167 fuit
720 2137 855 2177 Populo
874 2138 993 2169 Roma·

290 2197 336 2219 no
359 2196 436 2224 cum
462 2187 564 2218 Dacis
578 2206 587 2215 .
606 2209 613 2218 .
628 2210 636 2217 .
652 2206 661 2215 .
677 2187 789 2218 Porro
812 2197 885 2218 eam
909 2190 1010 2229 gen-'

292 2243 362 2268 tem
381 2237 493 2268 Dacos
508 2236 657 2277 appello.
702 2235 790 2266 Nam
806 2236 855 2266 ita
871 2245 907 2266 se
925 2237 991 2275 ipsi

291 2286 480 2326 nominant,
509 2285 694 2326 eodemque
722 2285 857 2315 nomine
882 2294 902 2315 a
924 2285 989 2315 Ro-

292 2336 402 2367 manis
425 2336 665 2377 appellantur:
690 2335 755 2367 etsi
777 2344 844 2366 non
874 2335 991 2376 ignoro

293 2396 351 2418 eos
368 2396 388 2418 a
406 2386 606 2428 quibusdam
633 2383 765 2418 Graecis
789 2385 899 2417 Getas
915 2395 991 2432 esse

293 2437 412 2469 dictos.
457 2436 558 2470 Quod
589 2445 630 2467 an
659 2439 755 2467 recte
782 2434 908 2467 factum
936 2435 992 2474 sit,

293 2488 431 2519 nescio:
470 2487 555 2518 illud
597 2485 732 2527 quidem
777 2485 848 2517 scio
885 2485 992 2517 Getas

295 2541 389 2568 trans
416 2537 575 2569 Haemum
604 2535 695 2578 apud
723 2535 916 2567 Danubium
946 2535 994 2567 in-

295 2588 434 2620 colere.'

339 2641 380 2669 19
403 2639 516 2670 Medus
544 2637 678 2677 infestus
701 2636 775 2678 sibi,
798 2637 867 2678 Sta]
897 2635 993 2668 Medi

295 2695 355 2717 seu
385 2687 501 2719 Parthi
527 2686 624 2719 b'ellis
652 2686 810 2718 civilibus
836 2686 993 2727 occupati

293 2742 385 2769 sunt.
408 2738 497 2769 Vide
513 2737 626 2769 Strab.
650 2737 711 2769 lib.
735 2745 771 2768 x.
794 2740 830 2768 et
846 2745 921 2778 quae
937 2745 994 2767 an·

295 2791 352 2819 tea
368 2796 432 2820 nec
456 2788 561 2819 semel
577 2788 620 2820 de
636 2787 676 2819 iis
693 2786 867 2827 annotavi,
880 2795 906 2819 1.
922 2784 992 2817 od.

1044 1789 1113 1820 acti
1139 1792 1231 1820 sunt.
1262 1788 1353 1820 Vide
1384 1796 1426 1820 11.
1453 1786 1523 1820 Od.
1546 1790 1581 1819 6.
1604 1787 1745 1819 Suetou.

1047 1839 1173 1871 Octav.
1195 1848 1270 1879 cap.
1296 1841 1348 1870 20.
1383 1837 1395 1855 ‘
1412 1837 1588 1878 Augustus
1603 1841 1746 1870 externa

1047 1889 1138 1921 bella
1151 1889 1217 1920 duo
1230 1888 1366 1920 omnino
1382 1897 1444 1929 per
1455 1897 1492 1919 se
1510 1887 1637 1929 gessit:
1659 1887 1745 1920 Dal-

1046 1939 1207 1972 maticum
1232 1937 1430 1970 adolescens
1454 1936 1586 1969 adhuc:
1611 1941 1646 1969 et
1675 1936 1746 1969 An-

1047 1990 1140 2021 tonio
1168 1988 1321 2028 devicto,
1349 1986 1619 2019 Cantabricum:
1658 1986 1745 2028 Cap.

1044 2041 1098 2070 21.
1132 2038 1143 2056 ‘
1161 2037 1306 2069 Domuit
1332 2040 1448 2068 autem
1475 2036 1601 2077 partim
1625 2035 1746 2076 ductu,

1046 2088 1170 2130 partim
1204 2086 1363 2128 auspiciis
1395 2085 1465 2118 suis
1501 2083 1746 2120 Cantabriam?

1046 2141 1111 2171 &c-

1087 2191 1129 2221 23
1151 2189 1227 2220 dam
1249 2186 1379 2228 Scytha,-
1403 2187 1487 2224 Ιατο,
1512 2186 1580 2228 Sym]
1603 2186 1742 2228 Scythae

1047 2239 1148 2269 armis
1163 2238 1330 2279 depositis
1346 2236 1485 2269 cedunt.
1515 2236 1603 2268 vide
1620 2245 1660 2268 u.
1676 2235 1744 2268 od.

1045 2290 1076 2317 9.
1093 2287 1128 2317 in
1143 2287 1350 2327 fine,ibique
1362 2287 1446 2318 Not.
1460 2287 1601 2318 Sueten.
1617 2284 1744 2316 Octav-

1045 2344 1121 2374 cap.
1137 2337 1189 2365 21.
1227 2335 1238 2352 ‘
1255 2335 1305 2365 Ea
1329 2335 1463 2365 virtutis
1486 2333 1744 2369 moderationis-

1045 2393 1111 2425 que
1134 2383 1238 2422 fama,
1264 2383 1367 2413 Indos
1392 2391 1432 2413 ac
1455 2382 1598 2423 Scytha·
1623 2381 1742 2414 auditu

1045 2432 1146 2465 modo
1161 2432 1316 2473 cognitos
1333 2431 1479 2472 pellexit
1501 2430 1542 2462 ad
1558 2431 1743 2463 amicitiam

1047 2492 1140 2515 suam
1167 2481 1359 2523 Populique
1385 2481 1527 2513 Romani
1560 2482 1650 2512 ultro
1681 2490 1744 2522 per

1046 2533 1177 2572 legatos
1193 2529 1396 2572 petendam!

1088 2585 1128 2615 25
1155 2582 1344 2621 Negligevw,
1368 2589 1407 2612 ne
1428 2590 1489 2621 qua
1508 2581 1649 2621 populus,
1672 2579 1744 2621 sa]

1045 2633 1138 2665 Dum
1161 2631 1228 2664 mei
1253 2629 1410 2663 sacrificii
1436 2630 1610 2671 particeps
1631 2638 1744 2662 sacrus

1045 2692 1178 2715 mecum
1208 2681 1325 2722 epulas
1360 2689 1493 2721 carpes,
1528 2679 1576 2711 ita
1610 2678 1743 2711 laetitloe

1045 2744 1140 2773 vaca,
1152 2738 1190 2765 ut
1205 2732 1232 2764 si
1249 2732 1401 2774 privatus
1417 2739 1516 2762 esses.
1553 2729 1643 2770 Ergo
1660 2730 1742 2769 pauss

1045 2784 1151 2817 lulum
1169 2783 1278 2824 abjice
1293 2790 1425 2814 omnem
1449 2789 1566 2813 curam
1587 2779 1692 2820 urbis,
1705 2782 1743 2810 et
