1916 3190
220 219 303 260 110
657 243 661 246 -
698 229 739 266 Q.
774 227 982 258 HORATH
1019 227 1196 258 rmum

388 323 479 364 Per
498 321 646 363 dolum
668 325 858 371 amotas,
880 334 1063 375 puerum
1085 320 1247 361 minaci
1621 323 1679 364 10

389 389 516 432 Voce
535 389 635 430 dum
657 392 806 438 terret,
825 386 991 430 viduus
1013 386 1222 441 pharetra

732 454 854 496 Risit
871 453 1053 508 Apollo.

392 522 510 574 Quin
533 527 577 565 et
596 521 796 572 Atridas,
816 522 928 563 duce
948 527 1009 572 te,
1031 521 1249 576 superbos

394 591 480 633 Ilio
502 591 627 632 dives
647 590 852 632 Priamus
874 590 1045 640 relict0,

219 742 330 783 Apollo
344 745 518 780 territaret,
540 743 605 776 nisi
617 753 728 776 vaccas
745 753 801 784 per·
815 743 966 782 fraudem
979 743 1107 775 abactas
1121 744 1315 784 restitueres,
1337 744 1411 776 risit
1433 743 1501 785 ipse
1515 744 1680 775 advertens

218 795 252 816 se
275 787 426 827 pharetra
449 797 567 829 quoque
590 787 767 830 spoliatum.
813 786 1021 822 Quinetiam
1035 787 1187 818 Priamus
1208 789 1381 829 opulentus,
1399 787 1494 826 Traev'a
1507 787 1681 826 discedens,

832 893 1073 908 mmO'OOOO

220 989 306 1019 num,
322 983 410 1011 utet
425 981 469 1011 al.
484 990 539 1020 ap.
555 980 647 1013 Jani.
689 981 783 1012 Jovis
798 990 834 1013 ac
862 981 1002 1012 Deorum
1029 980 1266 1021 Cuning.—14
1289 979 1407 1019 Negat
1428 978 1584 1019 Scaliger
1609 977 1680 1018 epi-

220 1022 352 1054 thetum
363 1022 453 1054 dives
462 1022 516 1054 hic
526 1023 665 1054 Priamo
680 1024 878 1061 convenire,
893 1029 928 1054 et
943 1027 1082 1059 moestus,
1097 1023 1222 1064 inquit,
1236 1022 1290 1053 vel
1305 1022 1419 1059 infelix
1431 1021 1559 1053 malim.
1571 1021 1683 1051 relicta

219 1064 311 1104 conj.
327 1064 474 1114 Cuuing.
490 1069 525 1095 et
549 1064 742 1114 iti-'recepit
757 1065 883 1098 Sanad.
906 1067 916 1083 ‘
933 1066 1094 1104 Frustra;
1118 1074 1196 1096 113111
1214 1073 1403 1105 quanquam
1420 1072 1474 1095 ιν.
1497 1062 1567 1094 011.
1581 1065 1614 1094 9.
1628 1064 1682 1094 18.

225 1112 277 1138 est
303 1106 527 1148 foemininum,
549 1109 624 1139 alus
643 1108 729 1140 locis
754 1112 867 1140 tamen
892 1113 946 1140 est
968 1112 1140 1149 neutrum,
1158 1112 1197 1139 ut
1212 1115 1270 1138 111.
1286 1106 1356 1139 Od.
1373 1108 1424 1138 17.
1439 1108 1473 1137 4.
1489 1109 1526 1138 et
1541 1113 1593 1138 xv.
1608 1104 1680 1137 od.

878 1213 911 1245 N
917 1211 1022 1244 0⁷1*AE

220 1299 359 1332 fabula:
398 1298 483 1330 Cum
520 1297 643 1338 Apollo
680 1297 722 1329 ob
753 1298 924 1339 Cyclopas

219 1348 420 1382 interfectos
435 1347 617 1379 divinitate
629 1347 839 1388 aliquamdiu
857 1348 924 1388 pri-

220 1403 319 1430 vatus
349 1401 455 1436 esset,
485 1401 587 1438 atque
614 1397 752 1428 interim
785 1396 925 1428 Admeti

218 1446 402 1479 Thessalia
434 1446 538 1487 Regis
566 1451 721 1478 armenta
752 1450 924 1487 pasceret,

219 1498 326 1530 boves
355 1497 486 1538 aliquot
508 1501 706 1528 exerrantes
731 1501 767 1528 et
790 1497 923 1536 longius

220 1555 419 1588 progressas
433 1545 550 1587 abegit
565 1544 759 1577 Mercurius
775 1550 812 1576 et
823 1555 923 1576 occu-

218 1597 295 1630 luit.
340 1596 407 1628 Ille
423 1605 504 1628 vero
521 1596 609 1627 hunc
627 1595 725 1637 pueri
748 1595 857 1627 forma
872 1595 924 1628 in-

219 1646 337 1678 dutum
362 1647 458 1688 quasi
486 1645 670 1677 bubulcum
693 1645 849 1677 furacem
866 1655 925 1686 ag·

219 1705 355 1738 gressus
380 1700 523 1728 mortem
545 1696 704 1735 minatur,
720 1696 786 1727 nisi
803 1696 925 1728 abacta

219 1756 348 1788 pecora
362 1745 545 1778 restituat:
573 1755 614 1777 ac
639 1746 745 1777 telum
769 1744 924 1787 proferre

218 1797 351 1837 volens,
379 1795 475 1838 quasi
506 1804 743 1836 percussurus,
781 1792 924 1827 vacuam

220 1847 326 1878 sensit
355 1847 562 1888 pharetram,
588 1846 643 1878 vel
672 1846 758 1878 hauc
786 1855 925 1888 quoque

221 1897 286 1928 sibi
298 1897 507 1938 subreptam.
530 1898 616 1928 Tum
630 1897 776 1938 denique
786 1896 925 1938 Apollo,

221 1946 388 1978 Mercurii
416 1946 576 1977 subtilem
595 1946 629 1976 in
646 1945 792 1976 furando
807 1946 923 1977 iudus-

221 1996 321 2028 triam
353 1995 551 2034 demiratus,
583 1994 688 2025 risum
715 2000 834 2025 tenere
856 2004 924 2025 non

221 2045 349 2087 potuit,
366 2044 599 2077 ‘iracundiam
616 2044 792 2084 voluptate
807 2052 923 2083 super-

222 2094 328 2131 ante‚'
356 2099 393 2125 ut
414 2094 463 2126 ait
487 2093 687 2125 Philostrat.
705 2092 851 2132 Imagin.
867 2092 924 2124 lib.

222 2155 248 2178 1.
272 2145 331 2177 ubi
354 2144 503 2177 fabulam
529 2145 614 2175 hanc
636 2144 773 2185 egregie
789 2152 926 2184 expres-

222 2197 280 2228 sit.
325 2195 414 2236 Vide
426 2195 567 2235 Homer.
583 2194 710 2235 Hymn.
723 2193 758 2224 in
770 2193 924 2225 Mercur.

222 2244 327 2278 Ovid.
354 2245 441 2277 Met.
455 2253 497 2277 11.
518 2247 594 2278 685.
615 2248 652 2275 et
674 2244 754 2275 Not.
775 2241 866 2275 infra
881 2242 922 2274 ad

223 2298 341 2328 'vocem
357 2296 367 2313 ‘
380 2294 500 2336 virga!

268 2348 306 2376 11
338 2344 458 2377 Viduas
468 2344 634 2385 pharetra]
648 2342 745 2375 Infra
753 2352 798 2376 11.
814 2342 882 2375 Od.
892 2345 925 2374 9.

223 2395 234 2413 ⁴
251 2395 296 2426 Et
311 2393 401 2426 foliis
411 2394 594 2426 viduantur
609 2393 706 2425 orni.’
740 2394 836 2435 Virg.
851 2393 926 2424 AEn.

225 2453 307 2477 vm.
322 2447 397 2477 571.
418 2447 427 2462 ‘
442 2443 626 2476 Viduasset
638 2442 768 2475 civibus
784 2443 927 2475 urbem.'

226 2495 337 2526 Quem
353 2495 386 2525 in
403 2495 513 2525 locum
532 2492 795 2524 Serviuslaudat
809 2492 925 2532 Virgi-

224 2544 305 2574 lium
324 2549 483 2586 tanquam
501 2544 639 2585 proprie
655 2543 804 2574 locutum
820 2553 828 2574 :
854 2542 926 2574 Ho-

226 2593 348 2624 ratium
374 2603 455 2625 vero
485 2593 598 2634 carpit
629 2598 665 2624 et
689 2593 828 2625 vellicat
854 2596 927 2624 11111-

226 2651 327 2685 quam
352 2642 405 2674 hic
441 2644 530 2675 male
560 2643 737 2685 scripserit
767 2642 927 2674 ‘viduum

226 2692 446 2733 Apollinem!
491 2694 557 2725 Sed
587 2704 607 2725 o
641 2694 808 2736 puerilem
834 2697 926 2726 astu-

227 2743 329 2775 tiam!

1024 1298 1064 1328 13
1091 1296 1177 1333 Quin
1197 1300 1228 1329 et
1251 1296 1394 1338 Atridae,
1415 1296 1487 1338 ξω]
1508 1295 1682 1328 Praeclare

980 1350 1017 1378 et
1033 1346 1180 1387 benigne
1202 1356 1222 1378 a
1247 1346 1422 1378 Mercurio
1437 1345 1531 1377 facta
1542 1345 1612 1386 jam
1628 1354 1682 1376 os-

980 1395 1103 1426 tendit.
1148 1395 1317 1427 Nimirum
1342 1405 1385 1426 ex
1412 1395 1552 1427 Homer.
1581 1394 1680 1427 Iliad.

980 1446 1043 1477 ult.
1060 1445 1253 1477 Mercurius
1268 1455 1288 1476 a
1303 1445 1392 1478 Jove
1413 1445 1533 1476 missus
1549 1444 1683 1486 praebet

979 1505 1016 1527 se
1033 1495 1156 1527 ducem
1172 1496 1313 1527 Priamo
1325 1495 1489 1527 Hectoris
1502 1493 1683 1527 interfecti

978 1556 1102 1588 corpus
1119 1547 1311 1579 redemtum
1329 1547 1505 1588 pergenti:
1533 1555 1682 1588 eumque

978 1607 1040 1638 per
1067 1597 1181 1628 media
1204 1598 1351 1628 hostium
1376 1601 1490 1629 castra
1507 1596 1550 1628 ad
1565 1595 1684 1628 Achil-

975 1646 1045 1677 lem
1059 1655 1168 1688 usque
1185 1646 1234 1678 sic
1251 1645 1407 1688 deducit,
1431 1649 1468 1678 ut
1481 1655 1547 1678 11311
1563 1649 1680 1678 tentus

977 1706 997 1728 a
1012 1706 1195 1738 quoquam,
1214 1696 1315 1727 immo
1330 1705 1395 1728 nec
1410 1696 1502 1728 visus
1518 1695 1638 1728 fuerit.

1019 1746 1171 1787 Atridas]
1200 1745 1493 1787 Agamemnonem
1509 1750 1546 1779 et
1560 1745 1682 1777 Mene-

976 1797 1067 1828 laum
1097 1796 1200 1829 Atrei
1228 1795 1331 1836 filios,
1362 1796 1480 1830 Graeci
1509 1796 1684 1828 exercitu·

978 1847 1223 1888 Imperatores.
1525 1878 1531 1880 .

1022 1900 1063 1929 14
1086 1897 1189 1929 Dives
1209 1895 1377 1937 Priamus]
1413 1895 1459 1927 Et
1474 1895 1508 1928 in
1522 1895 1614 1928 hunc
1634 1895 1684 1928 lo·

978 1957 1053 1979 cum
1070 1947 1225 1988 Scaliger
1239 1947 1364 1988 stylum
1381 1946 1476 1978 acuit
1490 1949 1527 1978 31
1545 1945 1658 1978 vibrat
1674 1957 1683 1978 ε

957 2014 960 2016 >
977 1999 986 2014 ‘
1003 1996 1057 2027 An
1071 1996 1190 2032 dives,'
1214 1996 1338 2037 inquit,
1362 1997 1372 2014 ⁴
1387 1996 1446 2027 ille
1461 1995 1519 2036 qui
1534 1996 1684 2027 miserri-

978 2054 1063 2084 mus,
1087 2045 1189 2076 orbus
1214 2045 1347 2084 liberis,
1372 2053 1479 2084 regno
1505 2044 1684 2084 spoliatus,

979 2094 1104 2135 quique
1121 2093 1206 2125 adeo
1218 2102 1364 2124 moerens
1375 2093 1488 2133 potius
1499 2098 1535 2124 et
1547 2093 1646 2134 inops
1657 2093 1682 2124 ῥ’

976 2145 1118 2176 Scilicet
1141 2153 1209 2175 non
1233 2143 1437 2175 meminerat
1452 2143 1541 2184 quod
1555 2144 1683 2184 legitur

977 2193 1080 2226 Iliad.
1109 2193 1171 2224 ult.
1201 2193 1341 2233 copiosa
1362 2202 1443 2223 sane
1466 2196 1503 2224 31
1529 2193 1683 2234 pretiosa

978 2253 1118 2276 munera
1135 2242 1178 2274 ad
1194 2242 1364 2274 Achillem
1380 2241 1496 2274 delata
1509 2251 1529 2274 a
1543 2242 1682 2274 Priamo

978 2294 1114 2335 Trojam
1130 2293 1334 2332 deserente3
1358 2297 1474 2334 atque,
1484 2296 1522 2324 ut
1533 2297 1586 2325 est
1598 2292 1682 2324 ibid.

979 2343 1134 2375 ‘infinita
1159 2344 1248 2375 dona
1273 2353 1293 2375 e
1316 2343 1465 2375 thalamo
1489 2342 1524 2375 in
1546 2352 1680 2375 currum

979 2397 1163 2435 exportata
1207 2393 1250 2425 ad
1288 2393 1479 2426 Hectorem
1513 2393 1683 2426 redimen-

980 2444 1097 2476 dum:'
1121 2454 1197 2485 quae
1228 2445 1332 2476 etiam
1362 2444 1410 2476 ibi
1434 2449 1679 2476 recensentur:

977 2494 1182 2526 ‘duodecim
1210 2495 1325 2531 laenas,
1356 2493 1502 2526 totidem
1531 2498 1682 2534 tapetas,

979 2544 1191 2586 totidemque
1211 2544 1315 2586 pallia
1330 2543 1468 2583 eximia,
1482 2542 1564 2574 item
1580 2547 1616 2574 et
1628 2553 1681 2574 sa-

979 2595 1080 2636 gula:
1102 2594 1175 2625 auri
1191 2603 1273 2625 vero
1291 2594 1422 2625 talenta
1437 2593 1578 2624 decem:
1596 2593 1680 2624 duos

980 2644 1118 2685 insuper
1149 2642 1303 2684 tripodas
1341 2642 1514 2679 ardentes,
1547 2641 1682 2675 lebetes

979 2699 1146 2736 quatuor;
1181 2694 1342 2734 poculum
1372 2691 1517 2734 deniqne
1545 2692 1678 2734 conspi-

980 2753 1094 2784 cuum,
1110 2743 1199 2785 quod
1213 2742 1362 2776 Thraces
1377 2741 1574 2778 donarant<
