1916 3190
223 228 310 271 280
705 241 749 279 Q.
780 241 991 272 HoRA'rn
1028 241 1205 274 maeel

340 337 342 339 '
395 332 488 375 Ver
507 333 583 376 ubi
603 334 779 389 longum
799 335 1066 390 tepidasque
1086 349 1179 391 prae
1192 338 1272 379 bet

395 401 574 456 Jupiter
593 403 788 452 brumas,
815 407 859 443 et
882 403 1053 444 amicus
1074 402 1227 445 Aulon

396 469 554 510 Fen-tili
574 469 756 511 Baccho
777 470 1006 511 minimum
1027 470 1227 512 Falernis

742 536 922 579 Invidet
941 537 1060 579 uvis.

397 602 482 645 Ille
501 606 545 645 te
565 616 734 646 mecum
754 604 882 646 locus
903 609 947 647 et
964 605 1110 646 beatae

1559 564 1568 570 ι
1625 538 1684 581 20

224 746 293 768 cum
311 725 498 786 Venuli-ania
523 739 661 771 bonitate
680 741 878 772 contendunt.
924 740 997 772 Illic
1010 750 1065 772 ver
1083 741 1270 772 diuturnum
1291 744 1323 772 et
1347 739 1470 781 hyemes
1495 739 1682 779 temperatae

224 780 281 811 dut
289 780 439 821 Jupiter.-
460 784 551 823 atque
573 783 675 814 Aulon
696 783 867 815 abundanti
887 782 958 815 vino
972 783 1072 822 ferax
1086 793 1277 825 nequaquam
1291 781 1446 815 desiderat
1460 790 1596 814 racemos
1613 779 1680 811 Fa-

829 877 868 890 OO
869 877 1071 890 monete&

224 931 310 960 -17
339 929 402 961 Ver
424 930 484 962 tibi
503 931 630 970 longum
656 931 850 963 Helmstad.
877 942 896 963 a
921 942 966 964 m.
994 942 1046 973 pr.
1069 933 1265 973 trepidasque
1289 941 1375 963 unus
1403 929 1621 970 Bersmanni‚
1643 932 1682 961 et

225 971 454 1021 Helmslad0fl
469 983 512 1004 m.
531 976 670 1013 piu—18
696 974 809 1005 Bentl.
827 983 888 1014 pro
904 974 1021 1006 amicus
1036 975 1128 1016 conj.
1151 975 1287 1015 apricus,
1302 983 1448 1015 eumque
1464 978 1606 1004 secutus
1622 976 1678 1003 est

224 1014 332 1063 Kidd.
360 1018 494 1046 amwtus
517 1015 606 1056 conj.
624 1016 701 1047 Nic.
718 1015 892 1054 Heinsius,
908 1016 1000 1057 quod
1016 1017 1151 1058 recepit
1164 1016 1301 1048 Wakef.
1333 1017 1468 1048 amictus
1483 1015 1587 1046 Aulon
1602 1013 1681 1046 Ver-

225 1060 317 1106 tat-em
331 1058 418 1108 cqnj.
435 1067 489 1098 ap.
500 1057 708 1090 δοκι-48
731 1058 863 1089 Fertilis
878 1059 1014 1090 emend.
1030 1059 1205 1091 Passer-at.
1223 1062 1260 1091 et
1278 1059 1326 1091 sie
1335 1058 1410 1099 jam
1424 1057 1505 1090 olim
1523 1057 1621 1089 Serv.
1635 1055 1680 1087 ad

225 1100 322 1138 Virg.
340 1100 415 1130 lim.
437 1108 496 1130 ιιι.
518 1101 596 1131 553.
620 1109 706 1131 unus
727 1100 845 1132 Lamb.
860 1100 933 1132 -duo
960 1101 1065 1142 Cruq.
1088 1101 1200 1132 Pulm.
1229 1101 1410 1133 Gemblac.
1428 1103 1460 1132 2.
1483 1103 1520 1131 et
1548 1098 1680 1130 Beller.

223 1141 369 1173 Mentel.
387 1142 537 1173 Bentleii
552 1141 650 1174 Leid.
667 1147 704 1174 et
719 1142 878 1174 Petrens.
891 1144 1122 1176 Venet.1492.
1135 1143 1216 1175 Asc.
1234 1145 1379 1176 Locher.
1394 1143 1518 1175 Heius.
1537 1141 1682 1173 canter.

224 1184 317 1234 qu.
337 1185 449 1215 Lectt.
465 1194 515 1234 vr.
530 1187 582 1217 14.
601 1185 717 1217 Klotz.
732 1185 847 1217 Lectt.
863 1186 993 1218 Venus.
1007 1197 1039 1228 p.
1056 1189 1133 1218 247.
1155 1188 1164 1205 ‘
1178 1186 1248 1218 Sed
1264 1187 1363 1228 plane
1378 1183 1576 1226 languidum
1591 1187 1684 1215 esset

224 1227 402 1267 epitheton
418 1226 557 1268 fertilis,
569 1228 647 1259 dum
665 1229 772 1259 semel
788 1228 900 1260 dictus
915 1233 1005 1260 esset
1021 1228 1133 1261 Aulon
1150 1230 1278 1261 amicus
1290 1229 1436 1261 Baccho.
1472 1227 1561 1259 ‘rum
1577 1235 1598 1257 a
1611 1225 1683 1257 vul-

225 1273 306 1310 gata
322 1279 387 1301 non
403 1274 458 1302 est
472 1280 556 1312 opus
572 1270 750 1310 recedere,
766 1280 840 1311 quae
853 1276 890 1303 et
906 1272 1113 1312 exquisitum
1130 1277 1287 1304 ornatum
1301 1270 1548 1303 habeatssdmni.
1571 1268 1681 1301 mad.

225 1320 303 1343 cuin
319 1312 479 1361 Bentleio
494 1312 616 1362 edidit,
631 1317 663 1344 et
684 1313 809 1354 apricus
821 1313 863 1345 A.
877 1314 1009 1346 Fertilis
1016 1325 1029 1352 ;
1053 1315 1102 1346 sic
1130 1315 1198 1346 duo
1223 1315 1379 1356 epitheta
1398 1313 1540 1346 habebit
1554 1310 1683 1350 Aulon,

225 1355 314 1404 ‘¹¹9⁶
331 1359 501 1395 ingratum
516 1365 550 1386 iu
566 1356 691 1387 Latina
708 1355 822 1387 Poesi.
867 1356 1031 1388 Nostram
1048 1358 1128 1389 leet.
1141 1363 1281 1390 servant
1297 1358 1398 1389 Harl.
1412 1359 1442 1388 1.
1458 1359 1490 1392 2.
1504 1358 1537 1387 3.
1552 1357 1587 1386 4.
1602 1357 1635 1385 6.
1647 1356 1682 1384 6.

226 1396 401 1444 alu-codd.
417 1403 453 1429 et
470 1397 550 1429 edd.
567 1401 652 1429 vett.
668 1408 746 1429 cum
768 1399 928 1430 Torrent.
952 1399 1067 1431 Lamb.
1091 1400 1195 1440 Cruq.
1217 1399 1330 1438 Bond.
1354 1398 1532 1431 Schrevel.
1555 1394 1683 1436 Delph-

225 1437 347 1471 Hems.
363 1439 405 1470 R.
419 1444 455 1471 et
473 1440 518 1470 H.
539 1440 685 1481 Stephh.
709 1440 855 1481 Cuning.
881 1440 1005 1472 Sanad.
1026 1442 1120 1482 Jani,
1143 1442 1284 1473 Mitsch.
1311 1442 1454 1482 Bipout.
1479 1438 1624 1471 Wetzel.
1646 1440 1683 1468 et

226 1480 431 1514 Comb.-2l
457 1482 517 1514 Ille
537 1492 586 1515 noe
609 1486 709 1514 tecum
734 1483 820 1515 Exc.
843 1483 924 1515 SaX.
949 1490 986 1516 et
1011 1483 1084 1516 Ait.
1108 1486 1228 1516 1.-22
1251 1484 1350 1516 Harl.
1372 1485 1404 1515 2.
1427 1485 1461 1515 4.
1482 1485 1514 1514 5.
1539 1483 1573 1512 6.
1595 1488 1682 1512 unus

883 1571 914 1603 N
920 1570 1024 1603 OTAE

224 1633 333 1676 (oleo)
348 1633 500 1666 obtinuit
513 1633 618 1666 Italia
628 1638 702 1667 toto
716 1633 812 1674 orbe,
823 1634 929 1666 maxi·

225 1693 280 1716 me
310 1693 393 1724 agro
419 1683 641 1724 Venafrano,’
666 1686 731 1716 ὅτε.
774 1684 928 1716 Martial.

225 1743 293 1766 xn.
309 1737 364 1766 64.
388 1734 516 1767 ‘uncto
540 1734 702 1767 Corduba
724 1734 838 1767 laetior
861 1735 929 1766 Ve-

226 1783 348 1817 nafro?
390 1785 437 1817 Et
452 1774 537 1817 Χῗῖι.
549 1787 624 1818 101.
638 1785 650 1803 ‘
663 1785 742 1817 Hoc
753 1785 815 1817 tibi
830 1785 930 1818 Cam-

226 1836 306 1876 pani
323 1835 459 1867 sudavit
474 1836 581 1868 bacca
594 1834 765 1868 Venafri.'

269 1889 309 1918 17
330 1886 394 1919 Ver·
405 1886 458 1918 ubi
471 1885 615 1927 longum]
637 1885 707 1918 Ubi
725 1895 830 1918 verna
843 1889 931 1918 tem-

228 1936 340 1978 peries
356 1936 531 1977 perdurat.
556 1936 613 1967 Ita
624 1935 761 1967 Servius
776 1934 930 1976 explicat

226 1986 349 2027 Virgil.
364 1986 491 2026 Georg.
506 1994 549 2017 11.
566 1989 642 2018 149.
666 1985 741 2016 ‘hic
766 1995 827 2016 ver
850 1985 929 2027 assif

227 2035 331 2068 duum
345 2034 374 2075 ;'
390 2036 543 2077 citatque
554 2036 644 2066 hunc
657 2035 767 2066 locum
780 2034 929 2066 Horatii.

272 2086 460 2127 Tepidasque
485 2085 606 2126 praebet
633 2085 763 2126 Jupiter
790 2084 930 2124 brumas]

169 2151 176 2153 Δ
226 2136 402 2178 Hybernis
427 2135 532 2167 etiam
558 2134 730 2166 mensibus
759 2134 854 2166 nulla
881 2134 928 2165 ibi

227 2192 282 2219 est
308 2186 395 2219 aeris
420 2185 651 2218 inclementia.
695 2183 832 2224 Bruma]
854 2184 930 2215 Sol-

227 2239 360 2271 stitium
389 2237 593 2280 hybernum,
620 2236 712 2278 quod
742 2236 792 2268 sic
823 2235 928 2267 ovid.

230 2289 384 2330 explicat
408 2288 501 2319 Fast.
528 2297 553 2319 1.
581 2289 656 2320 163.
677 2287 827 2318 ‘Bruma
851 2285 929 2317 novi

229 2340 342 2381 prima
363 2343 428 2380 est,
450 2338 643 2380 veterisque
665 2336 849 2369 novissima
868 2336 930 2368 So-

230 2389 300 2423 lis.'

274 2443 315 2473 18
337 2441 384 2472 Et
405 2439 523 2472 amicus
538 2438 643 2471 Aulon
660 2437 778 2470 fertili
793 2437 933 2477 Baccho,

230 2491 299 2533 εμπ]
323 2492 387 2523 Est
403 2495 439 2523 et
453 2490 626 2532 proximus
645 2489 741 2521 collis
756 2488 881 2528 Aulon,
897 2487 933 2519 in

230 2552 297 2584 quo
313 2542 427 2573 vinum
451 2539 612 2583 provenit
631 2539 776 2571 Falerno
795 2537 934 2570 minime

230 2592 391 2632 inferius3
417 2591 628 2633 proindeque
644 2599 711 2621 non
736 2589 768 2621 ei
790 2588 934 2629 invidet,

232 2653 252 2674 a
267 2651 334 2683 qno
345 2642 500 2683 superari
515 2649 729 2683 nequaquam
742 2639 853 2671 timet.
890 2638 931 2670 In

231 2691 323 2734 agris
337 2692 531 2723 Tarentinis
553 2691 668 2722 vinum
693 2699 850 2722 crescere
876 2698 933 2730 ge-

231 2751 403 2782 nerosum,
420 2742 515 2773 testis
529 2741 621 2774 Plin,
640 2743 764 2773 xiv.6.
780 2740 838 2772 ubi
856 2740 933 2772 vina

233 2797 391 2826 recenset
406 2792 596 2834 exquisita:
621 2792 772 2824 ‘Verum
798 2796 835 2823 et
859 2792 932 2823 lon-

981 1634 1162 1676 ginquiora
1175 1634 1289 1666 Italiae
1301 1633 1344 1666 ab
1355 1631 1507 1665 Ausonio
1518 1630 1602 1663 mari
1615 1639 1683 1662 non

982 1688 1104 1716 carent
1119 1683 1241 1725 gloria,
1256 1682 1457 1722 Tarentina,
1471 1685 1509 1713 et
1521 1680 1686 1714 Servitia-

982 1734 1052 1775 na,'
1068 1737 1134 1767 διο.
1178 1732 1334 1767 Martial.
1354 1741 1440 1764 1111.
1458 1733 1531 1764 12⁵.
1551 1731 1562 1748 ‘
1577 1729 1687 1763 Nobi-

981 1786 1023 1817 lis
1053 1789 1090 1817 et
1118 1784 1216 1825 lanis,
1242 1787 1279 1816 et
1301 1782 1387 1815 felix
1410 1781 1536 1814 vitibus
1560 1779 1688 1816 Aulon,

982 1836 1052 1868 Det
1070 1835 1221 1877 pretiosa
1242 1834 1306 1867 tibi
1323 1833 1463 1873 vellera,
1481 1832 1560 1864 vina
1580 1829 1686 1862 mihi:

981 1886 1108 1919 Strabo
1130 1886 1190 1918 lib.
1212 1895 1264 1919 vx.
1285 1884 1434 1918 Aulouia
1458 1882 1554 1925 quasi
1570 1881 1686 1913 Vallo-

982 1938 1041 1969 nia
1063 1948 1083 1969 a
1110 1937 1223 1969 vicina
1249 1935 1405 1968 convalle
1427 1933 1614 1972 nominata,
1635 1930 1688 1962 in-

983 1987 1078 2028 quit:
1101 1987 1188 2018 hane
1217 1991 1332 2018 autem
1353 1984 1472 2017 urbem
1492 1982 1537 2015 ab
1550 1981 1686 2014 Anione

958 2042 1097 2070 ‘monte
1122 2039 1174 2069 vel
1202 2038 1318 2079 potius
1344 2033 1576 2077 promontorio
1603 2037 1689 2074 puto

984 2086 1064 2126 dici,
1078 2088 1113 2118 in
1129 2086 1319 2117 Tarentino
1335 2090 1449 2117 tractu
1464 2085 1577 2115 sitam.
1598 2082 1704 2114 Por-1

984 2147 1023 2168 ro
1054 2142 1173 2168 textus
1204 2134 1388 2167 Horatiani
1418 2133 1502 2165 ordo
1531 2133 1587 2163 hic
1610 2136 1685 2163 est:

983 2186 1128 2226 Amicus,
1142 2185 1178 2216 id
1197 2188 1263 2224 est,
1278 2184 1409 2215 vicinus
1431 2183 1593 2220 Tarento,
1617 2181 1687 2212 Au-

982 2237 1045 2275 lon,
1063 2236 1173 2275 fertili
1187 2236 1313 2267 Baccho
1334 2233 1501 2276 gaudens,
1525 2232 1688 2264 minimum

983 2287 1129 2319 Falernis
1143 2286 1262 2318 invidet
1276 2286 1356 2317 uvis.
1394 2284 1481 2316 vel:
1505 2282 1686 2321 Aulonser-

983 2339 1036 2370 tili
1056 2338 1184 2370 Baccho
1207 2336 1327 2368 amicus
1349 2334 1513 2366 minimum
1528 2333 1686 2373 Falernis,

983 2390 1037 2429 ‘'3¹0-
1082 2388 1138 2420 Sic
1155 2386 1245 2428 apud
1261 2383 1384 2417 Tibull.
1399 2383 1549 2415 dicitur:
1573 2383 1583 2400 ‘
1595 2383 1685 2415 Bac-

985 2438 1039 2471 chi
1055 2447 1138 2470 cura
1153 2437 1317 2468 Falernus
1334 2433 1440 2475 ager?

1028 2491 1070 2521 21
1099 2489 1157 2520 Ille
1184 2491 1215 2519 te
1240 2495 1358 2518 mecum
1386 2485 1482 2526 locus,
1510 2485 1581 2526 Gya]
1604 2484 1687 2516 Tam

987 2540 1089 2571 laetus
1111 2543 1148 2570 et
1174 2546 1326 2569 amoenus
1348 2534 1511 2567 videlieet
1532 2542 1687 2566 secessus

988 2593 1023 2622 te
1037 2598 1169 2620 mecum
1186 2587 1321 2619 invitat.

1013 2641 1126 2673 Beatoe
1134 2637 1236 2679 arces]
1245 2636 1434 2678 Explicant
1441 2634 1510 2676 alii,
1519 2633 1604 2666 editi
1617 2634 1688 2666 col-

986 2692 1037 2723 les
1049 2690 1186 2732 optimis
1195 2689 1268 2721 uvis
1275 2688 1386 2720 beati:
1402 2686 1584 2729 quiaedita
1595 2695 1687 2728 quae-

987 2751 1052 2783 que
1061 2741 1136 2772 loca
1144 2749 1239 2772 arces
1247 2742 1423 2770 vocantur.
1437 2737 1511 2778 Ego
1518 2735 1632 2768 malim
1641 2734 1687 2767 de

986 2791 1071 2824 urhe
1083 2791 1231 2824 Tarento
1247 2789 1455 2831 intelligere,
1470 2787 1528 2820 ubi
1542 2786 1610 2819 fuit
1624 2794 1686 2818 arx
