1916 3190
0 2109 10 2269 ff

0 2271 15 2518 ἒ

490 245 597 275 01)AE
631 243 743 274 DUAE:
775 242 1000 273 ιιοιιᾼτιο
1031 242 1332 273 ευΡΡοειτΕ.
1579 233 1637 275 37

247 338 490 391 Septimius
506 339 579 387 (ιι.
598 335 684 377 Od.
703 336 762 386 6.)
782 349 811 377 a
829 335 1134 390 Porphyrione
1155 335 1318 377 dicitur
1330 335 1469 376 fuisse
1486 336 1636 391 Εᾳιιεε

192 403 437 453 Romanus,
460 404 634 445 Horatii
650 403 902 452 commilito,
922 408 968 443 et
994 403 1168 456 priscus
1187 414 1215 443 a
1235 402 1423 455 pueritia
1441 403 1635 455 amicus;

189 484 322 524 quem
346 482 378 511 1.
405 471 546 524 Epist.
563 471 607 512 9.
636 470 815 511 Tiberio
839 468 1133 517 commendat,
1154 468 1230 522 qui
1249 481 1350 509 eum
1381 481 1423 509 a.
1440 468 1540 509 ⁷31.
1564 483 1635 511 se-

189 549 289 578 cum
307 539 351 578 in
369 537 588 579 Orientem
609 537 751 578 duxit.
808 535 1008 589 Augusto
1030 549 1129 577 eum
1150 548 1301 577 carum
1314 539 1359 576 et
1376 535 1634 577 familiarem

185 603 342 654 fuisse,
362 605 554 645 vidimus
573 604 619 645 in
638 603 745 645 Vita
766 603 961 653 Horatii,
977 606 1159 644 auctore
1180 602 1407 645 Suetonio.

242 671 486 724 Pompeius
515 670 748 725 Grosphus
775 672 851 719 (ιι.
872 669 958 711 Od.
977 668 1058 724 7.),
1090 683 1223 724 quem
1242 671 1430 723 primum
1450 683 1634 712 snorum

185 737 423 787 sodalium,
454 741 643 779 veterem
674 738 880 789 amicum,
903 743 1038 779 vocat
1066 737 1299 787 Horatius,
1322 737 1407 778 fuit
1437 737 1633 787 libertus,

183 809 231 846 ut
258 804 445 861 videtur,
478 806 683 859 Pompeii
714 805 880 859 Magni,
912 818 1067 859 genere
1095 805 1297 854 Graecus,
1330 805 1406 859 qui
1434 817 1547 859 pace
1574 805 1634 846 ad

185 870 411 913 Misenum
428 871 549 913 facta
576 884 616 913 a.
637 874 737 914 715.
773 872 880 914 Sex.
911 871 1172 926 Pompeium
1199 871 1394 925 reliquit,
1426 875 1471 913 et
1494 871 1633 914 Octa·

183 937 315 979 viano
335 938 539 990 adhaesit,
561 952 588 980 a
606 952 708 993 quo,
729 941 822 981 sive
850 952 878 981 a
901 940 968 981 Μ.
987 939 1203 993 Agrippa,
1226 944 1364 980 terras
1384 938 1559 992 amplas
1585 939 1632 979 in

185 1004 339 1046 Sicilia
354 1006 427 1047 vel
446 1008 627 1059 accepit,
645 1007 716 1047 vel
734 1007 902 1060 recepit
920 1007 1024 1047 olim
1045 1018 1301 1060 possessas.
1337 1004 1441 1045 Vid.
1463 1005 1630 1046 Sanad.

185 1070 242 1111 ad
265 1082 318 1112 ιι.
340 1071 425 1113 od.
445 1073 513 1113 16.
533 1073 667 1126 (apud
685 1073 834 1125 ipsum
856 1083 899 1113 v,
921 1071 1008 1113 Od.
1029 1071 1094 1125 4.)

238 1137 295 1179 T.
310 1137 498 1191 Valgius
532 1138 697 1188 Rufus,
729 1138 888 1179 nobilis
918 1139 1056 1192 poeta
1089 1137 1275 1192 Epicus,
1306 1150 1438 1191 quem
1464 1137 1630 1180 Tibull.

184 1214 253 1243 ιν.
281 1204 323 1244 1.
356 1203 452 1245 180.
487 1206 500 1224 ‘
517 1208 681 1246 aeterno
714 1205 964 1258 proximum
996 1204 1197 1245 Homero
1210 1202 1223 1219 '
1261 1203 1385 1246 dicit.
1464 1203 1531 1246 cf.
1566 1206 1629 1246 ibi

183 1268 434 1313 BroukhuS.

237 1335 499 1378 Postumum
515 1338 655 1387 illum,
676 1337 732 1379 ad
752 1350 883 1392 quem
901 1342 969 1379 est
992 1348 1045 1378 ιι.
1061 1337 1148 1380 od.
1167 1339 1235 1380 14.
1269 1339 1482 1381 Dacerius
1503 1343 1630 1393 putat

181 1416 280 1445 esse
299 1403 486 1445 eundem
506 1417 605 1446 cum
624 1404 750 1446 Julio
771 1404 918 1454 Floro,
948 1404 1006 1447 ad
1032 1418 1162 1460 quem
1186 1406 1285 1447 duae
1321 1411 1421 1447 sunt
1449 1405 1630 1448 Horatii

179 1470 323 1524 Epist.
343 1474 390 1512 et
409 1470 561 1525 Elegia
580 1471 797 1525 Propertii
819 1482 891 1512 ιιι.
914 1471 982 1513 12.
1014 1471 1102 1514 Sed
1122 1473 1252 1514 docte
1270 1471 1468 1514 ostendit
1487 1473 1628 1514 Sana-

181 1536 340 1588 donus,
359 1551 490 1592 quam
511 1551 665 1593 parum
684 1539 731 1580 id
751 1543 870 1581 recte
895 1543 1132 1581 statuatur.
1193 1539 1300 1581 Non
1327 1543 1520 1594 oportet,
1541 1540 1627 1581 nisi

180 1616 437 1658 comparare
456 1606 566 1647 inter
586 1619 635 1647 se
656 1606 952 1658 characteres,
981 1611 1031 1648 ut
1045 1619 1276 1661 agnoscaS‚
1291 1619 1437 1659 neque
1452 1605 1482 1647 J
1485 1606 1626 1647 ulium

180 1669 372 1721 Florum,
402 1684 544 1726 neque
577 1672 916 1727 Propertianum
947 1675 1207 1716 Postumum
1239 1686 1341 1714 cum
1375 1672 1624 1713 Horatiano

181 1736 364 1779 eundern
385 1750 499 1780 esse.

182 1948 306 1990 DUAE
341 1949 479 1999 ODAE,
505 1964 603 2003 quae
632 1951 676 1992 in
706 1950 817 1992 Cod.
844 1949 937 1991 Ms.
964 1949 1147 1991 Horatii
1176 1949 1470 1991 Bibliothecae
1492 1949 1623 1990 Pala-

236 2014 378 2064 tinae,⁸
396 2015 443 2056 in
461 2015 696 2066 Vaticana,
710 2020 896 2070 repertae
911 2016 1126 2065 feruntur,
1146 2021 1190 2058 et
1204 2029 1345 2070 nuper
1359 2016 1490 2058 editae
1507 2021 1621 2057 sunt.

237 2080 280 2123 N
283 2094 342 2122 on
358 2095 471 2136 opus
481 2087 563 2134 aet,
576 2083 662 2124 nisi
673 2096 750 2125 eas
761 2083 926 2136 legere,
941 2086 991 2124 ut
1003 2082 1199 2124 Horatio
1213 2088 1511 2137 agnoscantur
1523 2096 1623 2124 esse

232 2147 567 2202 indignissimae.

613 2237 717 2279 Lm.
747 2249 780 2279 1.
838 2237 947 2279 Onn
980 2248 1174 2279 xxmx.

625 2327 695 2357 An
714 2327 907 2358 sumum
932 2327 1158 2358 imorum.

278 2431 280 2433 .
341 2391 599 2434 Disconoa
620 2394 822 2446 grandem
843 2398 995 2448 gravat
1016 2407 1103 2436 uva
1123 2405 1318 2443 ramum;

342 2456 488 2499 Instat
505 2457 781 2502 Autumnus:
812 2460 1013 2512 glacialis
1032 2473 1147 2501 anno

345 2522 459 2564 Mox
482 2523 654 2578 Hyems
671 2525 876 2567 volvente
899 2525 1040 2566 aderit
1059 2525 1235 2578 capillis

910 2590 1108 2631 Horrida
1128 2590 1265 2630 canis.

216 2678 231 2694 ⁸
246 2673 434 2707 cinarus
445 2675 576 2708 unicam
589 2677 676 2709 hanc
686 2677 778 2709 Libri
791 2686 865 2708 cer·
917 2686 963 2708 na
982 2680 1153 2717 repertam
1170 2674 1420 2706 accuratissime
1435 2679 1620 2718 transcrip-

139 2771 142 2774 Δ
174 2727 212 2755 te
227 2717 442 2755 vetustissimi
456 2725 491 2756 in
506 2725 720 2759 Bibliotheca
734 2726 868 2758 Palati·
920 2727 962 2767 si,
986 2726 1125 2758 verbum
1150 2725 1195 2756 de
1220 2725 1336 2765 verbo,
1362 2730 1399 2757 et
1419 2726 1554 2758 literam
1577 2729 1619 2759 de
