1916 3190
611 269 882 303 oARmNUM
917 269 1013 300 ua.
1047 268 1118 298 ιιι.
1146 259 1186 299 7.

1528 255 1612 296 429

398 365 607 406 Frustra:
637 376 740 404 nam
760 362 954 416 scopulis
974 360 1146 402 surdior
1166 358 1281 400 Icari

398 431 546 472 Voces
566 430 690 471 audit
710 428 851 470 adhuc
871 429 1043 480 integer.

1100 426 1175 475 At,
1195 425 1276 466 tibi

458 497 530 538 Ne
550 495 720 537 vicinus
742 494 938 548 Enipeus

513 562 626 602 Plus
639 561 764 614 justo
782 560 973 614 placeat,
993 571 1122 610 cave3

401 626 618 677 Quamvis
634 638 719 666 non
740 624 854 667 alius
874 623 1051 666 flectere
1069 635 1230 678 equum
1252 622 1398 664 sciens

1560 623 1618 663 25

401 690 547 745 AEque
566 690 836 743 conspicitur
852 689 1045 743 gramine
1066 687 1247 737 Martio,

461 756 562 798 Neo
582 756 817 809 quisquam
833 755 949 797 citus
968 767 1097 808 aeque

446 824 449 826 ’
515 821 666 880 Tusco
686 821 863 863 denatat
884 822 1026 863 alveo.

406 888 557 929 Prima
575 891 702 928 nocte
723 887 899 928 domum
920 886 1107 938 claude3
1138 899 1277 940 neque
1297 887 1340 927 in
1360 887 1456 928 vias

404 953 495 994 Sub
516 956 644 994 cantu
665 953 858 1007 querulae
877 952 1056 1006 despice
1076 952 1224 1003 tibiae;

1563 952 1620 994 30

183 1085 281 1116 nuris
295 1085 403 1116 durior
413 1085 475 1116 istu
489 1084 582 1115 verba
602 1083 720 1123 excipit
743 1083 896 1122 hucusque
909 1082 1114 1122 incorruptus.
1161 1082 1234 1114 Tibi
1248 1092 1319 1114 vero
1331 1091 1404 1114 cave
1418 1091 1456 1113 ne
1464 1082 1625 1122 plusquam

181 1135 242 1165 pur
261 1130 309 1158 est
333 1127 472 1158 arrideat
490 1126 552 1156 Eat·

552 1134 626 1166 pens
647 1125 777 1156 vicinus.
821 1124 959 1155 Tametsi
980 1134 1068 1155 nemo
1089 1127 1154 1155 tam
1171 1124 1291 1164 peritus
1310 1134 1419 1164 equum
1439 1123 1568 1163 regendi
1591 1123 1626 1152 in

187 1168 303 1208 Campo
317 1169 438 1199 Martio
459 1170 618 1208 spectatur
627 1177 640 1203 ,·
660 1166 821 1205 nullusque
834 1169 898 1196 tum
914 1166 1055 1206 expedite
1067 1166 1188 1206 flumen
1202 1167 1369 1197 Etruscum
1383 1169 1499 1197 tranat.
1527 1165 1626 1195 AEdes

184 1210 306 1242 occlude
320 1214 408 1241 nocte
423 1210 566 1241 ineunte:
587 1208 691 1239 necin
705 1207 771 1239 vias
794 1208 935 1238 deorsum
955 1208 1059 1248 aspice
1074 1208 1114 1238 ad
1134 1208 1269 1239 sonitum
1292 1217 1412 1239 canora
1423 1207 1546 1248 fistuloe
1561 1217 1571 1236 .-
1594 1207 1626 1235 et

791 1309 966 1324 OOOONJOO
970 1310 1030 1324 060

186 1384 317 1418 Wakef.
331 1390 368 1417 et
383 1385 487 1418 Kidd.
504 1387 605 1417 mmet
621 1384 818 1425 vulgg.-—21
836 1383 950 1416 lem-iis
960 1377 1063 1417 hess.
1078 1387 1109 1416 2.
1126 1384 1292 1424 probante
1304 1383 1397 1421 Jani,
1412 1392 1456 1413 ex
1471 1391 1497 1413 r.
1514 1381 1580 1413 Od.
1594 1384 1624 1413 l.

183 1430 236 1458 15.
257 1427 268 1445 ‘
281 1426 400 1459 Icariis
424 1426 695 1458 fluetibus.’-22
722 1424 838 1458 Voces-

839 1427 958 1466 spernit
985 1427 1166 1458 Pulmanni
1194 1426 1320 1456 Beller.
1335 1429 1371 1456 et
1388 1423 1524 1454 Diestb.
1539 1432 1625 1454 unus

183 1468 340 1500 Torreat.
365 1477 451 1500 unus
476 1468 687 1506 Bersmanni,
713 1467 799 1499 Exc.
819 1467 899 1499 Su.
916 1468 1014 1499 Desa.
1027 1470 1058 1499 2.
1075 1473 1109 1498 et
1125 1468 1262 1498 Vascos.
1283 1467 1293 1484 ‘
1307 1466 1369 1496 Est
1384 1465 1473 1496 haud
1489 1464 1592 1495 dubie
1606 1474 1627 1495 a

186 1508 430 1546 Grammatico,
445 1511 501 1551 qni
515 1519 580 1541 non
596 1512 749 1548 caperet,
762 1509 931 1550 quomodo
948 1510 1034 1550 quis,
1047 1509 1180 1540 surdior
1195 1508 1313 1540 Icariis
1329 1508 1490 1548 scopulis,
1512 1511 1629 1546 posset

185 1551 327 1583 audire.'
347 1552 522 1583 sut-2³
547 1552 613 1583 Nec
628 1551 744 1582 Zarot.
758 1555 794 1582 et
810 1551 961 1582 Florent.
979 1553 1073 1582 1482.
1091 1551 1258 1590 probante
1282 1550 1388 1581 Gesn.
1413 1549 1626 1588 improbante

185 1587 279 1625 jani.
319 1593 480 1634 Enipheun
505 1593 603 1624 multi
626 1602 679 1632 ap.
708 1591 886 1624 huie-30
909 1592 974 1623 Sub
997 1596 1122 1623 cantum
1147 1593 1276 1622 Bersm.
1292 1590 1412 1621 Heius.
1430 1595 1467 1620 et
1482 1590 1626 1628 Cuning.

186 1642 374 1675 perperam,
402 1635 514 1677 inquit
536 1634 617 1667 Jani
632 1646 642 1673 ;
663 1634 711 1664 ita
726 1638 839 1664 tamen
855 1633 1019 1665 Huschke
1034 1634 1068 1664 in
1086 1633 1198 1674 Epist.
1215 1633 1299 1664 Crit.
1314 1632 1356 1663 ad
1375 1632 1475 1662 Laur.
1490 1630 1628 1661 Santen.

189 1684 266 1716 pag.
279 1678 335 1708 48.

832 1735 980 1768 NOTAE

230 1812 272 1841 21
289 1808 430 1849 Scapulis
442 1809 564 1840 surdior
575 1809 662 1840 lem
675 1809 770 1840 Voces
782 1809 883 1848 audit,

189 1857 261 1899 ξω]
281 1857 330 1889 At
352 1858 482 1898 Gyges,
496 1857 605 1888 adhuc
622 1858 766 1898 integer,
782 1867 883 1888 voces

189 1907 390 1938 internuntii
413 1905 532 1937 emotis
558 1906 765 1937 solicitantia
787 1905 884 1937 audit

190 1955 359 1994 immotus,
388 1955 493 1986 veluti
522 1955 692 1994 scopulus.
734 1954 883 1986 Icarium

190 2013 296 2044 mare,
309 2003 408 2036 hodie
424 2004 600 2043 Nicen-ium,
611 2013 690 2044 pars
701 2008 754 2035 est
766 2003 885 2044 AEgaei,

192 2063 311 2086 versus
333 2054 478 2086 Icariam
499 2054 665 2085 insulam:
687 2053 883 2095 frequentes

192 2102 297 2135 habet
316 2103 486 2143 scopulos.
527 2102 661 2134 Nomen
677 2102 721 2133 ab
735 2102 835 2134 Icaro
849 2102 884 2133 in

193 2151 275 2183 illud
290 2153 398 2193 lapso,
410 2162 487 2184 cum
501 2153 612 2184 volare
628 2156 804 2184 tentasset.
829 2153 884 2184 De

194 2210 235 2232 eo
249 2210 275 2233 1.
290 2201 359 2233 Od.
369 2205 400 2234 1.
413 2204 464 2233 15.
479 2210 521 2233 n.
534 2201 602 2234 od.
614 2204 669 2233 2⁰.
681 2204 730 2234 13.
746 2210 798 2234 tv.
814 2202 884 2234 Od.

196 2252 229 2283 Ξ.
246 2253 278 2282 2.

237 2301 280 2330 22
301 2301 362 2339 At,
375 2300 436 2331 tibi
450 2300 502 2331 Ne
515 2299 645 2339 vicinas,
667 2298 736 2340 ξω]
763 2299 814 2331 Tu
829 2309 883 2331 ve-

195 2356 247 2386 ro,
267 2346 416 2387 Asterie,
437 2346 492 2379 fac
514 2352 554 2379 ut
576 2356 673 2388 aeque
694 2347 805 2378 fidelis
825 2353 884 2379 tuo

196 2396 286 2438 Gygi
321 2406 528 2437 permaneas.
571 2395 662 2427 cave
690 2395 806 2437 itaque
841 2405 884 2428 ne

197 2445 339 2477 vincaris
354 2449 412 2477 aut
426 2445 599 2486 indulgeas
621 2445 790 2476 amoribus
804 2445 885 2476 Eui-

199 2494 254 2533 pei
268 2494 382 2531 vieini.
396 2495 528 2527 etiamsi
543 2494 666 2526 habeat
685 2495 773 2526 unde
784 2494 888 2526 amari

201 2542 318 2581 po‘ssit.

243 2591 285 2620 25
308 2590 456 2624 Quamvis
469 2601 530 2622 aon
542 2591 713 2633 aliaest-c]
730 2591 889 2625 Quamvis

202 2636 352 2676 Enipeus
367 2639 702 2679 equitandiperitiam
714 2641 747 2670 in
760 2639 888 2679 Campo

204 2685 345 2724 Martio,
360 2686 392 2716 in
406 2686 519 2717 Tiberi
542 2696 622 2719 vero
645 2689 815 2720 solertiam
832 2696 889 2717 na-

207 2735 300 2766 tandi
325 2742 361 2767 et
383 2736 570 2776 agilitatem
597 2747 666 2777 prae
690 2738 816 2770 ceteris
838 2746 891 2768 os-

937 1813 1062 1841 tentet.
1105 1808 1191 1839 Vide
1204 1817 1230 1839 1.
1246 1807 1312 1839 Od.
1330 1811 1363 1839 8.

976 1861 1018 1890 28
1044 1858 1138 1889 Tusco
1151 1856 1251 1896 alveo]
1265 1856 1428 1888 Tiberino
1441 1854 1557 1894 fluvio,
1571 1855 1629 1896 qui

936 1906 1107 1938 Etruriam
1123 1907 1164 1937 ab
1180 1906 1334 1945 Umbria,
1348 1905 1498 1940 Sabinia,
1513 1909 1549 1935 et
1566 1905 1629 1935 La-

937 1955 986 1987 tio
1000 1955 1224 1994 disterminat,
1243 1955 1384 1986 Romam
1406 1954 1573 1993 interluit,
1594 1953 1629 1983 in

935 2013 1027 2036 mare
1042 2004 1252 2044 Tyrrhenum
1276 2003 1460 2035 delabitur.

978 2056 1022 2084 29
1044 2053 1155 2084 Pn’ma
1170 2055 1257 2083 nocte
1278 2054 1401 2084 domam
1417 2050 1538 2091 claude]
1574 2049 1630 2081 Ne

937 2102 1102 2142 irrumpat
1130 2102 1294 2142 Enipeus,
1322 2102 1432 2132 noctis
1453 2100 1572 2131 umbra
1594 2103 1630 2130 et

937 2150 1072 2183 silentio
1083 2149 1218 2181 abusus.
1247 2142 1360 2180 Livius
1377 2150 1388 2166 ⁴
1399 2150 1522 2189 primas
1536 2154 1631 2180 tene-

938 2198 1040 2238 bra&
1056 2199 1156 2235 dixit,
1172 2209 1245 2239 pro,
1262 2203 1272 2217 ‘
1285 2199 1396 2231 noctis
1413 2198 1532 2230 initio.’

979 2249 1088 2289 Neque
1115 2248 1149 2279 in
1179 2250 1248 2279 vias
1277 2248 1344 2280 Sub
1373 2251 1467 2279 cantu
1494 2248 1631 2286 queruloe

935 2298 1056 2339 despice
1083 2297 1186 2337 tibioe]
1211 2298 1265 2329 Ne
1295 2307 1356 2337 per
1379 2297 1564 2328 fenestram
1596 2295 1630 2324 in

936 2348 1007 2379 vias
1022 2348 1201 2387 despecta,
1222 2355 1307 2376 neve
1322 2346 1372 2375 sic
1388 2343 1534 2375 videaris
1551 2342 1631 2373 Eni-

937 2397 995 2437 pei
1023 2395 1228 2435 respondere
1252 2393 1433 2430 amoribus,
1455 2400 1531 2421 cum
1560 2391 1631 2428 ille,

938 2454 982 2476 ex
1006 2443 1098 2474 rriore
1120 2441 1316 2479 amantium,
1341 2443 1420 2470 ante
1444 2438 1533 2469 fores
1556 2443 1631 2469 tuas

940 2497 1047 2524 noctu
1069 2493 1170 2522 canet
1193 2489 1287 2519 tibia.
1331 2487 1420 2518 Vide
1445 2496 1469 2518 ι.
1491 2486 1560 2518 Od.
1575 2489 1632 2518 25.

942 2546 977 2573 et
991 2541 1090 2580 hujus
1107 2538 1183 2569 libri
1200 2537 1267 2569 Od.
1282 2539 1334 2568 10.
1349 2536 1462 2577 ibique
1479 2536 1562 2567 Not.

984 2591 1026 2620 30
1051 2586 1212 2626 Queruloe]
1242 2586 1400 2616 Suaviter
1420 2585 1568 2617 ludentis
1589 2595 1631 2617 ae

943 2637 1153 2673 resonantis;
1176 2635 1230 2666 vel
1251 2634 1394 2665 molliori
1415 2643 1497 2666 sono
1518 2635 1632 2674 expri-

943 2686 1064 2718 mentis
1082 2693 1227 2716 amorem
1244 2683 1365 2723 Enipei
1384 2688 1420 2715 et
1433 2684 1504 2724 ejus
1520 2684 1631 2724 queri-

946 2735 1104 2773 moniam,
1118 2732 1206 2774 quod
1223 2741 1305 2774 erga
1319 2732 1427 2774 ipsum
1441 2732 1523 2764 dura
1538 2733 1592 2765 sis.
