1916 3190
263 247 350 290 462
746 261 790 298 Q.
821 259 1031 290 HoRA'rn
1064 261 1240 292 FnAcci

493 351 660 393 Litium
683 357 727 393 et
747 353 858 394 rixae
879 351 1068 407 cupidos
1088 358 1336 407 protervae:

492 418 595 460 Non
616 432 697 472 ego
718 419 803 462 hoc
823 419 994 469 serrem,
1016 419 1186 462 calidus
1195 420 1399 475 juventa,

828 485 1023 528 Consule
1044 486 1228 530 Planco.

254 590 355 621 crines
369 588 519 628 mitigant
537 589 673 621 animum
692 584 886 631 appetentem
901 589 1085 630 jar-giorum
1109 602 1146 624 ac
1165 593 1298 633 petulcoe
1319 593 1535 625 contentionis.
1579 594 1619 625 Id
1642 604 1713 626 tero

256 631 382 664 minime
395 632 574 664 tolerassent
585 631 752 670 juventute
766 631 925 673 fervidus,
940 634 997 665 sub
1010 634 1153 666 Munatii
1167 637 1335 669 consulatu.

866 716 1108 729 eeeeeeeeeee

253 770 496 811 cupidum—2⁶1
513 768 639 801 Venet.
653 770 748 801 1492.
770 769 914 802 Locher.
930 773 966 801 et
981 768 1125 801 Ascens.
1143 769 1219 800 Non
1233 779 1290 809 ego
1305 769 1370 801 haec
1382 769 1604 808 serrem.-—28
1630 772 1711 804 Con-

253 813 320 844 sule
337 812 424 843 Tullo
439 820 526 842 unus
540 811 730 850 Torrentii3
754 812 859 843 etiam
874 812 1028 843 Lambin.
1053 812 1102 843 ita
1125 812 1287 852 explicat,
1310 813 1406 853 quasi
1430 812 1570 852 legisset
1597 813 1685 845 Tullo
1698 826 1710 851 ‚-

254 853 344 886 haud
372 853 475 885 dubie
501 863 543 884 ex
570 863 699 892 errore,
727 863 805 885 nam
834 854 931 885 dedit
960 855 1087 886 Planco.
1129 855 1140 872 ⁴
1158 854 1306 886 Consule
1322 854 1481 886 Volcatio
1502 854 1613 896 Tullo,
1634 858 1710 888 aU.

253 905 387 929 nccxx.
431 895 596 928 Horatius
611 905 678 927 non
692 899 766 928 erat
778 896 899 928 calidus
909 895 1066 935 Juvenla!
1089 895 1181 928 Jani.

848 1027 979 1070 ODE
1010 1027 1125 1070 XV.

830 1137 884 1167 IN
919 1135 1162 1168 cHLORnw.

291 1212 544 1255 Pauperculam
560 1214 731 1256 quandam
748 1215 914 1246 moecham
929 1214 1042 1247 aliena
1049 1214 1126 1256 jam
1142 1218 1249 1246 aetate
1263 1213 1501 1247 lascivientem
1515 1211 1656 1245 satirica

483 1267 549 1298 hac
563 1266 643 1299 Ode
660 1277 680 1299 a
697 1277 733 1299 re
750 1267 946 1300 meretricia
960 1267 1002 1298 ad
1021 1267 1156 1309 qualum
1171 1270 1208 1299 et
1224 1267 1316 1298 lanas
1330 1267 1474 1308 relegat.

475 1341 630 1383 UXOR
651 1344 866 1397 pauperis
888 1343 1037 1398 Ibyci,

532 1408 734 1449 Tandem
753 1409 964 1462 nequitiae
983 1408 1068 1462 fige
1089 1409 1267 1451 modum
1287 1411 1394 1458 tuae,

475 1473 770 1529 Famosisque
790 1475 1019 1515 laboribus
1038 1487 1048 1515 :

534 1539 714 1582 Maturo
734 1540 912 1594 propior
934 1539 1084 1581 desine
1104 1539 1246 1582 funeri

241 1681 416 1722 propinqua
431 1682 527 1713 morli
540 1682 732 1723 tempestivae
746 1691 831 1713 cessa
846 1682 999 1713 colludere
1012 1692 1082 1714 cum
1095 1681 1342 1722 adolescentulis,
1355 1686 1449 1723 alque
1463 1682 1605 1723 pulchris
1621 1682 1701 1713 side·
1735 1678 1738 1679 ⁷

856 1764 1096 1778 O‘OOOOOOOOOO

287 1821 377 1852 Haec
393 1821 471 1853 Ode
484 1821 585 1854 deest
596 1822 750 1854 Editioni
764 1822 890 1854 Sanad.
920 1822 1118 1863 Epigraphe
1131 1821 1163 1853 in
1180 1821 1280 1854 codd.
1296 1824 1365 1861 est,
1378 1820 1419 1852 In
1435 1820 1578 1852 onorem
1588 1831 1602 1858 ,·
1616 1819 1701 1860 sive,

244 1863 283 1894 In
301 1864 480 1895 Chloridem
490 1875 503 1901 ,·
525 1865 610 1904 sive,
625 1865 666 1896 In
684 1865 863 1896 Chloridem
877 1865 1037 1905 moecham,
1052 1875 1078 1896 s.
1093 1866 1248 1902 velulam‚·
1271 1863 1352 1896 edd.
1367 1863 1538 1894 nonnullae
1554 1867 1699 1894 recemt.

242 1905 283 1936 In
301 1906 504 1938 Chlorin.—1
529 1907 622 1946 Ibici,
638 1907 769 1948 Hybici,
784 1907 906 1946 Hibici,
925 1907 1028 1943 mici,
1045 1907 1216 1938 variantes
1229 1915 1285 1947 ap.
1299 1906 1391 1939 Jani.
1413 1905 1477 1936 Est
1491 1904 1552 1936 Gr.
1562 1903 1700 1941 Ἴβυκος.

243 1949 306 1977 —2
331 1947 399 1978 Pro
413 1948 497 1989 fige,
519 1958 600 1989 pone
615 1950 775 1980 exhibent
793 1950 897 1990 'quid.
923 1949 1043 1980 Lamb.
1068 1949 1250 1980 Pulmanni
1275 1948 1406 1979 Beller.
1430 1956 1516 1978 unus
1538 1946 1698 1978 Torreat.

243 1988 352 2020 Mart.
369 1990 475 2030 Cruq.
492 1991 642 2023 Helmst.
658 1997 693 2022 et
714 1991 809 2023 Harl.
823 1995 855 2023 3.
867 1994 901 2023 4.
915 1995 948 2023 5.
972 1991 1165 2022 Ediderunt
1178 1991 1308 2023 Muret.
1320 1990 1438 2030 steph.
1454 1989 1496 2021 Τ.
1511 1988 1595 2020 Fab.
1613 1989 1698 2020 Dac-

242 2030 384 2061 Vaseos.
399 2031 487 2063 Sivr.
507 2033 575 2065 alii.
591 2033 677 2075 fige,
691 2043 811 2074 magno
827 2043 1008 2070 consensu,
1022 2032 1106 2066 Aer.
1123 2033 1251 2074 Porph.
1267 2033 1396 2065 Comm.
1413 2031 1570 2072 Cruquii,
1583 2040 1699 2062 omnes

242 2071 401 2103 Tou-rent.
426 2074 565 2115 Cruquii
587 2078 732 2115 (praeter
757 2074 891 2115 unum).
922 2080 958 2106 et
981 2076 1098 2107 Bentl.
1124 2075 1222 2107 Harl.
1245 2078 1276 2106 1.
1300 2077 1332 2106 2.
1348 2077 1382 2106 6.
1407 2073 1560 2114 plerique
1580 2072 1700 2104 Lamb.

242 2111 356 2143 Pulm.
383 2114 500 2146 Hunn.
523 2116 702 2148 Gemblac.
729 2120 760 2149 1.
783 2120 815 2148 2.
847 2123 883 2149 et
909 2117 1042 2149 Diesth.
1065 2118 1134 2149 duo
1158 2117 1291 2149 Fabric.
1317 2116 1462 2148 Mentel.
1484 2116 1586 2147 Dess.
1608 2113 1699 2146 Altt.

244 2154 392 2196 Franeq.
417 2156 530 2196 Lipss.
559 2160 588 2187 l.
611 2161 643 2189 2.
666 2161 697 2189 3.
726 2161 757 2190 4.
788 2159 840 2199 (ἰη
869 2159 976 2200 Lipss.
1002 2161 1035 2190 1.
1061 2162 1094 2191 2.
1124 2158 1419 2200 sapei-ascriptum
1437 2155 1532 2198 pone)
1553 2157 1697 2187 Venett.

242 2195 386 2227 Locher.
411 2197 492 2229 Asc.
518 2198 634 2228 Basill.
652 2199 772 2230 Heins.
789 2201 925 2231 Fabrie.
948 2201 1052 2240 Rutg.
1073 2202 1187 2233 Bentl.
1209 2202 1311 2232 Baxt.
1333 2200 1419 2231 Cnn.
1433 2200 1514 2232 Jou.
1531 2199 1624 2238 Jani,
1642 2198 1698 2229 Bi-

243 2242 339 2277 pont.
350 2238 491 2271 Mitscli.
509 2239 649 2271 Wetzel.
665 2240 802 2271 Wakef.
817 2242 937 2272 Comb.
953 2242 1059 2273 Kidd.
1084 2247 1120 2274 et
1140 2244 1184 2274 al.
1211 2243 1324 2273 Facile
1337 2247 1496 2282 apparet,
1510 2241 1593 2271 illud
1607 2250 1697 2280 pone,

242 2279 414 2321 vulgarius
439 2281 588 2322 verbum,
619 2290 695 2313 esse
719 2291 763 2313 ex
786 2282 1170 2322 interpretamenta—3
1194 2284 1394 2324 Famosisque
1418 2283 1568 2315 caloribus
1601 2281 1692 2322 conj:

902 2370 1042 2404 NOTAE

283 2433 436 2465 Melrnm
454 2433 545 2464 idem
558 2432 647 2475 qnod
664 2442 690 2466 1.
707 2432 777 2465 Od.
793 2436 826 2465 3.
1037 2435 1058 2463 2
1082 2431 1259 2473 Nequitioe]
1288 2431 1448 2462 Luxuriae
1474 2434 1510 2461 et
1531 2430 1692 2462 lasciviae.

285 2486 302 2514 1
332 2483 435 2523 Uxor]
453 2483 538 2515 Cum
552 2483 763 2515 meretricem
777 2483 942 2524 appellet,
995 2482 1087 2514 Vide
1100 2483 1183 2514 Not.
1199 2491 1303 2522 supra
1318 2481 1384 2513 Od.
1400 2490 1449 2512 xv.
1466 2480 1499 2511 in
1514 2480 1594 2512 fine.

242 2533 396 2564 abutitur
410 2533 474 2564 hoc
491 2533 638 2571 nomine,
654 2533 821 2574 siquidem
836 2532 940 2573 digni·
1037 2535 1057 2564 8
1089 2532 1291 2572 Famaque
1322 2530 1493 2570 laboribus]
1537 2531 1693 2563 Quaestui

242 2583 324 2614 tatis
353 2588 408 2615 est
434 2592 502 2614 non
535 2588 648 2614 autem
681 2583 879 2624 voluptatis,
904 2587 942 2614 ut
994 2582 1212 2614 meretricio:
1250 2591 1313 2613 nec
1348 2581 1446 2621 plura
1484 2580 1692 2613 comminisci

242 2632 356 2664 aiebat
371 2632 576 2665 Commodus
594 2633 798 2674 Imperator.
831 2633 941 2664 Porro
994 2631 1098 2663 decet
1111 2640 1172 2663 nos
1194 2640 1272 2662 cum
1298 2630 1479 2671 nonnullis,
1503 2630 1598 2670 gravi
1619 2630 1692 2670 qni-

241 2683 397 2714 solebant
422 2683 566 2714 exoletae
591 2683 792 2715 meretrices
813 2691 940 2723 paupe-
994 2681 1071 2712 dem
1088 2680 1225 2722 pudoris
1240 2680 1370 2723 injuria.
1393 2680 1465 2712 Cic.
1481 2680 1524 2712 de
1538 2680 1621 2720 Rep.
1632 2680 1690 2712 lib.

241 2731 335 2763 ribus
360 2732 530 2764 -nuberez
574 2734 622 2765 ita
659 2733 790 2765 Chloris
827 2733 940 2764 vetula
992 2739 1046 2762 ιν.
1087 2730 1177 2772 apud
1209 2730 1298 2762 Non.
1330 2730 1489 2762 Marcell.
1535 2729 1594 2761 ‘Si
1624 2739 1690 2771 qua

243 2780 362 2822 Ibyco.
993 2784 1066 2812 erat
1080 2779 1223 2822 famosa,
1239 2781 1271 2812 ei
1286 2780 1422 2821 cognati
1445 2778 1596 2811 osculum
1622 2786 1687 2810 non
