1916 3190
278 264 363 306 128

754 277 800 314 Q.
828 275 1038 306 HORATH
1074 275 1247 307 FLAcct

450 369 585 412 Rixae
602 383 614 423 3
644 371 739 412 sive
759 382 867 424 puer
888 370 1038 411 furens

505 437 738 492 Impressit
757 450 992 478 memorem
1013 436 1147 479 dente
1166 437 1303 480 labris
1323 443 1485 482 notam.

452 504 573 554 Non,
596 506 632 546 si
655 518 722 545 me
743 505 853 546 satis
874 503 1046 554 audias,

508 571 667 626 Speres
690 576 966 626 perpetuum,
985 570 1136 612 dulcia
1155 571 1342 614 barbare

452 638 712 680 Laedentem
733 639 902 688 oscula,
925 650 1026 692 quae
1047 637 1204 679 Venus

1675 640 1731 681 15

509 703 683 755 Quinta
702 710 828 759 parte
849 706 921 747 sui
941 706 1130 746 nectaris
1146 706 1317 749 imbuit.

451 771 626 813 Felices
647 776 713 813 ter
732 775 777 813 et
799 771 1004 826 amplius,

507 837 635 888 Quos
655 838 820 892 irrupta
841 841 956 879 tenet
976 838 1153 892 copula,
1175 851 1255 881 nec
1276 839 1405 880 malis

452 905 675 947 Divulsus
695 905 981 959 querimoniis

509 972 726 1025 Suprema
746 972 883 1013 citius
904 972 1048 1014 solvet
1068 984 1192 1013 amor
1213 972 1299 1013 die.

1675 936 1732 1012 ἑο

278 1095 456 1127 cicatricem
465 1093 586 1125 labellis
599 1093 664 1124 tuis
677 1094 768 1125 dente
776 1094 898 1125 inussit.
947 1094 978 1125 0
992 1094 1021 1126 si
1031 1094 1108 1126 mihi
1115 1099 1165 1127 nat
1175 1096 1342 1133 auscultes,
1353 1105 1391 1128 ne
1403 1099 1532 1137 expecta
1545 1098 1733 1128 constantem

279 1148 349 1169 eum
359 1137 428 1172 fore
442 1137 496 1178 qui
519 1135 699 1167 immaniter
713 1137 856 1168 vulnerat
881 1136 969 1168 basia
982 1137 1180 1176 mviasima,
1194 1139 1304 1179 quibus
1324 1139 1454 1170 indubie
1474 1137 1576 1171 Venus
1591 1139 1734 1179 quintum

278 1190 347 1211 euoe
361 1178 531 1211 dulcedinis
550 1179 695 1217 gradum,
745 1179 775 1209 Ο
801 1182 849 1210 ter
864 1182 896 1210 et
918 1180 989 1219 plus
1016 1179 1110 1217 beati,
1125 1190 1200 1220 quos
1224 1181 1322 1212 nectit
1343 1180 1466 1213 stabilis
1479 1180 1666 1222 conjunctio,
1678 1189 1734 1212 nec

283 1231 371 1254 amor
391 1221 540 1262 improbis
552 1221 686 1260 querelis
695 1221 817 1252 divisus
830 1222 989 1262 separabit
997 1225 1070 1254 ante
1083 1223 1166 1254 diem
1180 1223 1333 1255 ultimam.

883 1300 923 1313 Ν
926 1300 1125 1314 OOOOOOOOOO

281 1356 312 1385 4.
342 1354 409 1385 duo
438 1352 557 1385 Lamb.
587 1353 688 1384 Fran.
716 1354 808 1394 Lips.
839 1353 919 1394 duo,
948 1360 984 1388 et
1005 1355 1079 1388 Ait.
1110 1360 1140 1388 1.
1168 1357 1372 1389 audica—14
1394 1357 1539 1389 Lot-her.
1564 1356 1736 1396 Speras.—

284 1399 325 1428 16
349 1396 471 1432 Quarta
483 1398 574 1436 parte
585 1395 728 1428 Mentel.
754 1397 880 1431 Quanta
894 1398 1011 1438 parte!
1033 1399 1123 1439 conj.
1150 1399 1302 1430 Ramnes
1325 1399 1368 1430 de
1393 1398 1516 1439 Prado,
1542 1399 1734 1430 Pentecon-

283 1439 392 1469 tarch.
408 1447 484 1477 cap.
500 1440 552 1468 51.
567 1438 655 1479 quod
672 1444 877 1479 receperunt
892 1440 1026 1471 Talbot.
1040 1445 1076 1472 et
1092 1441 1279 1474 Pine.—19
1300 1441 1450 1473 Divulaeos
1469 1441 1546 1472 duae
1562 1440 1641 1472 edd.
1656 1440 1735 1472 Mu·

281 1481 350 1512 reti
364 1485 400 1512 et
414 1479 557 1511 totidem
574 1480 684 1521 Bruti,
699 1486 736 1512 ut
751 1481 843 1522 conj.
862 1482 975 1514 Bentl.
997 1483 1202 1524 Divolsusque
1214 1483 1423 1524 prementibus
1440 1483 1534 1516 Harl.
1552 1486 1583 1515 1.

939 1576 1080 1609 NOTAE

326 1649 364 1678 ll
390 1646 465 1678 Sive
477 1656 555 1688 puer
560 1646 687 1685 furens,
702 1646 773 1688 fisca]
791 1645 870 1678 Sive
881 1646 982 1678 Tele-

280 1696 367 1738 phus
381 1694 561 1728 effraenata
575 1700 610 1727 et
627 1695 808 1737 impotenti
818 1695 982 1736 abreptus

282 1746 435 1782 libidine,
452 1755 492 1777 ae
515 1755 620 1786 prope
637 1745 784 1777 furiosus
800 1745 983 1778 momordit

282 1796 374 1828 labia
389 1800 460 1836 tua,
484 1795 527 1827 ad
551 1795 808 1837 relinquendam
832 1796 982 1838 qualem-

283 1856 427 1888 cumque
458 1848 509 1878 sui
545 1846 752 1886 memoriam,
784 1845 827 1877 in·
851 1846 983 1878 crudeli

281 1897 386 1927 etiam
402 1897 575 1928 cicatrice.
593 1897 665 1928 Cic.
688 1897 722 1928 in
737 1897 881 1928 Verrem
898 1897 978 1929 Act.

282 1954 348 1977 vu.
363 1954 395 1975 n.
406 1948 460 1976 32.
483 1946 492 1962 ⁸
507 1946 732 1976 Metuendum
745 1967 753 1976 .
768 1969 776 1978 .
790 1968 798 1977 .
813 1969 823 1978 .
835 1956 878 1977 ne
892 1947 983 1978 exci-

284 1998 377 2024 tetur
388 1993 524 2032 Verres,
536 2003 579 2024 ne
592 1994 786 2024 denudetur
798 2005 816 2024 a
830 2000 982 2035 pectore,

283 2052 326 2074 ne
351 2042 506 2083 Populus
530 2043 702 2073 Romanus
727 2043 871 2082 aspiciat
894 2044 983 2074 cica-

282 2092 389 2123 trices
418 2101 460 2123 ex
487 2091 664 2122 mulierum
690 2100 817 2131 morsu,
838 2092 983 2132 vestigia

282 2141 433 2174 libidinis
451 2146 552 2182 atque
569 2140 756 2182 nequitiae-³

310 2194 368 2223 -13
392 2191 465 2223 Non
485 2190 599 2231 speres
620 2190 816 2231 perpetuum]
842 2190 878 2222 Si
903 2191 982 2222 mihi

284 2240 408 2281 credis,
423 2240 545 2282 Lydia,
559 2250 603 2272 ne
614 2245 818 2281 perpetuum
830 2241 879 2272 tui
894 2250 983 2272 ama-

285 2296 393 2323 torem
411 2299 509 2331 spera
524 2291 618 2321 illum
633 2288 720 2330 fore,
734 2290 791 2331 qui
807 2290 857 2321 sic
873 2290 983 2322 abuti-

284 2346 344 2373 tur
366 2349 479 2374 amore
495 2344 568 2379 tuo,
585 2343 622 2370 ut
644 2339 828 2371 osculando
845 2340 984 2372 vulnera

284 2389 417 2432 infligat
431 2395 535 2422 oestro
560 2389 654 2420 velut
675 2390 838 2430 percitus.
883 2390 984 2431 Nam,

285 2445 326 2472 ut
351 2441 458 2482 aiunt,
484 2440 606 2471 ‘omne
633 2439 818 2471 violentum
840 2449 906 2471 non
931 2445 986 2472 est

286 2489 468 2521 durabile)

330 2543 371 2571 16
396 2539 516 2576 Quinta
526 2542 620 2580 parte
632 2539 683 2571 sui
701 2539 852 2581 nectaria]
876 2539 985 2571 Missa

287 2590 432 2630 plurium
448 2590 735 2631 interpretatione
751 2589 784 2620 in
809 2588 934 2630 putidis
949 2593 986 2620 et

286 2638 453 2669 obscoenis
480 2640 554 2680 plus
582 2648 679 2680 aequo
708 2639 892 2680 sagacium,
922 2647 985 2679 ego

287 2697 361 2719 cum
376 2689 488 2727 paucis
504 2689 626 2725 sentio,
639 2689 786 2720 etoscula
800 2698 868 2729 quoe
883 2688 985 2721 Venae

287 2737 395 2779 quinta
415 2741 504 2778 parte
518 2739 567 2768 sui
582 2738 716 2770 nectaris
727 2738 837 2770 imbuit
859 2738 983 2770 intelli-

287 2796 333 2828 go
357 2786 456 2818 valde
482 2786 682 2828 fragrantia,
704 2788 851 2821 nectaris
876 2788 984 2820 instar

1037 1642 1165 1674 suavia.
1211 1643 1263 1675 Eo
1278 1642 1351 1674 fere
1367 1641 1468 1674 modo
1492 1640 1583 1682 apud
1607 1640 1735 1673 Athen.

1037 1700 1078 1724 ιι.
1090 1696 1123 1724 2.
1139 1693 1203 1725 snb
1219 1693 1333 1733 finem,
1347 1692 1486 1734 Ibycus,
1508 1696 1544 1723 ut
1565 1689 1736 1731 significet

1037 1743 1102 1774 mel
1117 1751 1191 1774 esse
1206 1743 1450 1780 dulcissimum,
1461 1742 1521 1782 ait,
1534 1741 1601 1772 mel
1611 1749 1735 1772 nonam

1036 1802 1111 1824 esse
1127 1797 1258 1834 partem
1274 1792 1448 1824 ambrosiae
1462 1802 1473 1831 ;
1507 1791 1540 1822 id
1555 1795 1621 1827 est,
1634 1790 1736 1822 habe-

1038 1852 1075 1875 re
1091 1853 1210 1874 nonam
1226 1848 1359 1885 partem
1381 1842 1559 1875 suavitatis
1585 1850 1660 1883 qna:
1685 1846 1738 1872 est

1037 1893 1069 1924 iu
1083 1892 1263 1924 ambrosia.

1081 1946 1119 1975 17
1145 1944 1264 1975 Felices
1276 1947 1338 1984 ter,
1352 1943 1421 1985 ase]
1436 1941 1492 1975 Sic
1503 1941 1648 1983 deniqne
1662 1945 1736 1973 ten—

1037 1997 1088 2024 tat
1106 1993 1270 2025 Horatius
1292 2001 1491 2033 expungnare
1511 1990 1630 2033 Lydiae
1646 1999 1737 2021 amo-

1037 2050 1121 2079 rem,
1139 2042 1257 2071 dicens
1276 2042 1377 2081 longe
1392 2041 1579 2072 feliciorem
1597 2048 1669 2070 eam
1685 2039 1737 2070 fo-

1035 2098 1086 2129 re,
1102 2090 1129 2120 si
1146 2099 1183 2120 se
1199 2090 1379 2121 Horatium
1395 2094 1594 2120 constanter
1609 2093 1738 2120 amatu-

1036 2147 1109 2169 rum
1134 2137 1300 2179 praeferat
1319 2138 1481 2180 Telepho,
1505 2148 1594 2169 nunc
1616 2139 1737 2169 arden-

1038 2192 1092 2218 ter
1104 2188 1254 2230 quidem,
1269 2187 1328 2219 sed
1345 2187 1387 2219 ad
1405 2195 1540 2228 tempus
1556 2187 1737 2226 duntaxat,

1036 2237 1174 2269 amanti.

1082 2291 1121 2319 18
1145 2288 1245 2319 Malis
1259 2288 1409 2319 Diviacus
1421 2286 1636 2329 querimoniis]
1669 2285 1737 2318 Bo-

1037 2346 1090 2368 nae
1107 2343 1186 2368 sunt
1202 2338 1234 2368 in
1250 2347 1363 2369 amore
1379 2337 1598 2380 querimoniae
1615 2337 1659 2368 ob
1679 2335 1739 2368 ab·

1038 2387 1193 2426 sentiam,
1208 2387 1251 2418 ob
1276 2387 1506 2427 desiderium;
1538 2387 1636 2418 malae
1658 2395 1738 2418 vero
1756 2396 1759 2399 ’

1039 2436 1084 2467 ob
1099 2436 1374 2474 inconstantiam,
1390 2437 1623 2476 mutationem,
1639 2445 1680 2468 ac
1698 2435 1737 2467 fi-

1038 2485 1114 2516 dem
1130 2485 1287 2519 fractam.

1079 2540 1122 2569 20
1145 2537 1294 2578 Suprema
1311 2538 1405 2570 citius
1423 2537 1534 2576 solvet,
1551 2534 1622 2576 ξω]
1655 2534 1735 2567 Non

1038 2591 1118 2619 ante
1133 2587 1282 2619 desinam
1300 2594 1334 2620 te
1349 2596 1474 2630 amare,
1494 2586 1614 2628 Lydia,
1631 2585 1659 2616 si
1682 2594 1736 2616 me

1037 2647 1140 2678 ames,
1168 2647 1267 2678 quam
1299 2637 1433 2669 desiero
1470 2636 1599 2675 vivere,
1628 2635 1738 2678 inquit

1038 2686 1222 2719 Horatius:
1255 2687 1369 2727 immo,
1390 2690 1428 2718 ut
1449 2686 1498 2717 ait
1512 2685 1587 2727 ipse
1603 2685 1637 2716 in
1660 2694 1735 2725 per-

1036 2745 1118 2768 sona
1133 2735 1267 2777 Lydiae,
1291 2744 1348 2767 ιιι.
1374 2734 1442 2767 Od.
1465 2737 1497 2766 9.
1522 2734 1672 2767 ‘Tecum
1689 2734 1734 2765 vi-

1037 2794 1115 2818 vere
1131 2795 1252 2827 amem,
1268 2789 1381 2817 tecum
1398 2785 1519 2817 obeam
1533 2783 1668 2817 libens!
