1916 3190
516 233 780 267 nxcunsus
813 236 881 268 an
914 237 1190 272 cAanun
1227 243 1319 274 mn.
1353 247 1382 275 ι,
1582 238 1670 280 239

871 332 1013 365 NOTAE

215 399 301 432 Mihi
315 400 445 441 pariter
460 401 605 436 sufficiet
620 410 750 446 myrtus
763 407 911 449 simplex
964 414 1001 442 et
1015 414 1110 442 arcta
1125 411 1206 451 vite,
1217 410 1251 442 id
1267 417 1331 450 est,
1342 412 1405 443 sub
1419 415 1613 454 palmitibus
1628 422 1664 448 et

214 450 404 482 considenti
413 451 547 493 quidem
560 458 596 484 et
603 454 755 486 hilariter
767 456 912 498 bibenti,
965 461 1132 502 pampinis
1143 463 1287 502 pergula
1299 463 1439 495 intextis
1451 470 1486 496 et
1499 465 1643 498 suffultis
1656 479 1665 500 :

213 508 281 532 non
297 504 335 532 nt
350 500 468 534 Penae
480 503 542 534 sub
556 504 706 536 lacunari
720 507 913 547 splendido,
963 521 1035 543 sous
1049 511 1080 542 le
1095 512 1208 544 mitte.

214 549 275 582 sed
298 550 361 583 sub
384 551 463 584 vitis
482 553 694 596 umbraculo,
709 556 774 588 snb
795 556 913 590 humili

648 891 1211 993 EXCURSUS

463 1067 575 1114 AD
627 1067 1081 1124 CARMINUM
1135 1078 1291 1127 LIB·
1350 1081 1396 1129 1.

730 1204 813 1246 [Ex
836 1206 965 1240 eurr.
987 1207 1130 1251 κιαι]

672 1396 1092 1443 EXCURSUS
1145 1403 1185 1444 Ι.

713 1506 783 1539 ΑΙ)
807 1507 838 1541 1.
859 1507 943 1542 01).
966 1512 999 1543 1.
1021 1513 1140 1543 8—28.

200 1575 481 1627 confluunt
510 1600 575 1635 est,
600 1598 718 1630 statim
733 1599 776 1631 ad
803 1601 949 1641 primum
966 1602 1128 1642 Carmen,
1155 1613 1232 1645 qun
1256 1605 1437 1636 attendere
1462 1605 1590 1638 debeat
1614 1607 1649 1638 in

198 1645 460 1686 elegantissimis
474 1648 566 1680 illius
582 1650 817 1691 imagunculis,
833 1653 985 1693 pluribus
1007 1654 1132 1686 docere
1147 1655 1413 1697 adolescentem,
1429 1667 1497 1699 quo
1511 1663 1559 1697 et,
1572 1668 1651 1699 quae

199 1696 244 1729 de
266 1699 409 1739 picturis
433 1701 549 1741 lyricis
573 1702 732 1742 diximus,
747 1705 881 1745 planius
905 1705 1112 1747 intelligere,
1134 1711 1170 1739 et
1185 1708 1321 1739 omnino
1339 1718 1463 1740 acuere
1485 1719 1582 1741 suum
1605 1711 1651 1741 de

200 1750 455 1789 pulchritudine
474 1754 643 1794 judicium
665 1756 776 1788 discat
788 1768 798 1788 :
826 1759 916 1799 quod
939 1759 977 1790 ei
1002 1759 1046 1790 ad
1073 1764 1266 1791 ceterorum
1289 1761 1426 1792 Horatii
1451 1763 1648 1794 Carminium

198 1802 344 1835 virtutes
355 1810 452 1836 recte
464 1807 659 1839 sentiendas
671 1808 872 1850 adjumento
886 1811 918 1842 ei
933 1810 1007 1843 fore
1022 1811 1184 1844 arbitror.

240 1854 391 1889 Primum
405 1858 566 1891 advertat
587 1861 748 1902 animum,
761 1868 889 1903 quanto
910 1874 987 1895 cum
1010 1864 1143 1896 dilectu
1157 1866 1191 1896 in
1206 1866 1359 1907 quamvis
1374 1867 1556 1907 picturam,
1570 1878 1649 1909 spe·
1680 1881 1685 1885 ’

197 1907 278 1939 ciali
291 1907 366 1940 fere
387 1911 526 1943 notione
548 1913 708 1953 quadam,
724 1919 883 1956 tanquam
906 1916 1010 1956 linea,
1024 1914 1274 1955 adumbratam.
1287 1928 1345 1950 eos
1369 1924 1502 1952 tautum
1517 1921 1649 1953 colores

198 1960 307 1992 Poeta
328 1962 497 2003 intulerit}
510 1974 596 2006 qnos
615 1967 761 1998 maxime
783 1968 896 1999 nitere
917 1969 1168 2009 intellexissem
1187 1975 1228 2002 ut
1246 1972 1282 2003 in
1297 1973 1498 2003 suavissima
1512 1973 1649 2005 eadem-

197 2022 265 2052 que
278 2013 465 2048 fortissima
477 2016 659 2057 brevitate,
672 2028 752 2060 qun
767 2020 980 2060 picturarum
994 2020 1177 2062 lyricarum
1200 2004 1312 2064 prfuit·
1328 2023 1435 2055 virtus
1449 2030 1516 2062 est,
1530 2035 1645 2058 coram

195 2066 325 2099 intueri
342 2069 458 2100 omnia
480 2068 667 2102 videamur.
709 2071 857 2108 Deinde,
884 2082 985 2113 quam
1011 2074 1190 2115 exquisitis
1219 2081 1340 2107 utatur
1365 2077 1491 2117 verbis,
1518 2079 1647 2120 reique,

194 2127 295 2160 quam
308 2125 391 2152 ante
404 2122 521 2153 oculos
535 2122 652 2162 habet,
669 2125 947 2163 accommodatis,
958 2136 1129 2168 nunquam
1144 2128 1197 2159 vel
1212 2129 1446 2162 humilioribus
1459 2132 1512 2162 vel
1527 2132 1646 2163 elatio-

193 2170 310 2211 rib-⁸3
331 2173 502 2215 quomodo
515 2185 578 2215 pro
601 2177 651 2208 rei
667 2176 832 2217 subjecte
848 2183 971 2210 natura
984 2188 1076 2211 nunc
1089 2180 1283 2222 magnifice,
1298 2191 1348 2213 vs.
1358 2185 1392 2213 6.
1410 2185 1441 2214 8.
1457 2193 1548 2216 nune
1561 2186 1644 2215 mol-

191 2222 283 2264 liter,
296 2235 345 2258 vs.
369 2228 420 2258 19.
441 2229 496 2258 26.
516 2237 607 2260 nunc
630 2229 813 2270 horrende,
827 2240 877 2262 vs.
900 2235 952 2263 15.
967 2234 1020 2264 24.
1044 2242 1135 2265 nunc
1156 2233 1307 2273 heroice,
1330 2244 1380 2266 vs.
1397 2238 1453 2266 23.
1469 2237 1641 2277 loquatur.

189 2275 274 2308 'run
289 2286 412 2319 magna
426 2279 596 2311 Carminis
609 2281 717 2314 virtus
731 2284 888 2315 cernitur
901 2284 935 2315 in
952 2285 1118 2317 varietate
1131 2290 1169 2318 et
1183 2287 1305 2328 copia:
1330 2288 1410 2318 dum
1426 2289 1523 2326 illud,
1539 2290 1641 2320 unice

190 2337 318 2371 auare,
330 2330 564 2364 beatissimum
579 2343 616 2365 se
629 2334 785 2375 credere,
794 2335 886 2378 quod
901 2337 1004 2369 toties
1019 2343 1095 2369 emt
1106 2340 1380 2379 exprimendum,
1393 2349 1482 2371 nova
1495 2349 1642 2379 semper,

190 2381 297 2414 cuivis
321 2385 437 2416 studio
462 2387 600 2427 propria
618 2389 750 2420 ratione
766 2389 879 2421 Poeta
897 2391 1035 2431 extulit,
1048 2397 1154 2432 atque
1174 2393 1309 2423 omnino
1332 2392 1380 2422 ita
1396 2392 1543 2423 variavit
1559 2401 1640 2423 con-

193 2435 362 2468 versiones
376 2442 650 2481 structuramque
665 2441 845 2474 verborum
866 2444 902 2475 in
925 2446 1043 2486 quavis
1062 2447 1213 2485 pictura,
1228 2449 1267 2475 ut
1288 2450 1325 2475 et
1348 2444 1422 2475 sine
1441 2443 1589 2484 fastidio,
1601 2451 1639 2477 et

190 2487 335 2521 mina
348 2498 426 2521 cum
442 2491 619 2532 voluptate
632 2494 865 2536 novitatisque
884 2496 1121 2535 admiratione,
1138 2505 1252 2527 earum
1268 2496 1389 2527 seriem
1405 2496 1487 2526 satis
1502 2495 1637 2536 longam

190 2544 421 2574 contueamur.
466 2544 623 2587 Denique
638 2555 775 2587 semper
797 2549 946 2588 cujusvis
961 2549 1064 2580 studii
1080 2549 1134 2580 vet
1149 2550 1351 2588 vanitatem,
1367 2549 1420 2580 vet
1436 2549 1636 2586 molestia-n,

191 2600 258 2622 uno
279 2593 430 2626 alterove
446 2596 550 2629 verbo
571 2599 720 2630 molliter
743 2601 857 2641 tetigit
879 2601 973 2642 quasi
995 2601 1174 2632 subridens
1197 2601 1321 2640 Poeta,
1336 2607 1375 2633 ut
1389 2611 1438 2634 vs.
1458 2605 1492 2634 7.
1513 2604 1566 2633 18.
1579 2605 1635 2634 2⁰.

189 2645 243 2675 24.
257 2646 311 2675 26.
326 2648 379 2678 27.
392 2657 471 2688 non,
484 2659 552 2690 quo
567 2656 806 2685 contemneret
828 2663 870 2685 ea
891 2655 1016 2693 omnia,
1031 2654 1155 2695 quibus
1177 2655 1233 2686 alii
1259 2654 1349 2686 beati
1372 2659 1498 2695 essent,
1512 2654 1573 2687 sed
1595 2662 1633 2686 nt

190 2701 240 2735 et,
255 2702 382 2738 quanta
397 2700 445 2730 vis
460 2707 552 2734 esset
565 2704 729 2746 cujusque
744 2705 848 2736 studii
864 2706 897 2737 in
913 2707 1135 2747 homines,et,
1148 2712 1277 2748 quanto
1292 2708 1446 2750 superior
1467 2712 1557 2741 esset
1570 2717 1631 2740 sua

189 2758 232 2781 ex
248 2749 384 2790 iugenio
399 2751 535 2792 poe'tico
551 2756 707 2798 voluptas
722 2762 758 2789 et
773 2759 893 2799 gloria,
907 2759 1071 2792 eluceret.
