1916 3190
253 225 309 267 78

713 227 771 277 'Q.
805 239 1018 269 HoRA‘ru
1052 240 1228 271 rLAccr

425 331 567 383 Quem
587 333 740 373 mortis
759 333 904 374 timuit
922 333 1118 387 gradum,

482 398 574 451 Qui
594 399 731 441 siccis
751 399 895 441 oculis
913 403 1108 442 monstra
1126 403 1341 454 natantia,

252 519 296 550 tis
303 527 404 557 genus
411 517 600 557 formidavit
615 517 669 559 qui
683 516 752 549 sine
767 516 914 558 lacrymis
927 518 1052 558 aspexit
1064 518 1164 558 pisces
1174 523 1362 553 monstrosos
1374 524 1539 563 nanterum
1551 531 1637 553 mare
1650 520 1704 552 in·

855 602 1096 617 ”ONOOOOM

250 656 415 688 structio:
439 656 516 690 Quo
539 666 604 688 non
628 656 758 688 arbiter
780 656 891 698 major
905 658 1025 689 tollere
1040 657 1145 697 freta,
1162 659 1216 691 vel
1231 662 1373 701 ponere,
1396 659 1425 692 si
1449 660 1545 699 vult3
1568 668 1612 691 ne
1628 659 1703 701 qnia

250 699 436 731 adhibitam
464 699 560 730 nobis
586 698 840 731 distinctionem
867 700 1076 733 demiretur)

1129 701 1325 743 Scaligerus
1350 702 1493 742 legerit:
1522 712 1636 743 ponere
1649 712 1704 735 seu

249 741 366 772 tollere.
412 741 518 773 Kidd.
534 751 609 773 cum
626 742 741 773 Bentl.
757 743 834 773 volt.
878 742 998 775 Codex
1015 744 1110 776 Carr.
1126 754 1182 785 ap.
1199 745 1615 787 Cruquiumfretam.—18
1640 744 1706 780 Qui

248 785 341 815 rectis
352 784 449 815 oculis
463 793 506 816 ex
521 785 723 825 conjectura
737 784 849 817 edidit
865 785 981 818 Bentl.
1007 796 1154 829 eumque
1172 789 1284 820 secuti
1308 791 1388 820 sunt
1411 787 1645 827 Furstenberg
1668 792 1705 818 et

904 870 1047 903 No'rAE

249 932 390 964 Adriaex
432 931 539 974 Atqui
550 932 777 974 hypercritice
786 933 854 966 Jul.
867 933 949 965 Sca·

244 983 344 1023 liger,
359 986 368 1000 ‘
379 981 570 1022 Austrum,'
587 982 713 1024 inquit,
727 985 736 1000 ‘
749 987 879 1024 praeter
893 993 948 1015 ce·

244 1037 336 1064 teros
361 1035 482 1063 ventos
503 1041 668 1063 summum
691 1032 816 1064 habere
840 1032 950 1073 impe-

245 1082 333 1113 rinm
350 1081 383 1113 in
399 1090 490 1113 mare
505 1080 718 1113 Adriaticum
739 1081 858 1113 scribit
877 1081 947 1113 Ho-

246 1133 374 1163 ratius:
399 1131 490 1173 quod
520 1141 596 1163 esse
625 1130 747 1163 falsum
776 1131 949 1173 intelliget

245 1182 396 1224 quisquis
420 1182 507 1213 sciet
533 1181 750 1214 Adriaticum
771 1187 868 1214 recta
890 1192 949 1214 ex·

245 1241 384 1264 currere
405 1232 441 1264 in
461 1232 680 1272 Vulturnum,
700 1233 799 1274 cujus
816 1234 948 1273 impetu

244 1282 348 1314 etiam
364 1282 492 1314 crescit
506 1281 603 1313 Ionio
614 1282 814 1314 subinvecto
829 1282 949 1314 Adria-

245 1332 362 1363 ticum.
409 1332 530 1363 Boreae
543 1341 678 1373 quoque
690 1332 880 1374 subJectum
895 1338 950 1365 est

246 1381 305 1423 qui
320 1391 363 1413 ex
388 1382 459 1414 alto
481 1381 590 1422 spirat
602 1405 610 1414 .
622 1405 631 1414 .
646 1405 654 1413 .
666 1405 674 1414 .
690 1382 820 1414 Auster
835 1388 949 1414 autem

246 1441 290 1463 ex
321 1431 506 1464 devexiore
532 1438 631 1473 parte
653 1432 738 1465 flans
768 1433 951 1475 Apennino

244 1479 434 1523 frangitur:
460 1482 676 1524 quamobrem
708 1492 774 1515 non
804 1483 952 1524 subruit,

245 1531 308 1563 sed
339 1531 452 1569 radit‚’
481 1534 547 1564 &c.
592 1531 641 1564 At
673 1533 879 1566 Parthenius
908 1536 961 1566 exv

245 1581 354 1614 Petro
368 1582 512 1614 Medina
526 1583 694 1624 Hispano,
710 1583 769 1625 qui
789 1585 838 1616 rei
855 1585 949 1617 Nau-

245 1632 325 1664 ticae
347 1636 384 1664 et
409 1637 588 1665 ventorum
612 1634 778 1666 rationem
799 1635 950 1667 luculen-

244 1689 299 1716 ter
313 1684 546 1726 investigavit,
560 1685 700 1726 egregie
712 1684 857 1718 Poe’tam
873 1695 950 1718 nos-

245 1737 339 1766 trum
353 1737 471 1766 tuetur
485 1738 522 1766 et
539 1734 713 1767 vindicat:
738 1739 748 1754 ‘
761 1735 949 1775 Austrum‚'

245 1783 369 1826 inquit,
380 1783 564 1816 ‘arbitrum
578 1783 695 1816 Adrioe
708 1788 802 1818 recte
814 1786 864 1818 ait
878 1787 950 1818 Ho-

245 1836 379 1868 ratius!
421 1836 512 1868 Nam
525 1837 589 1868 etsi
599 1846 667 1868 non
679 1838 815 1870 omnino
827 1839 860 1871 in
879 1839 952 1871 No·

245 1890 318 1917 tum
349 1891 513 1917 excurrat
542 1886 760 1920 Adriaticum
780 1897 887 1929 mare,
911 1894 951 1921 ut

246 1935 370 1967 scribit
399 1936 568 1975 Scaliger,
596 1935 812 1969 nihilominus
835 1940 883 1970 ita
913 1950 950 1971 se

244 1984 363 2024 habet,
377 1989 416 2014 ut
431 1993 499 2014 non
515 1984 624 2015 minus
647 1985 690 2015 ab
706 1985 833 2018 Austro
849 1998 948 2028 quam

246 2045 267 2066 a
291 2034 461 2066 Vulturno
485 2034 592 2074 possit
612 2035 790 2067 concitari.
835 2037 950 2068 Enim-

244 2093 328 2116 vero
345 2083 550 2125 principales
575 2085 722 2126 quinque
745 2086 840 2117 venti
863 2086 948 2118 duas

245 2138 385 2176 quartas
399 2134 528 2166 habent
541 2144 551 2174 ;
565 2133 633 2176 (ita
649 2135 835 2176 loquuntur
852 2137 947 2168 Nau-

245 2189 292 2217 tae
308 2189 344 2224 et
360 2189 538 2216 ventorum
554 2184 656 2226 periti
669 2184 697 2226 3)
711 2194 794 2227 ergo
810 2186 947 2219 Vultur-

245 2235 280 2266 ni
295 2238 424 2277 quartae
440 2234 518 2266 duae
536 2239 630 2275 sunt,
645 2244 712 2266 una
727 2235 770 2266 ad
785 2236 947 2269 Subsola-

244 2294 338 2326 num,
371 2286 482 2317 altera
516 2285 560 2316 ad
590 2284 755 2317 Austrum
791 2287 946 2328 respicit.

246 2335 357 2368 Porro
371 2336 566 2377 hujusmodi
581 2336 674 2368 venti
690 2337 895 2379 principales
911 2343 947 2370 et

245 2386 374 2427 integri
402 2389 481 2418 octo
507 2385 724 2426 referuntur;
752 2386 843 2418 intra
864 2398 946 2430 quos

246 2436 303 2468 alii
333 2440 413 2468 sunt
435 2446 517 2478 quos
541 2436 670 2468 medios
695 2442 831 2474 vocant,
855 2438 947 2470 ‘non

245 2485 402 2527 profecto
415 2485 504 2527 qnod
522 2485 641 2517 minori
658 2486 779 2527 spiritu
794 2496 835 2518 ac
847 2487 947 2519 velie-

245 2536 374 2566 mentia
389 2534 547 2567 ferantur
568 2545 667 2576 quarn
693 2535 755 2575 illi,
781 2535 841 2568 sed
857 2537 948 2578 qnod

246 2584 284 2616 in
292 2593 408 2615 eorum
422 2584 535 2616 medio
549 2585 809 2618 describantur.'
826 2586 948 2629 Itaque

246 2638 317 2666 tam
347 2634 564 2666 vehementes
587 2645 663 2667 esse
688 2641 828 2678 quartas
848 2646 948 2679 qnam

248 2683 468 2726 principales,
507 2686 723 2727 perspicuum
759 2686 815 2719 sit.
861 2687 947 2720 Haec

246 2734 306 2766 illi.

289 2783 417 2824 Adria]
430 2783 537 2817 Adria
547 2794 606 2817 seu
618 2785 830 2819 Adriaticum
841 2796 948 2828 mare,

1002 933 1104 965 hodie
1131 934 1231 966 Sinus
1254 935 1422 975 Venetus,
1441 935 1533 966 inter
1553 932 1705 973 Italiam,

1001 983 1180 1020 Graeciam,
1203 984 1459 1026 Illyricumque,
1479 984 1581 1025 longe
1595 982 1706 1024 porri-

1001 1034 1092 1074 gitur
1107 1033 1151 1064 ad
1163 1034 1464 1075 septemtrionem.
1555 1073 1562 1079 ὁ

1046 1085 1086 1114 17
1110 1083 1210 1118 Quem
1222 1084 1330 1114 mortis
1341 1083 1448 1114 tinuit
1455 1081 1608 1123 gradum]
1622 1080 1706 1115 Qui·

1001 1132 1078 1164 dam
1094 1137 1166 1164 tres
1190 1132 1315 1174 gradus
1336 1133 1454 1165 mortis
1481 1130 1644 1172 afferunt,
1655 1130 1707 1164 fa-

1003 1188 1088 1223 tum,
1115 1183 1320 1224 genituram,
1343 1192 1487 1217 casum:
1511 1181 1569 1214 alii
1584 1181 1705 1214 mortis

1002 1242 1160 1264 accessus
1173 1233 1393 1274 intelligunt:
1410 1237 1506 1264 certe
1520 1241 1640 1274 parum
1660 1229 1704 1262 ad

1002 1292 1086 1314 rem.
1134 1283 1264 1315 Nostra
1287 1282 1445 1316 videatur
1464 1281 1706 1324 interpretatio

1002 1334 1116 1365 verior
1130 1343 1197 1375 quo
1213 1333 1410 1374 simplicior.
1452 1334 1557 1365 Varia
1567 1331 1705 1365 naufra-

1003 1393 1120 1423 gorum
1134 1383 1252 1415 mortis
1262 1393 1400 1424 genera,
1417 1384 1445 1415 si
1459 1383 1566 1420 lubet,
1581 1383 1701 1424 accipe

1003 1432 1165 1464 fluctibus
1186 1434 1381 1475 summagi,
1397 1444 1418 1465 a
1434 1433 1584 1475 piscibus
1599 1433 1704 1465 devo-

1003 1484 1084 1523 rari,
1101 1483 1143 1515 ad
1163 1493 1265 1525 rupes
1289 1485 1396 1525 allidi,
1421 1486 1473 1517 vel
1496 1486 1531 1517 in
1546 1485 1705 1526 scopulos

1004 1532 1192 1565 insulamve
1209 1533 1379 1566 desertam
1394 1535 1486 1576 ejici,
1502 1534 1620 1576 ibique
1635 1543 1705 1567 om·

1004 1584 1039 1615 ni
1063 1593 1130 1625 ope
1165 1585 1367 1617 destitutum
1399 1586 1645 1618 contabescere
1669 1589 1707 1617 et

1004 1634 1101 1666 mori.
1146 1634 1325 1667 Praeterea
1338 1636 1508 1677 contingit
1520 1635 1705 1678 aliquando

1003 1685 1204 1726 navigantes
1219 1690 1428 1728 tempestate
1445 1687 1625 1726 ingruente
1639 1687 1706 1719 dis—

1003 1735 1086 1775 pelli
1102 1735 1145 1767 ad
1161 1735 1322 1769 barbaras
1332 1746 1422 1778 oras,
1433 1736 1493 1769 ubi
1505 1737 1559 1769 vel
1576 1736 1620 1768 ab
1635 1735 1706 1769 An-

1004 1785 1249 1828 thropophagis
1273 1787 1494 1828 dilaniantur,
1517 1787 1573 1820 vel
1596 1787 1705 1822 Idolis

1004 1840 1218 1868 mactantur:
1243 1847 1310 1879 quo
1333 1837 1470 1879 quidem
1493 1836 1557 1869 fati
1579 1844 1706 1879 genere

1004 1890 1137 1919 tantum
1152 1897 1220 1919 non
1241 1888 1390 1920 absumti
1414 1893 1495 1921 sunt
1509 1888 1655 1921 Orestes
1670 1892 1708 1920 et

1004 1936 1153 1976 Pylades
1187 1938 1279 1978 apud
1315 1938 1492 1970 Tauricam
1519 1938 1706 1980 regionem.

1003 1986 1092 2016 Vide
1118 1988 1275 2027 Euripid.
1306 1989 1464 2029 Iphigea.
1495 1988 1530 2020 in
1558 1989 1679 2021 Tauris
1694 1999 1704 2020 ε

1001 2035 1083 2066 item
1107 2041 1242 2067 nostras
1267 2037 1352 2069 Not.
1377 2047 1436 2069 11¹.
1453 2037 1523 2070 od.
1540 2041 1573 2070 4.
1590 2041 1645 2070 38.
1659 2037 1704 2070 ad

1002 2092 1060 2114 eas
1077 2093 1199 2116 voces:
1223 2087 1233 2104 ‘
1247 2085 1432 2118 Britannos
1446 2086 1639 2128 hospitibus
1653 2087 1704 2121 fe-

1001 2133 1080 2165 ros!
1122 2133 1224 2165 Adde
1240 2139 1276 2166 et
1290 2135 1482 2175 aliud,navi
1497 2137 1603 2169 etiam
1617 2137 1705 2170 inte·

1002 2193 1075 2225 gra,
1099 2185 1286 2225 periculum
1311 2186 1476 2218 moriendi
1497 2188 1551 2220 vel
1572 2188 1629 2220 siti
1648 2189 1705 2220 vel

1000 2233 1091 2266 fame
1106 2233 1304 2267 reflantibus
1315 2240 1352 2268 et
1363 2237 1546 2269 contrariis
1558 2237 1616 2270 diu
1626 2247 1707 2270 ven·

1000 2285 1057 2325 tis,
1071 2285 1227 2317 nimirum
1247 2285 1280 2316 in
1301 2286 1520 2328 navigatione
1535 2288 1704 2328 longiori3

1001 2335 1072 2367 sive
1088 2344 1165 2367 cum
1182 2345 1272 2377 aqua
1286 2336 1397 2368 dulcis
1406 2337 1482 2379 jam
1500 2347 1579 2370 rara
1593 2338 1637 2370 ad
1653 2338 1706 2370 di·

1001 2394 1153 2416 mensum
1170 2385 1386 2418 distribuitur
1409 2387 1617 2427 siticulosis;
1632 2388 1703 2420 sive

1001 2444 1078 2467 cum
1107 2434 1346 2468 deficientibus
1372 2438 1526 2471 omuibus
1554 2437 1706 2474 cibariis,

1001 2484 1234 2526 navigantium
1245 2496 1331 2518 nunus
1348 2488 1401 2519 vel
1412 2488 1555 2519 aliorum
1570 2488 1704 2529 conspi-

1002 2534 1134 2566 ratione
1158 2537 1213 2566 vel
1236 2541 1328 2569 sorte
1344 2539 1528 2570 assumitur
1544 2538 1704 2579 jugulan-

1002 2584 1074 2626 dus,
1088 2590 1232 2627 urgente
1242 2587 1377 2619 scilicet
1389 2592 1544 2620 extrema
1554 2589 1703 2620 necessi-

1001 2640 1084 2676 tate,
1099 2636 1260 2669 alimento
1280 2637 1404 2669 ceteris
1427 2637 1575 2681 futurus.
1599 2638 1702 2672 Quod

1002 2695 1065 2717 nec
1080 2686 1223 2727 cogitari
1235 2690 1350 2728 potest
1367 2686 1494 2730 absque
1507 2687 1660 2720 horrore.

1044 2740 1085 2769 18
1107 2738 1254 2769 Monstra
1275 2738 1435 2780 natantia]
1460 2738 1546 2771 Cete
1558 2739 1702 2780 grandia

1001 2791 1038 2820 et
1052 2787 1220 2821 immania.
1262 2788 1423 2822 Juvenal.
1436 2788 1508 2823 Sat.
1529 2797 1609 2822 nv.
1623 2791 1699 2821 288.
