1916 3190
241 237 326 279 282

719 251 765 288 Q.
798 250 1012 281 HORATH
1046 250 1220 283 FLAOGI

416 345 620 386 Deductc
641 345 778 386 Bruto
799 345 969 387 militiae
990 346 1118 395 duce,

472 411 590 463 Quis
611 418 653 454 te
671 413 902 454 redonavit
922 411 1140 463 Quiritem

528 479 615 520 Dis
635 480 807 534 patriis,
830 479 1036 534 Italoque
1058 480 1195 530 coelo,

415 547 623 601 Pompei,
644 560 846 589 meorum
865 549 1005 603 prime
1025 548 1282 590 sodalium?
1671 550 1699 590 5

240 665 343 708 docte,
355 666 457 698 Bruto
473 667 543 699 belli
554 667 709 709 principe,
725 666 829 707 ecquis
844 667 1021 698 Romanum
1044 670 1075 698 te
1098 667 1239 699 reddidit
1264 665 1442 697 numinibus
1464 666 1592 708 putria,
1607 669 1700 707 atque

849 752 986 764 eeeeee

988 751 1088 764 00000

247 813 366 846 Varum
379 816 600 857 appellarunt
614 826 692 848 eum
708 815 853 857 librarii,
865 827 942 850 cum
959 818 1087 849 nullum
1105 821 1204 849 extet
1215 817 1426 858 exemplum,
1440 825 1460 847 e
1475 819 1579 857 gente
1596 814 1698 846 Pom-

241 856 321 897 peia
338 859 498 899 cuiquam
514 859 548 890 id
566 868 754 899 cognomen
771 858 887 891 fuisse.
933 861 1057 892 Potius
1071 860 1175 892 docte
1198 865 1237 891 et
1259 860 1436 900 eleganter
1450 859 1572 890 asserit
1594 858 1700 889 Sana-

241 898 366 939 donus,
383 910 458 932 esse
474 901 735 942 intelligendum
754 902 934 942 Pompeium
952 903 1143 943 Grosphum,
1159 902 1202 933 ad
1217 911 1317 943 quem
1331 906 1385 933 est
1399 901 1500 942 hujus
1517 900 1610 932 Libri
1628 898 1697 931 Od.

239 949 315 973 xvr.
331 942 375 974 de
399 953 466 984 quo
490 952 515 974 1.
538 943 651 983 Epist.
667 945 721 974 12.
738 943 805 975 23!
826 945 983 976 Juvat—3
1009 945 1090 980 Quis
1116 948 1148 975 te
1171 954 1198 976 r.
1227 944 1392 980 Quiritum
1415 943 1552 975 emend.
1578 941 1699 973 Heius.

241 988 277 1015 et
292 984 445 1016 Sina—5
470 986 607 1027 Pompili
623 986 778 1027 plerique
793 986 895 1018 codd.
909 986 1101 1026 Tot-rentii,
1122 986 1268 1018 Mentel.
1289 986 1438 1027 Franeq.
1452 986 1553 1017 Dess.
1574 987 1608 1016 2.
1632 987 1701 1016 tres

241 1026 352 1067 Lipss.
380 1028 479 1059 Harl.
507 1030 538 1059 1.
561 1030 594 1058 2.
617 1028 763 1059 Venett.
780 1030 878 1060 1477.
897 1031 993 1061 1478.
1010 1030 1107 1060 1479.
1122 1030 1217 1060 1492.
1240 1029 1321 1059 Vet.
1350 1027 1468 1060 Comb.
1492 1026 1638 1059 Ascens.
1663 1031 1701 1057 et

241 1069 387 1101 Locher·
413 1071 496 1102 item
524 1069 681 1112 quaedam
711 1071 871 1111 exempla
898 1070 1179 1103 Scholiastarum.
1225 1069 1337 1112 Pompi
1363 1079 1449 1102 uuus
1474 1067 1700 1101 Torrentii.——

904 1165 1048 1199 NOTAE

281 1227 435 1259 Metrum
452 1227 541 1259 idem
555 1227 644 1270 quod
661 1238 763 1270 supra
778 1238 801 1260 1.
817 1229 887 1262 od.
903 1231 935 1262 9.

284 1276 433 1310 Athenis
453 1279 654 1311 versabatur
670 1279 847 1316 Horatius,
864 1279 947 1311 Phi—

240 1329 409 1369 losephiae.
421 1328 504 1360 dans
526 1339 666 1371 operam
691 1330 754 1362 sub
770 1329 946 1363 Academo

241 1383 471 1419 praeceptore,
482 1389 557 1411 cum
571 1380 614 1411 ad
631 1380 784 1412 militiam
797 1386 852 1412 est
866 1390 946 1421 per·

242 1433 375 1460 tractus
395 1438 416 1460 a
436 1429 546 1461 Bruto
570 1433 639 1461 tum
656 1429 819 1461 Achaiam
841 1435 945 1472 atque

240 1477 399 1510 Athenas
423 1483 576 1519 tenente,
593 1484 631 1510 ut
654 1480 702 1511 ait
720 1485 817 1511 vetus
834 1480 945 1511 Inter-

241 1537 332 1569 pres.
381 1528 469 1560 Haec
499 1529 573 1569 ipse
603 1529 645 1560 de
672 1539 708 1560 se
736 1534 886 1561 testatur
903 1539 945 1562 ιι.

241 1579 352 1620 Epist.
370 1581 402 1610 2.
417 1581 473 1611 43.
490 1584 525 1611 et
540 1589 613 1621 seq.
657 1580 808 1614 Subinde
821 1585 858 1612 et
871 1581 946 1612 Tri-

240 1627 352 1659 bunus
361 1628 489 1669 legioni
503 1629 665 1660 Romanae
678 1628 819 1670 praefuit
832 1640 841 1661 ε
855 1629 946 1671 quod

240 1677 396 1710 declarat
427 1687 455 1710 1.
487 1678 559 1711 Sat.
581 1681 613 1710 6.
638 1681 692 1710 48.
718 1678 944 1722 interfuitque

241 1728 377 1761 demum
395 1729 425 1760 ei
442 1739 576 1771 pugnae,
589 1729 791 1770 Philippicis
804 1729 840 1761 in
855 1739 945 1761 cam-

241 1779 309 1820 pis,
336 1788 403 1820 qua
428 1779 558 1810 Brutus
585 1778 630 1810 ab
651 1777 811 1820 Augusto
835 1788 945 1812 caesus

242 1828 380 1860 tandem
395 1838 434 1860 ac
446 1827 542 1860 fusus
557 1833 622 1861 est.
665 1828 709 1860 In
724 1838 768 1861 ea
783 1838 865 1862 vero
883 1830 946 1862 mi-

240 1878 318 1910 litia
337 1879 488 1911 sodalem
511 1879 631 1911 habuit
651 1879 854 1921 Pompeium
876 1880 944 1912 Va-

243 1938 331 1970 rum,
345 1930 416 1970 qui,
442 1936 521 1970 post
543 1930 675 1962 cladem
702 1932 943 1973 philippicam,

244 1989 326 2019 non,
358 1985 396 2011 ut
426 1980 606 2018 Horatius,
637 1982 739 2012 armis
767 1982 944 2023 valedixit,

242 2029 303 2060 sed
318 2029 491 2060 Brutianis
508 2030 670 2071 reliquiis,
684 2040 840 2072 novoque
853 2031 953 2063 bello-

243 2088 280 2110 se
296 2078 474 2119 implicuit.
495 2079 628 2112 Quibus
643 2080 816 2117 extinctis,
833 2082 947 2113 salvus

244 2132 359 2160 tamen
382 2128 485 2160 rediit
504 2129 637 2160 Varus:
661 2135 873 2171 quapropter
898 2132 948 2163 in-

243 2180 478 2212 columitatem
504 2179 536 2219 ei
559 2180 751 2219 gratulatur
774 2180 947 2218 Horatius,

244 2239 286 2262 ae
311 2229 448 2262 Soter-ia
467 2229 561 2260 canit
581 2229 644 2261 hac
666 2229 757 2271 Ode,
777 2234 880 2272 atque
903 2231 947 2262 ad

246 2279 438 2312 convivium
454 2279 591 2311 invitat.

289 2333 308 2362 1
331 2329 422 2371 Soepe
450 2339 567 2362 vnecum
594 2332 715 2370 tempus
740 2329 776 2361 in
803 2331 947 2363 ultimum

244 2381 406 2422 Deducta]
429 2380 502 2413 ‚Qui
531 2378 633 2411 toties
656 2379 741 2411 vitae‘
759 2380 948 2422 periculum

245 2432 362 2463 adiisti
392 2440 526 2463 mecum
553 2430 586 2462 in
610 2439 652 2462 eo
671 2429 767 2462 fatali
786 2430 891 2471 bello,
912 2432 946 2464 iu

247 2491 316 2523 quo
331 2481 469 2514 Cassius
491 2485 527 2512 et
549 2481 678 2512 Brutus
698 2480 784 2514 Julii
799 2480 946 2513 Caesaris

245 2530 486 2564 interfectores
502 2530 666 2562 adversus
682 2529 873 2570 Augustum
896 2536 946 2563 at-

246 2591 313 2623 que
331 2581 514 2613 Antonium
541 2590 603 2621 pro
626 2580 788 2612 libertate
813 2580 948 2622 publica

247 2632 473 2669 dimicat-uun
497 2630 598 2662 sicuti
626 2637 729 2662 antea
755 2631 818 2663 Cn.
845 2631 948 2664 Pom-

247 2679 344 2721 peius
361 2685 480 2711 contra
494 2679 564 2712 Jul.
581 2680 763 2712 Caesarem.

291 2732 311 2761 3
337 2730 417 2766 Quis
439 2734 469 2762 te
491 2731 653 2762 redonavit
671 2730 844 2772 Quiritem]
864 2731 948 2765 Quis

248 2783 283 2812 te
305 2780 427 2822 patriae
454 2780 621 2822 restituit,
643 2781 696 2813 vel
713 2781 806 2814 Deus
832 2781 948 2824 propi-

1000 1229 1082 1270 tius,
1096 1229 1150 1262 vel
1166 1233 1331 1272 patronus
1344 1229 1436 1271 apud
1452 1229 1617 1261 victorem
1631 1226 1702 1260 Au-

999 1283 1136 1321 gustum
1150 1285 1272 1321 potens
1285 1284 1322 1312 et
1337 1279 1531 1321 gratiosus?

1040 1333 1062 1362 4
1084 1330 1162 1362 Diis
1174 1330 1304 1372 patriis]
1330 1330 1391 1362 Dii
1415 1330 1520 1372 patrii
1537 1331 1703 1362 vocantur

999 1380 1057 1421 qui
1080 1380 1221 1421 siugulis
1246 1385 1401 1421 praesunt
1426 1379 1580 1419 urbibus,
1607 1383 1704 1410 sunt-

997 1439 1064 1471 que
1085 1429 1220 1461 illarum
1247 1433 1539 1470 propugnatores,
1563 1433 1667 1469 atque
1682 1437 1702 1460 a

999 1478 1132 1510 civibus
1167 1478 1293 1510 honore
1327 1478 1504 1519 praecipuo
1540 1478 1702 1510 coluntur

999 1529 1123 1561 eximie
1141 1540 1149 1559 :
1182 1533 1222 1560 ut
1250 1528 1346 1560 Mars
1375 1528 1492 1560 Romae
1510 1538 1520 1567 ;
1555 1527 1701 1559 Athenis

997 1579 1124 1621 Apollo
1149 1583 1186 1611 et
1213 1578 1395 1617 Minerva3
1416 1577 1542 1620 Apollo
1556 1577 1700 1618 Delphis

1000 1635 1037 1661 et
1054 1628 1177 1660 Rhodo
1190 1638 1200 1667 ;
1224 1628 1368 1660 Boeotiis
1379 1627 1551 1661 Hercules
1563 1633 1600 1662 et
1615 1629 1702 1660 Bac-

1003 1678 1106 1717 chus3
1132 1678 1224 1710 Juuo
1240 1677 1452 1719 Carthagini,
1469 1678 1589 1720 Samo,
1602 1678 1706 1720 Spar-

1001 1733 1060 1765 tae,
1085 1728 1258 1769 Mycenis,
1286 1727 1410 1768 Argis;
1432 1727 1543 1759 Diana
1558 1727 1703 1763 Creten·

998 1778 1089 1812 sibus
1098 1790 1109 1819 ς
1123 1779 1241 1811 Venus
1253 1778 1384 1819 Cypro,
1392 1777 1599 1819 Papho‚&c.
1609 1770 1702 1809 Vide

998 1828 1100 1862 Alex.
1113 1828 1157 1861 ab
1170 1828 1271 1860 Alex.
1286 1837 1339 1860 νι.
1350 1831 1382 1860 4.
1412 1828 1574 1860 Fortasse
1590 1827 1703 1860 Hora-

998 1878 1066 1911 tius
1084 1879 1139 1911 hic
1166 1874 1333 1911 Penates'
1346 1879 1443 1911 Deos
1466 1878 1645 1920 iutelligit,
1661 1882 1702 1911 ut

999 1930 1191 1971 gratuletur
1216 1930 1311 1961 Varo
1330 1928 1421 1971 quod
1439 1928 1550 1961 redux
1572 1929 1700 1961 iterum
1750 1946 1766 1954 x

999 1980 1116 2012 videat
1126 1990 1221 2012 suam
1234 1979 1370 2012 domum
1385 1989 1426 2012 ac
1436 1978 1601 2012 Penates.
1612 1980 1623 1998 ⁴
1633 1979 1702 2012 Ex-

999 2035 1052 2062 tat
1081 2031 1203 2064 Quinti
1236 2030 1338 2062 Ennii
1367 2039 1520 2070 carmen,
1548 2030 1702 2063 Deorum

1001 2081 1179 2113 continens
1215 2081 1399 2112 Penatium
1431 2081 1582 2120 nomina,
1618 2090 1703 2123 quos

1001 2130 1132 2171 patrios
1156 2128 1228 2165 alii,
1253 2129 1363 2160 Varro
1390 2129 1575 2161 Terentius
1597 2130 1702 2161 etiam

1001 2180 1150 2211 urbanos
1189 2182 1389 2219 nuncupat:
1425 2178 1553 2219 ‘Juno‚
1582 2179 1702 2215 Vesta,

1001 2229 1173 2267 Minerva,
1201 2228 1389 2270 Ceresque,
1419 2227 1544 2270 Diana,
1573 2228 1703 2268 Venus,

1000 2278 1109 2318 Mars,
1134 2277 1342 2317 Mercurius,
1367 2277 1482 2319 Jovis,
1507 2277 1704 2319 Neptunus,

1000 2327 1189 2364 Vulcanus,
1217 2326 1391 2368 Apollo.’'
1439 2327 1524 2359 Coel.
1556 2327 1700 2369 Rhodig.

1002 2387 1092 2410 xxv.
1107 2380 1160 2409 30.

1046 2429 1188 2470 Italoque
1209 2427 1298 2468 coelo]
1322 2427 1452 2459 Coelum
1477 2437 1540 2468 pro
1564 2427 1644 2460 aete
1665 2431 1703 2460 et

999 2479 1139 2512 climate
1155 2478 1248 2520 poni,
1262 2481 1397 2510 constat
1420 2478 1474 2508 vel
1491 2486 1534 2508 ex
1548 2477 1613 2509 hoc
1630 2477 1703 2509 Ho-

1001 2530 1093 2569 ratii,
1120 2538 1145 2560 1.
1171 2529 1283 2569 Epist.
1312 2530 1364 2559 11.
1386 2530 1439 2560 26.
1458 2528 1470 2545 ‘
1485 2527 1617 2566 Coelum
1633 2537 1702 2560 non

1001 2579 1150 2611 animum
1165 2581 1300 2609 mutant
1318 2577 1376 2618 qui
1401 2581 1494 2610 trans
1516 2587 1610 2609 mare
1625 2587 1700 2610 cur·

1001 2627 1105 2661 runt!

1043 2683 1062 2710 5
1088 2679 1230 2710 Meorum
1244 2678 1343 2720 prime
1358 2677 1525 2718 sodalium]
1550 2676 1611 2709 Vel
1623 2678 1702 2711 ami-

1001 2730 1162 2764 cissime:
1185 2732 1283 2770 patet
1307 2737 1350 2760 ex
1379 2727 1446 2760 fine
1467 2728 1569 2770 hujus
1585 2728 1699 2761 odes:

1002 2782 1071 2823 vel,
1088 2790 1165 2814 cum
1182 2789 1247 2823 quo
1263 2779 1405 2812 militavi
1420 2778 1585 2821 primum:
1601 2779 1650 2812 sic
1663 2783 1700 2810 et
