1916 3190
606 254 874 288 mmmmm
907 224 1008 286 ‘mm
1038 252 1112 284 111.
1142 243 1211 285 14.
1552 241 1638 285 459

422 351 513 392 Hic
533 349 630 391 dies
650 361 751 390 vere
767 347 874 389 mihi
891 346 1030 388 festus
1050 350 1170 388 atras

420 417 598 458 Eximet
615 427 772 457 curas:
802 426 883 467 ego
901 425 983 455 nec
1003 412 1253 462 tumultum,

192 531 343 565 abstinete
359 532 480 564 vocibus
493 531 707 572 inauspicatis.
753 530 821 561 Ista
835 530 893 561 lux
906 528 984 560 milti
996 538 1068 560 sane
1084 527 1206 567 festiva
1227 527 1358 569 depellet
1372 528 1514 559 mlestus
1532 528 1635 559 solici-

797 623 836 636 OO
840 621 1034 636 OOOOOOOOOO

192 693 329 732 experta
343 691 431 731 conj.
447 690 563 722 Bentl.
577 689 636 720 sed
654 697 720 719 non
736 696 837 720 ansus
852 690 907 719 est
921 686 954 717 in
971 688 1100 717 textum
1117 682 1264 723 inferre;
1278 682 1378 724 forte,
1390 693 1465 715 cum
1477 684 1634 724 sentiret,

191 742 290 774 quam
305 732 424 764 durum
440 737 477 763 et
491 732 664 763 indoctum
679 733 781 761 esset.
823 730 900 760 Jm
913 726 1016 759 viram
1041 725 1224 769 (virorum)
1240 729 1381 766 expertes
1395 726 1528 758 emend.
1566 727 1633 757 Cu-

190 774 286 815 ning.
305 777 341 805 et
364 774 415 805 sic
437 773 557 807 Jones.
570 782 646 814 que
661 772 742 813 quin
758 771 857 803 unice
873 779 954 802 vera
969 769 1074 801 lectio
1090 769 1148 808 sit,
1163 769 1287 807 nullus,
1302 767 1360 799 diu
1377 767 1567 800 deliberata
1583 777 1635 807 re,

189 824 279 848 nunc
293 812 423 847 dubito.
467 816 556 848 Nam
583 819 619 846 et
643 814 686 845 ad
711 822 844 845 sensnm
860 812 1133 852 sententiamque
1149 810 1374 852 pulcherrima
1388 814 1454 847 est‚
1475 815 1513 841 et
1529 809 1633 842 facile

188 857 302 899 potuit
317 857 395 889 iude
411 857 583 898 vulgatam
599 855 762 897 effingere
779 855 992 887 librariorum
1007 854 1159 892 inscitia3
1182 852 1273 895 qnod
1298 851 1478 884 admodum
1500 857 1634 884 mature

186 899 233 932 sit
247 893 373 931 fsct'nm
390 904 539 940 oportet,
555 908 632 930 cum
652 899 726 939 jam
742 897 858 930 Acron
883 902 1055 937 exponat:
1077 895 1137 926 ‘id
1159 899 1224 935 est,
1246 893 1387 935 nuptu?
1429 895 1631 935 Quanquam

215 941 295 973 uid?
310 941 338 972 si
354 942 430 982 quis
446 941 651 981 suspicetur,
666 941 752 971 hauc
768 941 875 980 ipsam
888 938 1032 970 Acronis
1047 942 1162 969 notam
1177 942 1371 978 corruptam
1387 945 1474 977 esse,
1489 946 1633 978 eumque

207 988 281 1015 orte
295 983 493 1023 scripsisse:
516 983 527 1000 ‘
544 981 722 1022 innuptae,’
739 981 827 1012 unde
844 985 920 1020 post
935 989 977 1011 ex
1001 980 1012 997 ‘
1028 978 1164 1019 inupte'
1190 979 1282 1010 facili
1307 979 1405 1019 lapsu
1427 979 1552 1010 exoriri
1573 989 1634 1020 po·

191 1025 281 1057 tuit:
303 1026 315 1043 ⁴
331 1025 354 1056 i.
369 1023 498 1065 nupte.’
539 1024 601 1056 Vos
620 1034 638 1054 ο
658 1025 757 1063 pueri,
775 1023 898 1063 puelle,
922 1026 954 1053 et
977 1022 1052 1053 Jam
1074 1032 1104 1052 υ.
1129 1024 1269 1061 expertes
1288 1020 1422 1052 emend.
1445 1020 1572 1053 Sanad.
1594 1026 1633 1053 ut

185 1066 279 1108 prm-i
293 1069 328 1098 et
345 1067 455 1107 puelle
470 1066 539 1097 sint
562 1065 729 1106 patribus,
743 1064 813 1103 jam
827 1074 856 1096 υ.
872 1067 1014 1104 ets-penes
1035 1062 1164 1094 maritis
1181 1061 1334 1094 orbatae!
1357 1062 1447 1094 Jm'.
1490 1063 1574 1094 Mox
1596 1063 1631 1095 in

189 1109 253 1140 boc
269 1109 388 1140 eodem
405 1116 505 1139 versu
520 1107 599 1139 male
611 1107 779 1138 nominatis
793 1111 938 1148 quatuor
955 1106 1050 1137 Vatt.
1066 1104 1189 1136 Fanrn.
1202 1104 1309 1137 Torn.
1323 1104 1403 1135 Urs.
1416 1105 1518 1138 Jann.
1536 1106 1632 1137 Lam-

188 1149 274 1186 bini,
288 1150 370 1182 libb.
386 1150 522 1181 Marcii.
538 1150 717 1181 Pulmanni
732 1149 848 1179 Hunn.
862 1153 900 1180 et
914 1148 1041 1179 Beller.
1053 1146 1255 1178 Anhaltiuus
1268 1147 1370 1178 Fabr.
1384 1154 1515 1188 septem
1527 1148 1632 1189 Cruq.

188 1192 257 1223 duo
271 1192 404 1224 Bersm.
421 1191 557 1223 dimidia
585 1201 662 1232 pars
684 1191 784 1223 codd.
810 1190 926 1222 Bentl.
954 1189 1044 1221 Altt.
1062 1191 1093 1220 l.
1108 1191 1140 1221 2.
1163 1188 1255 1229 Lips.
1274 1191 1304 1220 1.
1330 1188 1422 1230 Lips.
1437 1191 1470 1220 4.
1485 1199 1503 1220 a
1518 1199 1564 1220 m.
1579 1200 1632 1230 pr.

189 1234 336 1276 Franeq.
353 1235 452 1266 Dess.
465 1237 499 1266 2.
515 1234 596 1264 item
609 1233 748 1264 Venett.
765 1235 859 1264 1478.
874 1234 970 1264 1492.
993 1231 1136 1263 Locher.
1153 1231 1259 1262 Laud.
1275 1230 1393 1262 Lamb.
1411 1231 1510 1262 Fabr.
1528 1233 1631 1272 liutg.

187 1275 310 1308 Heius.
326 1276 445 1315 Steph-
466 1275 576 1307 Diatr.
593 1284 634 1306 ιι.
650 1285 683 1316 p.
705 1277 759 1306 59.
782 1279 819 1306 et
831 1273 984 1306 Schmid.
1006 1274 1017 1292 ⁴
1029 1274 1215 1314 Exponuut
1239 1273 1340 1305 verba
1357 1273 1436 1304 nale
1459 1274 1630 1314 norisium,

186 1317 356 1358 διανόημα,
371 1317 429 1350 οὒκ
442 1316 610 1357 ὀνομαστὰ,
635 1326 711 1358 quae
736 1316 850 1358 eloqui
876 1315 984 1355 nefas,
1006 1325 1083 1357 quae
1106 1315 1275 1347 nominata
1294 1315 1418 1346 malum
1432 1324 1530 1346 omen
1546 1315 1632 1348 infe-

185 1362 275 1392 rant.
318 1360 451 1392 Multus
475 1364 528 1392 est
547 1354 666 1391 Lamb.
681 1358 725 1391 de
742 1357 901 1390 infaustis
917 1357 1127 1396 nominibus;
1148 1356 1209 1388 sed
1225 1366 1267 1388 ea
1285 1356 1329 1388 ad
1355 1358 1438 1388 alios
1454 1358 1569 1398 potins
1585 1358 1630 1389 ri-

186 1404 255 1442 tus,
268 1411 367 1443 qnam
382 1401 425 1433 ad
442 1402 548 1443 ipsam
575 1411 645 1433 rem
666 1410 808 1440 sacram,
833 1399 1008 1440 pertinere
1028 1403 1185 1440 apparet.
1226 1397 1307 1430 Vid.
1322 1398 1395 1430 Cic.
1411 1397 1455 1429 de
1470 1398 1587 1430 Divin.
1605 1409 1631 1432 1.

182 1445 237 1475 ⁴6.
251 1447 287 1475 et
302 1445 357 1475 ⁴6.
371 1444 451 1475 nale
463 1443 609 1474 eminetis
625 1442 706 1474 Aer.
722 1441 892 1482 Porphyr.
915 1441 1183 1480 Commeatum,
1205 1439 1383 1482 antiquiss.
1405 1439 1530 1472 Bland.
1546 1440 1628 1472 Div.

185 1485 247 1517 Sil.
265 1485 369 1527 Cruq.
394 1486 509 1526 plnres
534 1490 572 1516 et
597 1484 755 1516 meliores
770 1484 931 1515 Torrent.
946 1482 1055 1515 ceteri
1072 1482 1190 1514 anb.
1205 1483 1303 1514 multi
1318 1482 1432 1514 Bentl.
1447 1482 1630 1514 Pulmanni

185 1526 365 1560 Gemblae.
382 1529 415 1559 1.
429 1530 461 1559 2.
477 1532 514 1559 et
531 1527 668 1558 Diesth.
684 1526 753 1558 dno
769 1526 868 1557 Fabr.
882 1526 1030 1557 Mentel.
1052 1525 1147 1565 Lips.
1161 1527 1195 1556 2.
1219 1525 1310 1565 Lips.
1325 1527 1358 1555 3.
1374 1533 1394 1555 a
1409 1534 1453 1555 m.
1468 1534 1520 1564 pr.
1545 1534 1630 1556 unus

184 1569 315 1602 Rerum.
338 1569 458 1602 Basili.
482 1570 581 1602 Brut.
609 1569 761 1601 Mancin.
788 1568 951 1600 Glarean.
966 1566 1047 1598 Ald.
1074 1566 1154 1598 Asc.
1181 1567 1264 1597 Fab.
1281 1566 1511 1598 Burm.'ralb.
1527 1567 1633 1599 Baxt.

183 1610 289 1644 Genn-
331 1611 504 1652 Apparet,
522 1620 634 1651 parem
660 1618 770 1650 prope
793 1619 868 1641 esse
893 1609 1055 1640 librorum
1072 1608 1327 1643 anctoritatem,
1353 1607 1417 1638 nisi
1439 1608 1527 1648 quod
1551 1609 1630 1640 male

182 1653 330 1685 munic
343 1653 539 1686 Sclioliastis
554 1658 590 1683 et
606 1651 839 1692 antiquissimo
859 1650 1044 1682 Blandinio
1063 1648 1271 1682 defenditur.
1315 1649 1382 1680 Sed
1402 1649 1444 1680 ab
1459 1650 1629 1689 elegantia

183 1699 220 1727 et
235 1694 402 1735 doctrina,
415 1700 516 1735 atque
533 1694 575 1725 ad
587 1694 804 1731 sententiam,
821 1693 908 1724 haud
925 1691 1028 1723 dubie
1045 1696 1184 1732 praestat
1196 1691 1353 1731 ominati-e,
1369 1700 1445 1722 cum
1460 1691 1630 1723 nominatis

181 1736 330 1768 insolens
345 1737 402 1775 sit,
416 1736 552 1775 durum,
567 1741 687 1773 tenue;
712 1734 804 1776 quod
829 1735 902 1775 ipse
927 1734 1042 1766 Bentl.
1064 1732 1206 1765 fatetur.
1248 1734 1347 1764 Solus
1364 1733 1475 1764 hiatus
1500 1734 1534 1764 in
1550 1735 1630 1765 male

182 1778 329 1809 ouantis
344 1778 433 1809 viros
448 1779 568 1809 doctos
588 1778 676 1808 male
692 1777 832 1815 habuit3
855 1776 1043 1817 eodemque
1059 1775 1152 1806 hiatu
1175 1775 1254 1806 olim
1275 1774 1318 1806 ad
1341 1774 1589 1806 inferciendum
1605 1785 1629 1807 ιι

183 1819 339 1851 librarios
354 1824 392 1852 et
406 1819 655 1851 Grammaticos
670 1819 861 1860 compulsos
874 1817 989 1858 fuisse,
1003 1818 1107 1857 magis
1133 1816 1309 1857 probabile
1334 1821 1400 1855 est,
1421 1827 1532 1858 quam,
1553 1818 1629 1848 iilos

181 1861 335 1894 omisisse
350 1862 497 1902 literam,
515 1866 554 1893 nt
577 1866 614 1891 et
635 1860 760 1897 hiatus.
775 1864 812 1892 et
827 1859 1027 1891 vocabulum
1044 1869 1180 1900 prorsus
1195 1859 1278 1898 ipsis
1293 1859 1479 1890 inauditum
1503 1859 1629 1891 existe-

183 1907 250 1935 ret.
293 1903 457 1936 Schottus
483 1908 520 1935 et
544 1903 676 1934 Muret.
700 1903 882 1934 voluerunt
895 1903 996 1933 malea
1010 1911 1070 1932 om.
1087 1911 1115 1932 s.
1130 1901 1228 1932 molen
1245 1911 1306 1933 om.
1322 1911 1396 1942 qnae
1405 1901 1484 1942 jure
1500 1902 1630 1933 acriter

182 1946 387 1987 perstringit
410 1945 525 1977 Bentl.
569 1945 656 1976 Satis
670 1945 777 1976 multa
793 1944 909 1976 talium
924 1944 1076 1975 hiatnum
1096 1944 1252 1983 exempla
1274 1943 1308 1974 in
1324 1944 1467 1984 Virgilio
1482 1943 1627 1984 aliisque

181 1990 313 2019 extant.
355 1987 422 2019 Sed
439 1987 562 2018 multas
577 1987 730 2027 argutias
746 1986 891 2027 opponit
913 1985 1028 2017 Bentl.
1050 1985 1162 2016 omnia
1179 1985 1329 2016 hiatuum
1345 1987 1502 2026 exempla
1517 1985 1572 2016 vel
1587 1985 1623 2017 in

182 2029 353 2061 Caesuram
369 2029 505 2069 cadere,
520 2029 586 2069 vet,
599 2029 626 2060 si
642 2033 741 2061 extra
755 2037 842 2065 eam,
857 2032 894 2059 at
909 2037 977 2059 non
991 2028 1056 2059 nisi
1079 2027 1114 2058 in
1141 2027 1250 2058 vocali
1265 2027 1377 2068 longa,
1394 2037 1468 2068 qua·
1485 2027 1535 2058 sic
1551 2036 1625 2058 cor-

181 2071 342 2111 ripiatur,
366 2071 522 2110 admitti3
547 2076 585 2102 ut
605 2071 616 2088 ⁸
634 2071 841 2111 Rhodopeia
869 2068 991 2109 arces,'
1024 2072 1034 2088 ⁸
1049 2069 1149 2101 Pelio
1177 2069 1322 2109 Ossam:
1348 2071 1414 2101 fite.
1458 2069 1625 2109 Exempla

179 2113 347 2154 neglecto
370 2113 592 2155 Synaloephes
616 2113 648 2144 in
674 2113 780 2146 vocali
804 2112 912 2148 brevi,
938 2115 1038 2143 extra
1061 2111 1247 2151 Caesuram,
1267 2112 1301 2142 in
1325 2110 1438 2142 medio
1460 2111 1624 2142 orationis

180 2159 309 2196 tractu,
323 2159 363 2187 nt
377 2156 438 2191 ait,
452 2155 544 2187 uuila
557 2160 694 2186 exstare
711 2158 821 2195 putat.
864 2153 964 2186 Unde
978 2154 1172 2194 exemplum
1188 2153 1283 2193 virg.
1300 2153 1375 2185 AEn.
1397 2162 1423 2184 1.
1447 2155 1525 2185 409.
1551 2154 1625 2184 lau-

180 2196 254 2228 dari
269 2201 380 2237 vetat3
404 2197 486 2229 item
502 2197 612 2238 rejicit
628 2197 750 2229 Catuli.
767 2205 824 2228 ιιι.
840 2199 892 2228 16.
914 2196 925 2214 ⁸
941 2205 962 2227 o
976 2194 1105 2226 factum
1121 2195 1221 2235 male,
1232 2194 1277 2234 o‚’
1291 2196 1354 2226 &c.
1377 2195 1453 2236 quia
1469 2197 1562 2227 locus
1579 2195 1625 2227 sit

180 2237 315 2271 dubius.
359 2239 428 2271 Sed
445 2249 510 2271 non
530 2239 696 2280 cogitavit
709 2239 754 2270 de
769 2238 896 2270 Catuli.
914 2246 997 2269 vm.
1014 2239 1066 2268 19.
1081 2241 1172 2267 extr.
1195 2238 1205 2255 ‘
1224 2236 1272 2268 At
1290 2243 1338 2272 tu,
1355 2237 1502 2277 Catulle,
1518 2237 1623 2267 obsti-

179 2285 281 2312 natus
296 2280 453 2322 obdura,'
478 2281 535 2312 ubi
550 2286 709 2312 constans
725 2278 874 2313 omnium
891 2279 1053 2311 librorum
1077 2288 1262 2310 consensus
1279 2278 1377 2318 (vid.
1394 2278 1531 2316 Voss.);
1554 2287 1621 2309 non

177 2322 222 2354 de
237 2323 399 2365 Propert.
424 2331 482 2355 ιιι.
499 2325 551 2354 13.
575 2322 666 2364 (11.)
680 2325 734 2355 61.
755 2322 767 2339 ‘
782 2331 893 2363 neque
917 2322 984 2353 Ilia
1006 2320 1201 2361 quondam‚'
1223 2320 1278 2350 ubi
1300 2319 1382 2350 vid.
1406 2319 1557 2350 Broukh.
1585 2323 1622 2350 et

177 2364 284 2406 Vulp.
316 2364 482 2397 Attamen
494 2366 575 2396 nale
586 2364 769 2396 inanimis
782 2364 918 2395 emend.
933 2364 1050 2395 Bentl.
1064 2363 1143 2392 male
1157 2372 1174 2392 ο
1188 2361 1333 2392 eminetis
1355 2361 1499 2399 Cuning.
1519 2360 1558 2391 ab
1572 2362 1622 2391 in-

179 2406 322 2439 afflati·
348 2407 476 2439 Sanad.
528 2406 654 2438 Omnia
682 2412 718 2438 et
746 2411 873 2447 praeter
899 2405 1156 2441 necessitatem,
1184 2408 1220 2433 et
1248 2401 1451 2432 infeliciter)
1479 2403 1622 2433 Idem.-

179 2449 222 2479 14
244 2449 334 2490 Lips.
351 2452 384 2482 4.
407 2450 564 2487 tumulltu
586 2449 812 2481 memorabilis
826 2448 942 2487 lectio,
958 2446 1068 2487 inquit
1089 2443 1267 2477 ,ἰωὴ-19
1289 2443 1420 2475 Pareus
1435 2444 1522 2475 Lex.
1536 2443 1621 2476 crit.

825 2540 966 2573 NOTAE

225 2618 264 2647 1⁴1
294 2616 363 2654 Ego
389 2624 446 2646 nee
473 2617 646 2659 imnum,
673 2615 744 2657 ξω]
776 2616 868 2647 Dum
968 2610 1163 2650 Temnum]
1194 2610 1268 2642 Cic.
1293 2610 1421 2650 Philip.
1438 2619 1518 2643 vm.
1540 2615 1619 2645 nd.

181 2673 292 2697 rerum
318 2663 469 2703 potietur
497 2663 679 2706 Augustus,
697 2674 761 2696 nec
784 2664 870 2695 ullas
922 2662 932 2679 ‘
951 2662 1074 2692 Potest
1098 2668 1171 2690 esse
1195 2658 1321 2690 bellum
1347 2659 1420 2691 siue
1445 2661 1617 2693 tumultu:

180 2715 298 2747 civiles
314 2711 432 2745 turbas
445 2716 560 2744 metuo
574 2723 637 2747 nec
653 2714 793 2747 hostiles
809 2713 870 2745 im·
923 2710 1087 2742 tumultus
1102 2718 1178 2740 esse
1197 2709 1269 2740 sine
1291 2708 1384 2741 bello
1402 2718 1469 2740 non
1491 2714 1620 2751 potest.

147 2809 149 2812 Ι
181 2769 283 2807 petus
299 2767 335 2795 et
350 2761 568 2794 incursiones.
923 2759 1012 2793 Quid
1042 2758 1131 2790 euim
1156 2762 1209 2790 est
1235 2757 1326 2790 aliud
1353 2759 1529 2796 tumultus,
1554 2760 1619 2792 nisi
