1916 3190
291 248 376 291 512
759 261 804 300 Q.
836 260 1046 291 HonATu
1080 259 1254 291 abaco!
1308 260 1311 263 ·

522 354 751 408 Memphin
770 360 991 396 carentem
1012 354 1216 397 Sithonia
1233 355 1350 406 nive,
1682 356 1738 398 10
1784 401 1791 410 ,

564 420 754 474 Regina,
778 422 959 463 sublimi
978 421 1152 475 flagello

627 487 779 541 Tange
797 486 969 534 Chloen
991 488 1133 530 semel
1152 491 1438 542 arrogantem.

292 617 445 650 Sithoniis
458 618 622 652 immunem
635 619 731 659 regis,
744 618 911 658 semelferi
924 618 1084 660 superbam
1101 620 1218 653 cmviin
1230 622 1312 653 elato
1314 621 1459 664 flagello.

889 734 1129 747 OO'OOONOOOO

293 820 443 862 Cypmm.
487 818 543 850 Ab
558 829 626 850 uno
650 820 849 852 Bersmanni
864 825 900 852 et
915 821 1013 852 Dess.
1028 825 1062 854 2.
1084 821 1181 853 abest
1204 825 1332 854 et.—lo
1353 822 1526 863 Memphim
1544 822 1657 864 vulgg.
1676 822 1735 855 sed

291 862 436 894 doctiori
452 860 561 892 forma
575 862 737 902 Memphin
752 863 903 894 Bentleii
917 863 1033 894 Graev.
1047 864 1144 895 Leid.
1161 864 1283 904 Regin.
1294 865 1373 896 Gal.
1389 870 1425 896 et
1447 865 1575 896 Battel.
1590 865 1735 897 Mentel.

292 904 391 945 Lips.
409 907 439 935 1.
460 906 494 935 2.
516 904 616 936 Harl.
634 907 663 935 1.
678 907 711 936 2.
727 906 760 935 3.
772 907 804 935 4.
820 909 851 936 5.
865 907 898 936 6.
919 905 1061 936 Venett.
1085 908 1181 938 14⁷⁷.
1194 909 1289 937 1478.
1303 909 1400 938 1479.
1422 907 1502 938 Vet.
1519 906 1637 939 Comb.
1654 906 1737 938 Fab.

292 946 423 978 Dacer.
445 946 559 977 Bentl.
571 945 714 985 Cuning.
728 946 854 977 Sanad.
868 946 961 985 Jani,
973 947 1112 978 Mitsch.
1129 948 1268 988 Bipont.
1283 948 1401 980 eomb.
1415 952 1452 979 et
1469 949 1575 980 Kidd.
1597 953 1737 981 carentes

290 988 371 1020 Vet.
387 988 507 1020 Comb.
530 986 696 1028 Sytlumia,
710 986 885 1028 Scithonia,
899 988 1080 1030 Scytharum,
1102 989 1276 1022 variantes
1301 999 1358 1031 ap.
1372 989 1550 1023 sanie-12
1573 991 1738 1023 Nonnulli

289 1030 393 1063 codd.
407 1034 444 1062 et
458 1029 537 1062 edd.
554 1033 640 1060 vett.
656 1029 765 1061 Cloiin.

941 1135 1086 1168 NOTAE

333 1224 374 1252 10
399 1219 576 1261 Memphin]
614 1219 753 1262 AEgypti
790 1220 921 1263 urbem,
953 1221 989 1253 in
1085 1222 1218 1254 Sublimi
1220 1222 1365 1264 flagello,
1377 1220 1447 1262 ssa]
1468 1220 1548 1263 Ictu
1561 1220 1738 1254 vehemen-

289 1280 354 1312 qua
368 1269 503 1302 celebre
523 1270 668 1302 Veneris
695 1272 873 1312 templum,
897 1275 988 1304 teste
1042 1271 1121 1304 tiori
1145 1275 1286 1313 percute
1309 1282 1319 1303 ε
1355 1270 1531 1303 fastidium
1557 1271 1680 1304 chloe·
1704 1269 1740 1304 'et

289 1321 471 1359 Strabone,
485 1319 546 1352 lib.
562 1328 655 1352 xvn.
1042 1321 1237 1363 superbiam
1265 1321 1328 1353 tibi
1353 1321 1522 1361 ingratam
1546 1322 1737 1354 ulciscere:

335 1371 501 1402 Car-entem
529 1370 678 1401 Sithonia
702 1369 788 1410 nive]
819 1371 870 1402 Ea
895 1371 988 1412 regio
1040 1371 1202 1404 ferociam
1224 1371 1326 1403 elide.
1371 1370 1618 1403 Animadverte
1640 1380 1740 1412 porro

290 1423 411 1460 utpote
435 1418 571 1450 fervida
594 1428 659 1449 non
682 1419 786 1451 habet
812 1420 920 1460 nives,
951 1424 990 1452 ut
1042 1421 1228 1452 amantium
1256 1420 1433 1452 levitatem
1470 1429 1509 1450 ac
1545 1420 1740 1453 stultitiam.

291 1472 414 1503 Sithon
437 1471 591 1502 Tliraciae
614 1480 722 1502 mons.
765 1471 887 1512 Virgil.
915 1472 988 1502 Ecl.
1041 1469 1233 1500 Videbatur
1251 1469 1414 1499 Horatius
1428 1468 1537 1508 primo
1550 1469 1637 1499 velle
1648 1477 1740 1500 amo·

292 1530 328 1552 x.
351 1519 361 1538 ‘
376 1520 619 1561 Sithoniasque
638 1521 733 1552 nives
755 1520 885 1561 hyemis
909 1520 987 1552 sub·
1040 1528 1096 1550 res
1121 1518 1290 1559 abjicere3
1318 1527 1400 1550 ecce
1426 1527 1506 1550 vero
1532 1527 1591 1549 seu
1612 1519 1740 1560 amans,

291 1579 405 1600 eamus
421 1571 597 1610 aquosae.’.
1041 1577 1101 1600 seu
1116 1567 1222 1599 iratus
1236 1568 1410 1608 supplicat
1431 1568 1568 1609 Veneri,
1585 1573 1624 1600 ut
1647 1568 1739 1600 sran-

335 1621 375 1650 11
400 1616 542 1658 Regina]
572 1617 745 1649 Mentium
780 1617 989 1649 dominatrix
1042 1620 1101 1658 gat
1115 1615 1238 1648 chloes
1253 1617 1493 1656 arrogantiam,
1504 1627 1648 1660 eamque
1666 1624 1740 1651 tan-

294 1669 424 1702 venus.
1043 1670 1103 1707 gat
1116 1675 1136 1697 a
1149 1674 1218 1707 qua
1232 1665 1306 1706 ipse
1321 1664 1558 1706 spernebatur.

823 1845 954 1887 ODE
994 1844 1217 1886 XXVII.

824 1966 891 1995 AD
923 1965 1088 1995 GALAT
1097 1965 1212 1994 EAM.

293 2074 363 2106 Sub
378 2074 532 2105 Galateae
548 2075 686 2106 mariuae
700 2077 784 2107 Deae
799 2074 934 2106 nomine
950 2074 1099 2105 nobilem
1116 2073 1286 2115 quandam
1309 2077 1453 2105 amatam
1466 2084 1487 2106 a
1501 2073 1690 2115 navigando
1704 2074 1739 2106 in

338 2126 507 2157 Graeciam
524 2126 688 2159 deterret.
733 2127 809 2159 Etsi
825 2128 912 2158 euim
930 2126 1011 2158 nihil
1023 2127 1188 2168 ambigat,
1205 2126 1285 2168 quin
1298 2126 1356 2157 Dii
1371 2126 1436 2158 sibi
1448 2132 1516 2158 tam
1534 2127 1599 2168 piae
1615 2126 1738 2168 puellae

337 2178 412 2209 vice
439 2181 637 2216 auguratum
664 2179 755 2209 ituro
783 2189 947 2219 prospera
977 2180 1130 2220 auspicia
1153 2181 1273 2212 datura
1297 2179 1385 2218 sint3
1417 2180 1606 2211 consultius
1625 2183 1740 2212 tamen

325 2230 435 2261 -ducit
457 2229 517 2261 sibi
549 2239 569 2260 a
591 2230 778 2270 procelloso
805 2232 899 2269 mari,
934 2233 1125 2271 praesertim
1146 2242 1227 2264 vero
1252 2232 1404 2273 hyberno
1427 2237 1595 2273 tempore,
1618 2241 1740 2264 cavere

339 2291 439 2323 quam
463 2281 613 2321 auguriis
639 2281 806 2321 ejusmodi
830 2281 951 2314 fidere.
1008 2284 1147 2314 Deinde
1188 2284 1325 2324 adjecto
1358 2285 1584 2325 pulcherrimo
1605 2284 1648 2316 de
1670 2285 1739 2316 Eu·

337 2343 438 2374 ropes
453 2338 554 2374 raptu
580 2332 742 2373 Episodio
755 2334 937 2364 ostendere
958 2339 1102 2364 conatur
1126 2344 1243 2373 parum
1260 2337 1439 2367 convenire
1461 2335 1615 2367 formosis
1631 2336 1736 2366 maria

339 2386 511 2427 trajicere.
553 2384 749 2425 (Harduino
764 2385 791 2415 si
804 2384 983 2424 credimus,
997 2389 1115 2415 auctor
1128 2384 1297 2416 Gallicam
1311 2386 1523 2418 nobilitatem
1538 2387 1739 2418 dehortatur

339 2449 359 2470 a
374 2438 591 2479 navigatione
614 2442 649 2470 et
664 2437 883 2479 expeditione
899 2446 999 2478 quam
1015 2439 1113 2468 1234.
1133 2437 1283 2469 ,Ioannes
1297 2437 1514 2469 Brieuneusis
1531 2439 1653 2470 comes
1669 2448 1740 2470 sus—

339 2491 434 2532 cepit
449 2491 483 2521 in
499 2495 626 2522 terram
640 2495 804 2522 sanctam.
819 2488 934 2531 Gesn.)
968 2489 1168 2532 (Galateam
1182 2498 1203 2520 a
1216 2489 1433 2530 navigatione
1444 2499 1588 2522 avocare
1604 2490 1740 2523 videtur

339 2544 451 2576 Poeta
473 2553 538 2574 non
564 2548 631 2573 tam
654 2542 821 2574 ominibus
846 2541 1002 2573 infaustis
1017 2551 1117 2584 quam
1140 2541 1284 2582 Europae
1307 2542 1475 2582 exemplo.
1517 2542 1606 2574 Nam
1627 2543 1741 2576 omina

339 2596 438 2636 mala,
451 2596 573 2637 inquit,
590 2595 746 2627 eveniant
760 2595 922 2636 improbis
936 2594 1138 2635 hominibus,
1152 2598 1188 2626 et
1202 2594 1396 2636 priusquam
1418 2594 1535 2626 cornix
1557 2600 1742 2636 tempesta·

340 2653 409 2680 tem
426 2657 562 2689 gravem
574 2647 766 2688 portendat,
783 2657 845 2688 ego
861 2646 1009 2679 exorabo
1022 2647 1116 2678 Deos
1130 2651 1168 2678 ut
1182 2645 1326 2683 faustum
1341 2655 1438 2677 omen
1453 2645 1603 2678 mittant.
1626 2647 1740 2680 Quare

341 2709 406 2740 per
423 2709 477 2731 me
492 2700 558 2732 eris
572 2699 658 2732 felix
673 2700 809 2742 ubique,
825 2709 888 2732 uec
903 2699 970 2732 ulla
985 2699 1057 2731 avis
1072 2699 1158 2745 mala
1173 2698 1240 2731 iter
1256 2703 1351 2730 tuum
1365 2697 1541 2739 impediet.
1585 2699 1660 2730 Etsi
1681 2708 1739 2731 au-

343 2758 411 2783 tem
435 2752 562 2784 indicia
577 2752 730 2794 quaedam
746 2758 986 2794 tempestatem
1008 2762 1143 2794 gravem
1168 2751 1389 2796 portendunt,
1403 2751 1460 2783 Dii
1475 2755 1590 2783 tamen
1605 2751 1739 2794 pericu·-
