1916 3190
805 221 1030 252 Horu-ru.
1586 209 1644 254 23

204 351 208 354 .
237 347 243 354 .
293 312 350 356 U.
371 313 422 356 C.
440 315 540 356 705.
600 314 651 357 C.
673 314 889 357 Claudius
910 314 1169 357 Marcellus.
1224 314 1276 356 L.
1297 313 1533 358 Cornelius

499 381 726 424 Lentulus.
785 383 842 423 A.
863 382 915 423 C.
935 383 1006 424 49.
1053 382 1233 424 Horatii
1254 384 1326 436 «¹127.

251 456 422 509 Togam
442 457 611 500 virilem
643 460 856 501 sumsisse
890 459 933 500 h.
962 472 1003 501 a.
1039 460 1270 502 Horatium
1301 459 1534 514 probabile
1560 466 1643 501 est.

196 522 314 564 Vide
334 522 535 566 Masson.
556 538 600 578 p.
622 525 692 567 25.

338 640 390 681 U.
411 639 462 682 C.
481 642 581 684 709.
640 641 691 683 C.
721 642 870 685 Julius
900 642 1053 685 Caesar
1085 654 1150 684 lv.
1181 643 1275 684 sine
1303 643 1502 697 Collega.

649 708 707 751 A.
728 709 779 751 C.
799 711 870 750 45.
918 710 1096 752 Horatii
1117 714 1188 763 ἐξ.

251 784 477 827 Ciceronis
514 785 646 836 filius,
688 786 880 828 Horatio
919 787 1122 841 aequalis,
1155 788 1326 841 aliique.
1348 786 1537 841 juvenes
1566 799 1644 828 no—

193 850 322 902 biles,
355 851 561 902 Bibulus,
592 851 840 903 Acidimus,
872 851 1040 903 Varus,
1078 853 1294 903 Messala,
1325 866 1427 894 vere
1466 853 1643 894 ineunte

194 915 408 968 Athenas,
436 919 687 961 studiorum
717 933 868 971 causa,
892 921 1238 974 proficiscuntur.
1297 920 1393 962 Cic.
1420 919 1566 973 Epist.
1587 920 1644 962 ad

194 982 288 1025 Att.
309 995 406 1027 xn.
425 985 493 1026 24.
515 987 587 1028 2⁴7.
609 997 723 1029 xun.
742 987 813 1029 24.
835 999 923 1028 xv.
943 988 1013 1029 13.
1033 989 1103 1029 15.
1162 987 1402 1028 Probabile
1416 987 1478 1036 fit,
1496 986 1645 1029 Hora-

193 1050 299 1091 tium
320 1051 475 1092 eodem
496 1057 690 1106 tempore
711 1053 906 1095 Athenas
936 1055 1117 1108 petisse,
1147 1060 1195 1094 ut
1225 1053 1518 1108 philosophia:
1538 1066 1644 1107 ope-

194 1127 288 1156 ram
310 1116 448 1158 daret.
510 1117 627 1158 Nam
650 1123 748 1160 ante
774 1119 936 1160 bellum
956 1120 1105 1169 civile,
1125 1124 1229 1173 post
1247 1119 1441 1160 Caesaris
1471 1119 1643 1161 caedem

194 1183 352 1232 ortum,
372 1195 426 1224 eo
441 1195 489 1223 se
507 1184 686 1226 venisse
708 1186 771 1226 ait
792 1196 845 1226 ιι.
867 1186 1011 1240 Epist.
1031 1186 1073 1228 2.
1092 1186 1165 1227 43.

346 1305 402 1347 U.
423 1305 473 1348 C.
491 1308 591 1350 710.
648 1308 699 1350 C.
729 1309 882 1351 Julius
914 1310 1071 1352 Caesar
1092 1322 1137 1352 v.
1162 1309 1227 1352 M.
1255 1310 1492 1353 Antonius.

650 1377 704 1417 A.
725 1374 777 1417 C.
807 1376 878 1417 44.
923 1376 1098 1419 Horatii
1118 1379 1187 1429 ξ-ὲ.

200 1440 205 1444 ”
236 1447 408 1491 'Idibus
440 1449 611 1493 Martiis
638 1451 793 1494 Caesar
822 1454 868 1495 in
894 1455 1015 1496 curia
1039 1454 1244 1496 Romana
1271 1456 1503 1498 occiditur.
1562 1456 1643 1498 Se-

193 1514 387 1569 quantur
403 1517 499 1572 ejus
519 1523 700 1560 mortem
720 1520 841 1561 varia
856 1521 1075 1575 prodigia,
1095 1527 1142 1563 et
1162 1522 1401 1564 Historicis
1421 1527 1466 1564 et
1487 1522 1642 1564 Poetis

193 1574 421 1626 celebrata.
481 1585 638 1639 Itaque
662 1598 692 1627 1.
716 1585 801 1628 Od.
831 1589 873 1629 2.
906 1587 962 1630 ad
988 1589 1104 1631 hunc
1134 1602 1176 1631 a.
1201 1589 1330 1630 refert
1350 1589 1641 1644 Interpretum

191 1650 440 1693 multitudo.
496 1652 587 1694 Sed
613 1654 715 1707 quis
734 1655 821 1695 sibi
852 1656 1129 1709 persuadeat,
1160 1656 1414 1706 Horatium,
1442 1669 1497 1697 eo
1533 1662 1644 1697 tem-

191 1711 302 1769 pore
321 1722 472 1771 partes
501 1719 628 1760 Bruti
658 1721 931 1774 amplexum,
956 1722 1002 1761 in
1034 1721 1326 1762 Octavianum
1352 1722 1514 1762 secisse
1535 1721 1642 1763 Car-

192 1794 291 1823 men
313 1788 406 1824 tam
425 1785 705 1838 splendidum
720 1787 739 1826 Τ
771 1787 894 1839 quod
925 1791 1142 1840 praeterea
1167 1791 1335 1828 tantum
1366 1793 1544 1842 tamque
1562 1801 1642 1829 ex·-

194 1849 423 1890 ercitatum
459 1849 649 1892 Poetam
684 1852 859 1904 prodat,
894 1852 1038 1906 qualis
1075 1852 1270 1905 profecto
1304 1857 1408 1894 tunc
1447 1853 1640 1895 nondum

195 1914 386 1956 Flaccus
403 1916 515 1956 suit?
1454 1923 1465 1933 “

249 1980 414 2023 Brutus
434 1986 479 2023 et
500 1981 696 2028 Cassius,
719 1983 852 2025 Italia
867 1984 1087 2034 cedentes,
1104 1984 1303 2026 Athenas
1322 1984 1518 2027 veniunt.
1570 1986 1640 2027 lbi

192 2048 356 2090 Brutus
376 2049 492 2090 clam
520 2049 680 2091 bellum
708 2056 850 2104 parat,
872 2051 1153 2106 juvenesque
1183 2052 1430 2102 Romanos,
1456 2052 1639 2096 Athenis

191 2115 433 2157 studiorum
453 2129 589 2158 causa
607 2122 844 2168 versantes,
877 2119 964 2160 sibi
994 2120 1236 2173 conjungit,
1256 2121 1301 2160 iu
1320 2120 1390 2161 his
1411 2120 1640 2163 Ciceronis

190 2182 330 2224 filium
349 2182 494 2237 (Plut.
513 2183 668 2234 Brut.),
684 2188 727 2226 et
743 2184 996 2236 Horatium,
1016 2187 1117 2253 ipso
1138 2192 1249 2228 teste
1269 2197 1321 2227 n.
1339 2186 1483 2240 Epist.
1502 2188 1545 2230 2.
1566 2191 1638 2231 47.

192 2260 244 2291 11.
266 2248 352 2290 Od.
370 2250 411 2290 7.
431 2262 498 2302 pr.

191 2352 251 2395 U.
271 2353 323 2395 C.
340 2354 438 2395 711.
498 2354 549 2396 C.
569 2354 733 2396 Vibius
754 2355 918 2397 Pansa.
958 2356 1029 2398 A..
1050 2357 1238 2398 Hirtius.
1284 2357 1335 2399 C.
1363 2359 1392 2400 J
1397 2359 1456 2399 ul.
1484 2358 1637 2399 Caesar

198 2476 202 2479 ι
247 2419 536 2462 Octavianus.
567 2421 624 2472 Q.
645 2421 809 2463 Pedius
828 2423 1016 2464 suffecti.
1060 2423 1115 2465 A.
1138 2423 1189 2465 C.
1205 2425 1276 2465 43.
1307 2424 1487 2465 Horatii
1507 2428 1578 2478 {i}-

202 2544 205 2552 ι
246 2497 433 2539 Ineunte
452 2511 567 2539 auno
583 2498 647 2540 M.
668 2499 834 2542 Brutus
856 2513 955 2540 cum
975 2501 1121 2553 copiis
1141 2501 1184 2540 in
1201 2499 1508 2541 Macedoniam
1526 2502 1634 2552 abit,

193 2575 425 2619 secumque
457 2565 576 2607 ducit
602 2566 854 2608 Horatium.
915 2565 981 2607 M.
1002 2566 1219 2620 Lepidus,
1242 2566 1307 2606 M.
1329 2565 1559 2618 Antonius,
1581 2568 1632 2610 C.

193 2626 344 2670 Caesar
378 2630 646 2674 Octavianus
678 2633 951 2676 Triumviros
985 2633 1121 2686 Reip.
1153 2633 1468 2675 constituendae
1508 2635 1551 2675 in
1588 2647 1634 2674 v.
1712 2628 1714 2631 ’

194 2708 334 2736 annos
355 2710 403 2737 se
421 2700 677 2749 renuntiant,
699 2706 743 2742 ct
763 2701 1016 2754 provincias
1035 2700 1149 2741 inter
1171 2712 1219 2740 se
1239 2699 1517 2741 distribuunt.
