1916 3190
251 249 336 292 426
684 238 686 240 ’
723 259 769 297 Q.
805 258 1012 289 HORA‘ru
1048 257 1222 295 rmum

533 350 690 405 Thyna
711 363 856 392 merce
878 352 1070 400 beatum,

591 418 845 459 Constantis
860 419 1082 472 juvenem·
1094 416 1178 458 fide

477 485 637 540 Gygen
653 486 672 525 'l
723 484 807 525 Ille
830 484 965 526 Notis
985 491 1114 526 actus
1134 484 1191 525 ad
1213 482 1395 525 Oricum
1671 485 1703 526 5

251 604 345 645 phyri
359 605 450 636 initio
464 605 550 636 verni
564 605 711 646 temporis
725 604 783 636 tibi
802 604 930 636 reddent
947 604 1098 645 Bithynis
1113 603 1266 636 mercibus
1283 605 1480 645 opulentum?
1499 602 1550 634 hic
1565 603 1606 634 ad
1626 601 1704 633 Ori-

254 760 383 798 cricem:
407 762 495 793 unde
512 771 585 794 cam
602 767 705 802 negat
722 767 909 796 matronam
923 763 1108 795 fuisse—³
1132 764 1261 805 Thyrum
1278 762 1386 794 Land.
1401 766 1437 794 et
1451 761 1596 794 Ascens.
1613 761 1703 792 unde

253 802 389 844 quidam
400 805 554 844 cogitant
564 804 606 835 de
618 805 746 845 Thyno,
755 806 886 837 Ciciliae
902 806 1041 837 civitate
1053 806 1160 846 (Plin.
1173 815 1208 837 v.
1219 805 1310 846 2⁷.);
1324 806 1381 837 alii
1392 805 1435 836 de
1452 804 1587 844 thynnis
1601 803 1704 845 pisci-

254 845 330 883 bus,
345 855 486 886 quornm
506 851 649 886 captura
666 848 818 887 inprimis
836 849 876 878 ad
894 849 1095 890 Byzantium
1111 849 1144 880 in
1160 848 1393 887 Bosporo.—⁴l
1410 847 1590 878 Constantis
1606 844 1704 877 Harl.

255 890 284 918 1.
297 889 371 918 23.
383 890 413 918 4.
425 892 457 918 5.
469 891 501 919 6.
518 894 554 920 et
576 891 585 906 ‘
599 898 714 921 omnes
730 894 897 930 quotquot
923 895 1044 921 extant
1070 889 1185 920 codd.'
1212 889 1322 930 inquit
1346 888 1534 929 sant-fidei
1556 887 1705 930 (disyn.)

254 928 324 960 duo
339 929 438 961 Vatt.
455 930 545 962 Cler.
561 939 646 961 nnus
670 931 832 961 Russard.
858 937 894 962 et
923 940 1007 962 unns
1035 931 1152 962 Nicot.
1179 930 1299 962 Lami».
1319 935 1436 962 omnes
1461 929 1646 968 Torrentii,
1669 935 1706 961 et

248 970 367 1003 Pulm.
382 971 482 1003 codd.
500 972 650 1004 Blandd.
663 972 773 1003 Mald.
789 972 850 1004 Sil.
868 973 972 1013 Cruq.
988 973 1104 1004 Bentl.
1132 973 1299 1015 plerique,
1325 972 1393 1004 duo
1415 972 1546 1004 Remu.
1561 972 1705 1004 Mentel.

255 1012 399 1054 Franeq.
424 1013 531 1054 Lipss.
559 1014 661 1047 Dess.
677 1017 709 1048 2.
726 1013 798 1045 Alt.
815 1017 846 1046 1.
874 1014 1020 1048 Helmst.
1036 1015 1115 1047 Sax.
1129 1013 1227 1047 Gott.
1242 1014 1322 1046 Zur.
1339 1015 1430 1047 Flor.
1456 1044 1459 1046 μ
1474 1014 1522 1046 Et
1535 1014 1584 1048 sic
1599 1014 1704 1054 Cruq.

254 1055 413 1089 Torrent.
429 1056 551 1089 Heius.
564 1057 630 1099 fidi
644 1058 744 1089 Torn.
765 1057 881 1089 Lamb.
897 1057 975 1090 Div.
991 1058 1095 1099 Cruq.
1110 1061 1147 1088 et
1161 1058 1276 1089 Bentl.
1293 1056 1426 1088 Zulich.
1437 1054 1507 1098 fide
1520 1056 1623 1089 ,lanu-
1637 1055 1707 1087 duo

257 1098 353 1131 Vatt.
382 1101 455 1131 Urs.
474 1099 595 1132 Lamb.
610 1099 717 1131 Mart.
733 1100 837 1141 Crnq.
854 1099 955 1131 codd.
971 1100 1072 1131 Fabr.
1096 1099 1168 1131 Alt.
1184 1102 1216 1131 2.
1239 1099 1333 1140 (cum
1351 1102 1456 1130 nota:
1481 1098 1492 1115 ‘
1508 1107 1570 1139 pro
1583 1095 1707 1140 fidaei').

256 1141 312 1173 Sic
329 1142 410 1174 Asc.
431 1142 583 1174 Mancin.
611 1142 720 1173 Laud.
748 1142 855 1174 Basil.
885 1144 979 1174 1⁵³1.
1005 1142 1130 1174 venet.
1157 1143 1252 1173 1590.
1275 1139 1506 1172 Fabr:Bentl.
1525 1139 1708 1172 Cun.San.

256 1183 337 1215 Jon.
355 1185 455 1215 Baxt.
470 1184 558 1215 Sivr.
574 1184 866 1216 Bond.Schreve1.
879 1185 1007 1225 Delph.
1020 1184 1115 1224 Jani,
1127 1184 1266 1225 Bipont.
1280 1183 1420 1215 Mitsch.
1432 1182 1576 1214 wetzel.
1588 1180 1711 1214 Comb.

258 1225 394 1257 Wakef.
409 1230 445 1257 et
461 1226 566 1258 Kidd.
593 1227 753 1258 ‘scilicet
765 1227 1042 1268 fideicontracte
1055 1228 1134 1259 olim
1152 1226 1407 1267 pronuntiatum
1421 1234 1512 1256 nunc
1524 1224 1604 1266 fidi,
1618 1232 1711 1255 nunc

248 1267 328 1307 fide.
362 1268 441 1300 Vid.
457 1268 548 1301 Gen.
565 1277 615 1300 rx.
631 1271 684 1300 14.
706 1269 815 1300 Prisc.
832 1278 897 1301 vu.
913 1274 1002 1301 extr.
1016 1270 1116 1300 Voss.
1132 1267 1233 1300 Anal.
1248 1277 1290 1299 n.
1308 1271 1359 1299 19.
1388 1267 1446 1299 Sic
1462 1276 1542 1298 casu
1559 1265 1710 1298 secundo

258 1309 400 1350 antique
416 1310 478 1350 die,
493 1311 591 1351 Virg.
607 1310 673 1342 Ge.
690 1320 713 1342 ι.
729 1313 803 1343 208.
815 1311 898 1352 fide,
921 1311 1024 1342 Ovid.
1048 1312 1135 1343 Met.
1153 1320 1210 1342 ιιι.
1227 1313 1302 1341 341.
1319 1309 1394 1351 (ubi
1412 1309 1489 1341 vide
1507 1308 1551 1340 N.
1569 1307 1710 1346 Heins.)

259 1360 309 1381 vr.
325 1355 399 1382 506.
423 1361 486 1383 vu.
504 1355 580 1384 728.
596 1354 659 1384 &c.
704 1353 826 1393 Etfide
841 1363 922 1384 casu
940 1355 1043 1384 tertio
1061 1354 1188 1385 Noster
1204 1361 1228 1384 1.
1244 1354 1314 1384 Sat.
1327 1354 1360 1382 3.
1374 1354 1427 1382 95.
1460 1351 1584 1391 Itaque
1599 1349 1710 1380 forma

258 1394 409 1433 antiqua,
424 1399 462 1424 nt
477 1394 624 1434 doctior,
640 1399 732 1425 recte
748 1396 780 1425 h.
797 1395 818 1424 l.
843 1394 1048 1434 praefertur3
1072 1405 1134 1435 pro
1150 1404 1216 1435 qua
1233 1394 1333 1424 facile
1346 1403 1388 1424 ex
1406 1394 1710 1433 interpretamento

258 1433 493 1475 irrepsitfidei.
541 1436 700 1474 Denique
715 1436 871 1466 cmwtanti
884 1458 892 1466 .
903 1457 910 1466 .
922 1436 1020 1476 ..fide
1036 1437 1179 1466 Venett.
1199 1437 1405 1467 1478jl492.
1449 1434 1591 1466 Locher.
1615 1433 1656 1463 R.
1674 1436 1711 1463 ct

259 1475 307 1506 H.
324 1476 465 1516 Stephh.
480 1477 563 1508 Fab.
579 1481 615 1508 et
635 1477 759 1509 Dacer.
807 1477 910 1508 Haud
927 1477 1029 1508 dubie
1046 1477 1176 1519 obfide,
1198 1477 1287 1516 quod
1305 1485 1366 1516 pro
1380 1475 1529 1506 ablativo
1544 1474 1710 1512 habitum,

206 1559 213 1563 .
263 1516 437 1549 inductum
451 1518 629 1550 ruminanti.²
657 1519 813 1552 Jani.-5
837 1519 931 1560 Lips.
944 1522 978 1550 4.
992 1519 1100 1558 jactus
1110 1520 1151 1550 ad
1170 1519 1298 1549 Oricum
1311 1528 1324 1555 ‚·
1347 1516 1538 1549 Helmstad.
1555 1520 1660 1548 vectus
1673 1516 1714 1547 aa

913 1614 1054 1646 NOTAE

262 1680 315 1708 ter
338 1676 520 1708 imbricus:
546 1676 598 1708 hic
620 1676 708 1708 facit
735 1676 961 1718 tranquillita-
1016 1676 1150 1718 ‘Thyni
1174 1675 1322 1707 Thraces
1344 1678 1443 1706 arant
1457 1684 1531 1716 quoe
1548 1684 1637 1706 nunc
1652 1673 1712 1705 Bi-

261 1726 417 1765 tem‚iste
430 1735 542 1757 omnes
552 1724 677 1758 fluctus
690 1725 850 1758 conciet.'
871 1725 961 1757 Vide
1016 1727 1132 1768 thynia
1145 1724 1278 1757 fertur.'
1330 1723 1421 1756 Vide
1435 1732 1460 1755 1.
1480 1723 1552 1756 od.
1567 1726 1622 1755 ³5.
1635 1726 1668 1755 7.

261 1784 318 1806 111.
337 1775 405 1806 Od.
420 1778 449 1806 1.
1057 1779 1078 1808 4
1089 1774 1269 1807 Constantis
1277 1771 1714 1814 [Constantiljtwenemfidej

302 1826 321 1854 3
342 1824 449 1865 Thyna
462 1824 575 1865 merce]
591 1824 658 1855 Vel
670 1824 799 1855 annulis
809 1823 963 1864 Thynica
1018 1825 1094 1857 Hac
1117 1825 1264 1856 lectione
1287 1824 1425 1864 vulgata
1446 1821 1644 1854 memoriam
1660 1829 1716 1852 ve-

260 1873 339 1904 lima
355 1867 546 1914 perpolitis,
563 1883 704 1915 quorum
721 1874 847 1905 mentio
860 1879 914 1905 est
928 1873 961 1904 in
1017 1874 1153 1907 instatis
1169 1873 1299 1905 aboleri
1321 1871 1457 1914 quidam
1473 1870 1690 1911 indignantur
1704 1879 1716 1908 ς

260 1923 408 1955 naeniola
424 1923 466 1954 de
483 1931 593 1955 morte
611 1924 762 1964 Horatii,
784 1924 875 1965 apud
902 1924 966 1956 Isi·
1013 1926 1200 1965 legumque
1224 1933 1268 1955 ex
1291 1926 1377 1954 vett.
1401 1920 1504 1953 codd.
1537 1919 1718 1951 Constantia

262 1972 337 2003 dor.
354 1981 432 2003 xix.
447 1975 499 2004 32.
527 1974 581 2004 vel
597 1974 746 2005 cultellis
764 1974 968 2014 Bithynicis,
1006 1973 1238 2014 jnvenemfide,
1250 1971 1421 2013 pro‚fldei,
1433 1969 1609 2001 nimirum:
1625 1968 1715 2009 quod

244 2020 307 2064 rde
323 2021 444 2061 quibus
463 2022 552 2053 Non.
567 2022 724 2053 Marcell.
741 2032 783 2052 ex
800 2023 966 2062 Varrone,

253 2070 299 2100 'in
313 2070 427 2110 Satyr.
443 2079 501 2101 seu
520 2069 849 2111 ’γεροντοδιδασκάλφε
875 2070 967 2103 forte

263 2122 298 2150 et
324 2119 459 2159 thynnis
484 2119 645 2158 piscibus,
670 2121 729 2160 qni
756 2120 842 2151 bene
866 2121 965 2154 multi

264 2168 447 2208 capiuntur
482 2176 502 2197 a
538 2167 663 2207 Thynis
701 2170 846 2208 populis,
884 2170 963 2201 inde

265 2218 368 2263 etiarn
385 2216 522 2257 adeptis
543 2225 679 2254 nomen,
700 2222 737 2247 ut
762 2218 875 2256 placet
891 2219 964 2259 qui·

265 2266 419 2298 busdam.
463 2265 558 2296 Pers.
573 2273 608 2296 v.
626 2267 698 2296 183.
722 2266 731 2282 ‘
748 2265 964 2307 Rubrumque

265 2317 425 2357 amplexa
450 2315 600 2347 catinum
615 2314 734 2346 Gauda
754 2319 849 2346 natat
868 2316 964 2356 thyn-

267 2366 324 2397 ni.'
367 2366 420 2397 Ex
447 2363 628 2397 Ammiano
653 2364 783 2406 Thyni·
809 2374 886 2406 pars
912 2371 965 2397 est

266 2416 460 2456 Bithyniae:
484 2414 575 2446 Plin.
597 2423 631 2446 v.
655 2423 732 2455 cup.
757 2416 810 2446 ³2.
835 2416 844 2433 ‘
859 2415 967 2456 Thyni

268 2477 310 2498 ex
327 2467 464 2507 Europa
480 2465 659 2503 transiere,
677 2473 697 2495 a
713 2465 834 2505 quibus
850 2465 968 2506 appel-

267 2518 382 2548 lantur
394 2513 560 2556 Bithyni!
595 2515 639 2546 Et
655 2514 756 2554 paulo
769 2518 864 2555 post:
883 2516 893 2532 ‘
905 2515 968 2546 Te-

267 2570 353 2599 nent
382 2574 474 2595 oram
501 2572 634 2594 omnem
658 2563 778 2604 Thyni,
806 2562 969 2595 interiora

271 2616 421 2655 Bithyni.
451 2614 485 2645 Is
501 2612 577 2645 finis
594 2613 687 2644 Asiae
700 2612 774 2651 est:
787 2615 852 2644 &c.
884 2613 968 2645 ibid.

271 2673 349 2704 cap.
364 2666 416 2694 27.
438 2664 448 2682 ⁴
462 2663 525 2694 Est
538 2663 641 2695 etiam
655 2662 790 2704 Thynos
806 2662 970 2704 oppidum

272 2712 427 2745 ciliciae:
487 2713 534 2744 Et
562 2721 615 2745 ιν.
645 2715 698 2744 11.
728 2712 737 2729 ‘
755 2712 863 2753 Thyni
891 2717 970 2745 sunt

273 2761 431 2795 Thraciae
457 2762 597 2803 populi-⁹
640 2762 692 2794 De
718 2761 768 2794 his
792 2761 969 2795 Claudiam.

1016 2024 1065 2055 ita
1079 2022 1210 2064 pridem
1223 2026 1421 2063 usurpatum
1433 2020 1559 2052 docent
1570 2017 1714 2050 Priscis·

1017 2082 1091 2113 nus,
1101 2072 1234 2104 Gellius
1250 2072 1308 2104 lib.
1318 2079 1369 2103 ix.
1382 2073 1440 2103 14.
1455 2069 1575 2111 virgil.
1586 2068 1716 2108 Georg-

1018 2133 1044 2155 1.
1060 2126 1135 2155 208.
1158 2123 1168 2140 ‘
1187 2122 1286 2153 Libra
1303 2122 1360 2153 die
1376 2121 1430 2162 (id
1444 2124 1510 2159 est,
1525 2117 1609 2160 diei)
1631 2127 1716 2150 som·

1018 2172 1119 2213 nique
1133 2180 1236 2212 pares
1252 2170 1310 2202 ubi
1326 2169 1452 2202 fecerit
1466 2168 1590 2202 horas.¹

1061 2224 1080 2251 5
1104 2220 1166 2251 Ille
1188 2220 1285 2251 Notis
1307 2220 1348 2250 ad
1374 2219 1516 2256 Oricum,
1540 2216 1610 2258 ξω]
1632 2215 1716 2248 Cum

1018 2269 1154 2300 ltaliam
1184 2274 1369 2310 appeteret
1396 2269 1528 2309 Gyges,
1557 2265 1719 2298 reditum-

1020 2326 1085 2358 que
1107 2321 1304 2355 maturaret,
1329 2316 1520 2357 prohibitus
1541 2320 1594 2346 ent
1610 2313 1718 2346 ventis

1018 2366 1060 2398 ab
1078 2365 1204 2397 Austro
1218 2363 1391 2404 flantibus,
1406 2367 1570 2404 actusque
1583 2362 1627 2394 ad
1642 2361 1721 2394 Ori·

1019 2424 1114 2454 cum3
1138 2423 1212 2455 quae
1237 2413 1346 2454 prima
1371 2416 1424 2443 est
1444 2412 1539 2453 Epiri
1562 2411 1681 2443 civitas
1697 2421 1718 2442 a

1022 2463 1156 2496 Colchis
1169 2461 1326 2494 condita:
1341 2470 1384 2492 ex
1401 2461 1490 2492 Pliu.
1501 2463 1622 2493 ιιι-28.
1637 2460 1718 2492 urbs

1021 2514 1078 2546 illa
1093 2512 1135 2544 sd
1153 2521 1248 2543 oram
1260 2511 1362 2542 maris
1375 2509 1464 2542 Ionii
1478 2510 1511 2541 in
1523 2510 1630 2550 Epiro
1641 2510 1720 2550 sita,

1022 2563 1064 2594 ad
1082 2562 1214 2594 radices
1229 2560 1351 2591 montis
1367 2558 1629 2598 Acroceraunii,
1641 2569 1718 2590 cum

1023 2615 1123 2653 portu
1147 2610 1227 2642 satis
1249 2608 1373 2649 amplo,
1396 2607 1526 2639 Oreum
1546 2607 1720 2648 Straboni,

1024 2661 1188 2694 Horicum
1201 2659 1401 2696 Ptolemaeo,
1417 2657 1535 2690 Orcha
1547 2658 1654 2700 Nigro·
1669 2657 1720 2689 di-

1023 2711 1124 2744 citur.
1169 2709 1280 2741 Multa
1295 2707 1339 2740 de
1355 2708 1412 2740 illa
1427 2707 1556 2740 Livius.
1723 2701 1730 2717 ³
