1916 3190
764 254 936 285 METRA
970 255 1284 287 HORATIANA.

1559 348 1598 462 Notoe
1546 476 1599 726 Marginales.

521 385 718 446 ζωεῦ
787 391 878 440 rw
946 349 1515 451 ggggmevvvvg

681 439 824 505 &45
1158 435 1438 481 emvvm.

690 500 824 545 'qv
1210 489 1301 519 mm

682 554 719 641 ξ
1210 535 1248 612 Ξ

681 674 1510 728 ΞΞΞΞΞΞΞφωςωαᾼωωκ

469 399 558 726 88ΒΤΤΤὲῗ)

416 347 454 611 DD-SISI
418 679 453 725 21

363 347 401 609 SISIDD-
364 679 401 729 22

469 345 1462 426 ῦωςῦωυωεέωῌωωεωωωωυ

1654 1461 1696 1739 PASIPHAE.

1557 793 1595 844 D.
1545 867 1599 1067 Dactylus.
1561 1106 1599 1145 S.
1547 1167 1602 1398 Spondaeus.
1559 1427 1600 1474 T.
1560 1494 1600 1717 Trochaeus.
1559 1759 1600 1790 1.
1560 1812 1600 1979 Iambus.
1559 2010 1598 2047 J.
1559 2069 1599 2220 Ionicus
1559 2237 1586 2259 a
1558 2279 1598 2427 minori.
1544 2478 1549 2489 -

1477 1484 1515 1580 Filia
1477 1601 1516 1702 Solis

1423 1387 1461 1541 AEstuat
1411 1558 1462 1647 igne
1419 1667 1451 1793 novo:

1371 1357 1408 1405 Et
1358 1422 1408 1490 p‘er
1358 1510 1402 1618 prata
1358 1630 1410 1838 juvencum

1317 1319 1356 1491 Mentem
1306 1512 1357 1662 perdita
1306 1675 1357 1869 quaeritat.

1266 1257 1303 1344 Non
1265 1363 1303 1470 illam
1264 1490 1304 1649 thalami
1252 1666 1304 1793 pudor
1259 1808 1299 1925 arcet,

1212 1126 1251 1214 Non
1199 1238 1251 1379 regalis
1205 1398 1250 1538 honos,
1212 1572 1238 1644 nec
1200 1661 1252 1791 magni
1213 1812 1239 1905 cura
1211 1923 1249 2058 mariti.

1146 1341 1198 1463 Optat
1159 1492 1197 1529 in
1159 1551 1198 1711 formam
1160 1732 1199 1839 bovis

1106 1335 1145 1561 Convertier
1107 1578 1145 1707 vultus
1107 1728 1134 1818 suos
1107 1836 1133 1846 τ

1054 1330 1092 1379 Et
1053 1398 1092 1589 Proetidas
1054 1610 1095 1705 dicit
1048 1722 1092 1869 beatas,

989 1199 1039 1317 loque
992 1338 1039 1484 laudat,
1001 1513 1026 1590 non
988 1611 1040 1715 quod
1002 1738 1039 1809 Isis
1003 1828 1042 1907 alta
993 1925 1034 1994 est,

949 1140 987 1217 Sed
936 1236 987 1339 quod
935 1352 986 1532 juvencae
948 1551 974 1697 cornua
949 1716 988 1754 in
949 1776 988 1900 fronte
947 1918 987 2052 elevat.

883 1236 934 1437 Siquando
895 1456 933 1607 miserae
883 1627 934 1740 eopia
883 1759 935 1943 suppetit,

842 1258 881 1430 Bracbiis
842 1451 880 1571 ambit
842 1588 880 1670 fera
842 1687 882 1789 colla
835 1807 882 1936 Tauri,

775 1239 828 1448 Floresque
789 1467 815 1604 vernos
789 1623 828 1804 cornibus
777 1823 829 1958 illigat,
822 1991 826 1994 ’

724 1309 775 1464 Oraque
723 1476 774 1641 jungere
724 1659 775 1797 quaerit
737 1814 776 1884 ori.

683 1162 722 1340 Audaces
683 1361 721 1507 animos
683 1531 722 1704 efficiunt
684 1721 724 1800 tela
671 1819 724 2020 Cupidinis

618 1394 669 1620 Illicitisque
618 1643 671 1788 gaudet

565 1137 615 1286 Corpus
577 1306 616 1451 includi
577 1471 616 1612 tabulis
578 1631 617 1802 efficiens
566 1820 618 2024 juvencam
580 2041 604 2049 :

525 1242 563 1292 Et
512 1310 563 1454 amoris
510 1477 564 1691 pudibundi
526 1713 565 1945 malesuadis

458 982 509 1215 Obsequitur
463 1232 510 1346 votis,
471 1374 502 1413 et
458 1432 503 1620 procreat,
461 1642 510 1732 (heu
473 1753 512 1862 nefas
463 1882 510 1907 ἰ)
474 1934 511 2191 bimembrem.

407 1072 458 1304 Cecropides
406 1317 457 1474 juvenis¹
406 1483 445 1596 quem
406 1616 458 1780 perculit
420 1792 458 1954 fractum
411 1969 447 2099 manu,

366 1131 404 1214 Filo
365 1234 403 1429 resolvens
365 1450 404 1630 Gnossiae
365 1645 406 1769 tristia
366 1787 398 1890 tecta
367 1909 406 2060 domus.

360 2515 394 2550 1.
426 2510 636 2556 Adonium,
673 2508 935 2551 Adonfflium:
969 2507 1126 2546 Plocius
1159 2507 1319 2547 adducit
1347 2509 1386 2547 in
1423 2510 1745 2562 exemplum:'³ss

631 2573 782 2612 Dicitur
801 2571 959 2623 Epodos
978 2572 1069 2622 quia
1086 2571 1284 2622 subjicitur
1303 2573 1518 2624 Sapphicis,
1539 2574 1644 2626 apud
1662 2574 1745 2614 Ho-

302 2637 454 2683 ratium,
473 2637 621 2679 ternis;
649 2635 880 2689 Anapaestis
915 2634 1018 2686 apud
1053 2635 1256 2681 Senecam,
1285 2643 1474 2686 quotenos
1506 2651 1567 2676 res
1600 2638 1743 2676 tulerit.

303 2576 367 2613 τὸν
388 2573 574 2612 ”Admana

303 2699 459 2738 Heroici
492 2700 629 2749 Κόμμα
662 2701 831 2746 ληκτικόν
860 2699 921 2737 vel
952 2701 1106 2737 τελικόν·
1139 2699 1355 2737 Dimetrum
1382 2712 1430 2737 ex
1449 2700 1617 2739 inferiori
1635 2709 1743 2752 parte

599 2763 808 2802 Diomedes
830 2762 946 2801 Metr.
968 2761 1106 2800 Horat.
1129 2775 1159 2800 1.
1181 2761 1257 2800 Od.
1283 2764 1342 2800 10.
1362 2763 1551 2801 nominari
1570 2763 1743 2814 perhibet

304 2763 542 2802 Hexametri.
