1916 3190
228 239 313 282 238

430 255 475 292 Q.
508 254 720 285 nonA'rn
757 254 930 286 FnAccr
965 255 1239 288 CARM1NUM
1276 257 1370 288 mn.
1405 257 1437 289 1.
1468 248 1537 290 38.

399 348 604 404 Simplici
623 353 765 404 myrto
785 351 893 392 nihil
915 351 1136 393 allabores
1653 355 1682 394 5

397 415 606 468 Sedulus,
627 430 757 459 curo:
787 415 932 471 neque
954 423 997 459 te
1017 419 1263 460 ministrum

397 482 595 526 Dedecet
614 490 800 539 myrtus,
820 499 960 539 neque
981 499 1051 527 me
1073 486 1158 528 sub
1181 491 1306 528 arcta

738 551 847 593 Vite
872 553 1110 595 bibentem.

224 659 387 701 quicquum
400 660 549 693 laboriose
560 662 708 694 adhibeas
722 663 761 693 ad
777 666 912 704 myrtum
923 665 1030 695 solam.
1077 664 1187 705 Neque
1201 673 1273 696 vero
1288 662 1349 695 libi
1354 665 1477 703 famulo
1498 667 1617 705 myrtus
1626 653 1680 697 'in-

222 704 346 740 decora,
361 713 416 735 nec
429 703 507 736 mihi
520 705 628 736 subter
637 706 762 737 densam
776 707 870 737 vitem
881 707 1071 747 perpotanli.

835 798 1072 811 enoc-recem„

225 861 323 894 Hon.
345 863 492 895 Persicos
505 865 557 896 odi
571 887 579 896 .
590 887 599 896 .
613 885 622 895 .
633 869 781 897 moretur.

826 865 943 897 Pueri..
966 865 1110 907 Simplici
1123 870 1248 908 myrto?

1292 867 1392 899 Hon.
1410 866 1443 897 N
1446 865 1504 897 ihil
1517 863 1679 896 allabores.

223 905 339 937 Punn.
364 905 497 938 Sedulus
510 917 595 946 curo,
610 907 631 938 i.
647 917 677 938 e.
693 908 832 947 curabo,
848 913 887 940 ut
895 908 1009 949 jubes.
1054 908 1151 941 Hon.
1178 910 1286 950 Neque
1301 913 1342 948 te,
1356 911 1410 950 ⁸5⁶·
1454 908 1551 939 Unus
1568 906 1680 939 codex

223 947 439 988 Bersmanni,
455 949 535 980 nihil
549 950 591 980 ud
606 949 801 982 laborem—6
825 950 942 982 Bentl.
958 951 1092 982 emend.
1115 951 1249 983 Sedulus
1263 961 1354 990 curu,
1371 952 1392 982 i.
1407 959 1436 982 e.
1451 959 1537 982 cave
1551 960 1560 981 :

785 1002 820 1032 p.
835 995 911 1024 236.
928 992 989 1024 sed
1005 1002 1067 1034 pro
1082 993 1244 1026 ablativo.
1289 994 1423 1025 Sedulus
1437 1002 1520 1023 cure
1537 991 1635 1023 Harl.
1647 994 1680 1023 2.

223 991 339 1030 placet
356 991 494 1022 Klotzio
508 991 623 1022 Lectt.
639 992 767 1023 Venus.

1585 949 1678 991 quod

223 1038 260 1064 et
276 1033 379 1065 Bodl.
393 1043 450 1074 ap.
466 1033 583 1065 Bentl.
600 1038 636 1064 et
651 1034 700 1065 sic
716 1035 864 1075 Cuning.
877 1035 1004 1067 Sanad.
1016 1035 1134 1067 Jones.
1150 1040 1187 1067 et
1203 1036 1364 1075 Francis3
1390 1034 1524 1066 Sedulus
1537 1043 1607 1065 coro
1621 1043 1678 1065 co-

222 1075 290 1106 dex
306 1076 514 1114 Vossianus3
530 1076 715 1107 etVSedulus
726 1086 781 1108 oro
797 1077 988 1109 Petrensis.
1012 1077 1168 1114 Sedulus,·
1182 1079 1253 1109 ruri
1267 1088 1364 1119 neque
1379 1080 1410 1108 te
1421 1076 1556 1108 emend.
1569 1076 1678 1108 With.

223 1117 360 1149 Sedulus
373 1128 429 1149 cur
442 1128 472 1155 o,
488 1119 564 1158 &A
585 1119 652 1150 alia
666 1119 761 1160 conj.
776 1119 945 1151 With.—7
974 1119 1044 1152 Alt.
1061 1123 1092 1153 1.
1107 1131 1203 1161 neque
1219 1131 1266 1152 me
1282 1121 1436 1152 bibentem
1452 1119 1525 1151 Vite
1538 1119 1596 1150 sub
1609 1128 1680 1150 arc-

222 1163 279 1198 tu;
304 1160 361 1192 alii
375 1159 477 1192 codd.
492 1160 547 1192 sub
559 1164 651 1199 artu‚·
673 1167 711 1192 et
733 1162 781 1193 sic
797 1163 876 1194 vet.
898 1162 1019 1195 Comb.
1034 1164 1178 1195 Venett.
1199 1163 1318 1195 Bentl.
1341 1163 1435 1202 Jani,
1453 1161 1595 1194 Mitsclr.
1621 1160 1682 1192 Bi·

221 1207 318 1242 pont.
333 1203 480 1235 Wetzel.
497 1210 533 1234 et
547 1204 654 1236 Kidd.
699 1204 790 1236 Vide
802 1205 995 1238 Broukhns.
1011 1205 1054 1237 ad
1069 1206 1194 1238 Tibull.
1213 1215 1236 1238 r.
1251 1210 1283 1239 5.
1297 1209 1351 1238 53.
1369 1204 1546 1238 Drakenb.
1562 1203 1605 1236 ad
1618 1203 1678 1236 Sil.

221 1244 305 1279 Ital.
319 1255 386 1278 vn.
401 1249 476 1279 280.
497 1246 655 1278 stoeber.
670 1246 714 1279 ad
731 1248 851 1280 Manil.
869 1258 902 1290 p.
917 1251 993 1280 525.

874 1328 1017 1362 NOTAE

262 1404 282 1432 5
306 1400 449 1441 Simplici
463 1405 566 1443 myrto
580 1402 662 1434 nihil
676 1403 841 1443 allabores,
854 1402 925 1444 φὴ]

219 1450 317 1482 Nihil
333 1452 411 1483 volo
425 1457 556 1493 praeter
570 1457 732 1494 myrtum,
750 1453 865 1494 itaque
881 1462 924 1484 ne

219 1500 301 1542 quid
319 1501 409 1532 ultra
434 1511 590 1543 quaerere
613 1501 657 1533 ad
673 1502 824 1534 convivii
840 1503 923 1534 hila-

220 1551 358 1582 ritatem
374 1556 526 1593 satagas.
553 1552 724 1593 Intelligit
740 1557 852 1584 autem
869 1553 923 1584 vel

219 1601 322 1642 myrti
337 1610 479 1642 ramum,
495 1611 595 1643 quem
615 1602 694 1634 olim
710 1602 864 1634 convivae
878 1602 925 1634 al·

218 1655 275 1683 ter
298 1653 397 1684 alteri
413 1653 648 1694 porrigebant,
671 1662 766 1684 suam
782 1653 924 1695 quisque

218 1703 356 1735 edendo
371 1704 576 1735 cantilenam
590 1714 599 1736 ε
625 1713 670 1735 ex
685 1703 875 1735 Plutarcho
889 1703 923 1735 in

219 1754 377 1796 Sympos.
404 1760 441 1787 et
455 1755 612 1788 victorio
639 1764 720 1788 xvr.
745 1757 777 1786 2.
799 1754 858 1787 ubi
873 1755 923 1788 sic

218 1805 358 1837 scribit:
384 1806 394 1823 ‘
408 1806 476 1840 Qui
499 1805 533 1837 in
556 1805 722 1838 conviviis
745 1805 826 1837 olim
849 1814 922 1837 car-

218 1856 311 1887 mina
325 1857 523 1897 cantabant,
547 1860 699 1898 myrtum
721 1857 923 1898 laurumque

217 1915 320 1937 mann
349 1900 539 1946 tenebant3
563 1908 707 1943 laurum,
724 1906 780 1949 qui
806 1916 923 1938 versus

217 1955 423 1987 Homericos
442 1957 658 1996 recitarent;
681 1961 842 1997 myrtum,
865 1957 924 1998 qui

218 2005 379 2044 AEschyli,
391 2005 587 2046 Simonidis,
602 2005 811 2036 Stesichori!
856 2005 923 2036 Vel

217 2053 402 2095 implexam
416 2054 619 2094 simpliciter
634 2064 654 2086 e
667 2054 768 2095 myrti
785 2055 921 2085 surculo
946 2051 949 2053 ’

218 2112 389 2135 coronam.
434 2104 559 2135 Athen.
591 2104 650 2136 cit.
674 2114 738 2136 xv.
764 2108 795 2136 5.
814 2105 824 2122 ⁴
841 2104 920 2136 Jam

218 2153 298 2185 inde
336 2154 571 2195 voluptatibus
608 2155 715 2186 illecti
756 2154 920 2193 homines,

218 2208 348 2244 praeter
369 2213 444 2236 eam
469 2203 551 2244 vim,
581 2214 650 2246 qua
669 2204 846 2235 ebrietatis
872 2203 921 2234 in·

219 2250 405 2286 commodis
417 2254 573 2286 medetur
591 2264 717 2285 corona
733 2263 752 2285 e
767 2252 920 2294 floribus,

218 2306 397 2338 oculorum
418 2315 552 2348 quoqne
572 2311 609 2338 et
624 2306 755 2338 narium
771 2305 920 2337 delecta-

219 2356 347 2388 tionem
375 2356 642 2397 expetiverunt:
665 2365 706 2388 ac
731 2362 803 2388 tum
826 2364 920 2387 max-

219 2407 285 2438 ime
301 2415 462 2439 coronam
474 2411 654 2447 myrteam,
664 2415 740 2448 quae
752 2405 922 2446 astringit,

219 2463 255 2489 et
271 2457 340 2489 vini
353 2462 451 2490 arcet
461 2457 716 2495 exhalationes3
733 2461 804 2488 tum
817 2455 920 2487 etiam

219 2518 238 2540 e
256 2509 350 2549 rosis,
366 2518 441 2550 qnae
455 2507 660 2550 gravitatem
671 2506 796 2548 capitis
810 2505 920 2547 sedat,

220 2564 256 2589 et
270 2563 454 2590 aestuantes
466 2558 607 2600 potione
621 2555 920 2598 refrigerat,usur-

220 2608 369 2649 parunt!
411 2609 458 2640 Et
493 2618 569 2651 cap.
598 2610 632 2640 6.
668 2609 678 2626 ‘
693 2606 920 2639 Herostratus

219 2663 350 2703 myrtos
375 2659 546 2700 extemplo
566 2658 714 2691 virentes
739 2666 920 2691 consecra·

220 2709 271 2740 vit
297 2708 331 2739 in
357 2708 432 2740 aede
456 2709 617 2749 Veneris,
639 2709 780 2751 ejusque
805 2707 922 2740 dicata

219 2759 380 2800 imagine,
415 2760 684 2800 spectatissimos
721 2759 846 2791 clvium
876 2757 920 2790 ad

220 2812 358 2854 epulum
381 2811 513 2843 vocavit
529 2812 563 2843 in
580 2810 772 2849 delubrum,
789 2820 918 2843 eorum·

978 1413 1044 1445 que
1059 1404 1211 1445 singulos
1234 1412 1360 1448 corona
1375 1402 1516 1434 donavit
1530 1407 1680 1443 myrtea,

978 1463 1080 1495 qnam
1091 1454 1318 1486 Naucratiten
1332 1451 1576 1494 appellarunt!
1609 1453 1680 1484 Ad-

977 1502 1108 1545 ditque,
1124 1504 1207 1535 nihil
1220 1503 1310 1535 aliud
1323 1511 1395 1534 esse
1412 1511 1572 1534 coronam
1585 1501 1679 1534 illam

978 1553 1022 1585 ab
1034 1553 1252 1586 Anacreonte
1261 1557 1441 1595 gestatam,
1451 1557 1579 1593 praeter
1589 1563 1679 1594 myr-

978 1608 1068 1636 team
1086 1603 1233 1646 adjectis
1245 1605 1352 1636 rosis:
1378 1611 1562 1644 verumque
1575 1612 1611 1634 se
1627 1613 1680 1634 ar-

979 1653 1115 1692 bitrari,
1154 1653 1245 1695 quod
1275 1653 1429 1695 prodidit
1455 1652 1681 1693 Philaenides,

978 1714 998 1736 e
1012 1709 1124 1747 myrto
1148 1713 1310 1736 coronam
1337 1702 1423 1735 meri
1444 1711 1586 1744 vapores
1601 1712 1679 1744 pro-

977 1755 1120 1794 hibere3
1142 1764 1161 1786 e
1185 1754 1270 1785 rosis
1293 1758 1420 1793 autem,
1445 1750 1679 1794 refrigerando

979 1805 1046 1837 vim
1060 1805 1188 1836 habere
1203 1804 1356 1836 leniendi
1370 1803 1495 1845 capitis
1509 1802 1657 1835 dolores.

1020 1860 1042 1888 6
1057 1858 1166 1898 Neque
1187 1860 1220 1889 te
1242 1856 1424 1888 ministr-um
1435 1855 1574 1887 Dedecet
1593 1864 1679 1896 myr-

976 1908 1043 1950 tus]
1063 1908 1116 1939 Tu
1138 1916 1273 1949 quoque
1292 1907 1374 1939 satis
1397 1906 1543 1938 decorus
1566 1909 1603 1937 et
1625 1914 1679 1937 or—

977 1964 1075 1990 natus
1097 1958 1178 1990 mihi
1202 1957 1366 1990 videbere
1385 1955 1531 1997 simplici
1554 1960 1679 1996 myrto,

975 2017 1052 2039 cum
1068 2007 1150 2039 mihi
1160 2007 1295 2048 potanti
1308 2006 1527 2038 ministrabis.
1557 2004 1678 2037 Persae

976 2060 1095 2088 contra
1110 2066 1203 2087 more
1219 2066 1279 2087 suo
1298 2057 1462 2088 luxuriosi
1477 2066 1602 2097 pueros
1618 2065 1679 2088 seu

975 2105 1147 2137 ministros
1171 2105 1204 2135 in
1229 2106 1392 2136 conviviis
1414 2105 1580 2145 optabant
1603 2114 1679 2136 suc-

975 2155 1107 2186 cinctos
1134 2158 1170 2185 et
1193 2153 1401 2184 lemniscatis
1424 2154 1559 2183 coronis
1579 2162 1679 2184 exor-

975 2211 1087 2237 natos.
1133 2203 1233 2236 Alex.
1249 2203 1292 2234 ab
1308 2202 1409 2234 Alex.
1428 2211 1460 2233 v.
1473 2204 1528 2233 21.
1555 2201 1603 2233 ait
1620 2211 1677 2242 pa-

975 2255 1080 2295 riter;
1105 2255 1239 2287 ‘Festis
1261 2253 1381 2285 diebus
1404 2257 1583 2284 coronatos
1598 2261 1676 2283 cum

974 2304 1145 2337 lemniscis
1183 2309 1319 2336 veteres
1358 2303 1490 2344 epulari
1534 2311 1675 2334 consue-

974 2354 1084 2394 visse3
1105 2352 1239 2385 fercula
1261 2361 1397 2394 qnoque
1419 2351 1565 2383 lautiora
1584 2361 1604 2382 a
1619 2361 1676 2383 co-

974 2404 1106 2436 ronatis
1134 2403 1217 2435 item
1242 2402 1404 2434 ministris
1432 2400 1547 2433 afferri
1575 2402 1677 2433 solita

974 2464 1050 2486 cum
1080 2459 1182 2487 cantu
1212 2457 1249 2485 et
1277 2452 1440 2484 tibicine:
1489 2451 1675 2484 Athenaeus

975 2509 1089 2537 autem
1113 2513 1174 2536 xv.
1191 2506 1244 2536 10.
1269 2513 1311 2535 ex
1334 2503 1525 2535 Philoxeno
1546 2503 1597 2534 sic
1622 2512 1676 2535 re-

975 2554 1065 2588 fert:
1089 2555 1100 2573 ‘
1112 2554 1215 2597 Aqua
1228 2553 1382 2586 lavandis
1398 2553 1552 2585 manibus
1568 2553 1676 2585 allata

974 2610 1047 2639 est:
1085 2605 1316 2637 molliusculus
1346 2603 1480 2645 puellus
1508 2609 1675 2644 argenteo

974 2661 1075 2699 gutto
1097 2664 1197 2698 quem
1221 2654 1362 2686 tenebat
1382 2651 1525 2685 affudit:
1549 2652 1673 2685 deinde

974 2716 1116 2739 coronas
1133 2705 1274 2737 advexit
1289 2709 1409 2736 tenues
1425 2713 1445 2735 e
1461 2703 1554 2744 puris
1569 2704 1673 2744 myrti

974 2757 1088 2794 ramis,
1102 2765 1226 2798 magno
1239 2755 1356 2787 labore
1371 2753 1576 2786 contextas.'

1016 2811 1036 2839 ¹1
1055 2807 1163 2848 Neque
1177 2816 1224 2839 me
1238 2805 1294 2838 sub
1308 2808 1396 2837 arcta
1417 2804 1490 2837 Vite
1504 2802 1671 2843 bibentem]
