1916 3190
301 247 385 289 510

774 261 820 298 Q.
854 260 1063 291 HORATII
1100 259 1277 290 FLAGG!

952 352 983 384 N
989 351 1092 384 01¹AE

299 425 375 456 illas
392 435 521 466 omnes,
537 434 578 457 ac
593 425 680 458 duce
696 426 816 466 Agave
832 436 913 458 saxa
930 427 999 467 pri-

299 484 389 506 mum
401 475 534 506 molitas
545 475 579 506 iu
592 485 667 507 eum
682 476 896 516 contorsisse,
909 481 996 517 post-

299 533 341 555 ea
358 533 437 555 vero
452 523 558 565 ipsam
572 524 727 556 arborem
741 525 904 556 radicitus
917 534 996 556 con·

300 574 447 605 cussisse
462 583 502 605 ac
517 573 655 605 tandem
671 575 908 614 prostravisse.

343 627 382 655 1⁷
406 625 472 655 Aut
499 625 609 655 humili
635 625 738 666 nwdo]
772 625 919 658 Quidam
950 626 996 657 le·

298 679 402 715 gunt:
423 674 538 705 humile
550 675 651 706 modo.
682 695 691 703 .

341 726 382 755 18
408 724 505 755 Dulce
514 724 682 764 periculum
694 723 755 764 est]
778 725 858 756 Scio
869 734 923 756 me
938 734 996 764 pe·

296 774 478 804 riculosum
509 776 642 804 tentare
663 782 748 813 opus
772 778 807 804 et
828 773 968 804 arduum
985 784 995 812 ;

297 828 334 855 at
345 823 434 855 duce
450 824 525 855 Deo
539 832 604 854 non
621 823 798 864 indignum
814 823 995 855 immortali

298 872 435 904 Caesare
451 881 587 904 carmen
603 873 714 904 edam.
909 901 915 906 ,

341 924 382 953 19
402 920 530 962 Lenoee]
547 922 657 953 Unum
671 926 724 952 est
740 930 759 952 e
774 920 901 953 Bacchi
913 930 993 961 cog-

1050 426 1256 462 nominibus,
1271 426 1333 457 ἆπδ
1342 426 1400 457 τοῦ
1413 425 1698 465 animator-calari,
1714 426 1747 456 in

1049 485 1116 517 quo
1146 476 1259 507 vinum
1295 477 1512 517 exprimitur.
1554 476 1607 507 Ex
1643 475 1747 507 Diod.

1048 525 1118 557 Sic.
1149 534 1197 556 ιν.
1223 529 1256 556 5.
1285 529 1319 556 et
1350 535 1381 556 v.
1403 527 1434 556 1.
1483 526 1639 557 Donatus
1669 533 1748 565 per·

1049 585 1165 616 peram
1184 575 1340 606 Latinam
1356 579 1568 606 commentus
1582 580 1635 605 est
1647 575 1748 615 origi-

1047 635 1137 661 nem,
1154 635 1172 656 a
1199 627 1208 643 ‘
1219 624 1400 656 leniendo-²
1431 624 1495 656 Cui
1509 629 1546 656 et
1558 623 1749 665 refragatur

1046 677 1187 708 Servius
1205 678 1241 708 in
1258 677 1378 716 Virgil.
1393 676 1522 716 Georg.
1538 684 1579 707 n.
1594 679 1628 707 4.
1658 668 1662 672 ⁴

1091 730 1132 758 20
1158 726 1342 766 cingentem
1361 726 1460 757 viridi
1473 729 1610 765 tempora
1627 723 1747 764 pampi-

1046 777 1101 817 no]
1129 775 1206 807 Hoc
1229 781 1265 807 et
1281 785 1359 807 suos
1377 775 1533 814 clientes,
1547 780 1584 805 et
1598 774 1746 814 seipsum

1046 834 1213 856 coronare
1243 829 1334 856 amat
1362 823 1531 855 Bacchus.
1574 821 1670 854 Infra
1695 831 1747 853 iv.

1048 873 1119 905 od.
1133 876 1166 905 8.
1182 875 1192 892 ‘
1205 873 1357 906 Ornatus
1371 873 1472 906 viridi
1484 878 1640 914 tempora
1655 880 1747 912 pam-

1048 922 1152 963 ωηο)

844 1049 974 1092 ODE
1019 1050 1214 1093 XXVI.

844 1168 911 1197 AD
949 1167 1203 1198 VENEREM.

341 1251 506 1283 Horatius
522 1261 617 1293 pa‘ne
633 1253 795 1284 emeritus
811 1253 991 1294 Cupidinis
1014 1254 1124 1294 miles,
1141 1263 1235 1295 aegre
1252 1259 1366 1287 tamen
1382 1254 1534 1287 militiam
1549 1251 1704 1284 dimittit.

358 1304 502 1347 (Amare
518 1315 555 1337 se
572 1305 760 1337 desiturum
773 1306 836 1346 ait,
852 1305 977 1338 Chloiis
993 1315 1125 1347 poenam
1143 1307 1366 1348 imprecatur,
1379 1312 1418 1339 nt
1431 1311 1533 1338 amet.
1558 1303 1674 1345 Gen.)

522 1379 647 1420 V1x1
674 1381 834 1432 puellis
854 1394 995 1434 nuper
1012 1381 1213 1432 idoneus,

520 1445 576 1486 Et
595 1445 781 1486 militavi
801 1459 888 1486 non
909 1447 1006 1486 sine
1029 1447 1194 1498 gloria3

579 1511 713 1552 Nunc
733 1524 856 1552 arma
874 1511 1216 1566 defunctumque
1238 1512 1355 1553 bello

635 1578 852 1618 Barbiton
871 1577 945 1619 hic
966 1579 1114 1631 paries
1134 1578 1333 1627 habebit,

341 1695 438 1726 Haud
461 1696 508 1726 ita
521 1696 645 1735 pridem
659 1696 804 1735 vigebam
817 1700 910 1737 aptus
922 1695 1110 1736 virginibus,
1124 1706 1180 1727 nec
1194 1696 1350 1735 inglorius
1363 1697 1483 1728 belluni.
1522 1698 1599 1729 Jm
1612 1706 1700 1729 αηιια
1715 1700 1747 1728 et

293 1736 491 1776 perfunctam
511 1738 629 1770 militia
649 1738 712 1769 ista
727 1740 828 1779 lyram
846 1739 963 1770 tenebit
978 1748 1085 1769 murus
1099 1739 1152 1770 ille
1167 1739 1221 1779 qui
1235 1739 1332 1779 stipat
1347 1739 1430 1770 latus
1442 1739 1603 1770 uinum
1619 1738 1748 1772 Vena-2·-

896 1821 1132 1834 oooooooooo

338 1873 417 1905 Ode
433 1874 582 1906 secunda
605 1872 698 1907 Libri
715 1876 831 1917 quarti
855 1875 890 1907 in
916 1876 982 1908 Ed.
995 1876 1122 1908 Sanad.
1169 1876 1422 1908 Inscribiturin
1438 1875 1639 1918 quibusdam
1659 1879 1744 1907 vett.

946 1959 1087 1992 NOTAE

314 2020 466 2051 Metrum
482 2022 570 2054 idem
587 2023 677 2064 quod
694 2033 798 2064 supra
813 2033 840 2055 ι.
854 2023 923 2056 Od.
936 2025 968 2057 9.

336 2071 352 2098 1
379 2070 500 2101 Puellis
529 2082 625 2112 nuper
646 2073 787 2115 idoneus]
807 2074 884 2106 Jam
911 2083 991 2105 vero

293 2126 397 2148 annos
414 2120 639 2159 quadraginta
669 2130 769 2154 natus
794 2124 836 2154 ab
851 2123 900 2153 eis
913 2132 991 2154 con-

292 2173 447 2199 temnor:
466 2177 571 2208 quare
587 2170 629 2200 ab
646 2171 712 2201 ista
725 2172 846 2202 militia
859 2181 991 2203 cessare

292 2215 400 2254 debeo
424 2216 459 2247 in
487 2223 671 2258 posterum.
715 2220 804 2250 Vide
831 2229 856 2250 1.
876 2223 928 2251 19.
955 2227 990 2252 et

294 2274 344 2297 lv.
361 2264 429 2296 Od.
446 2269 477 2297 l.

338 2317 358 2346 2
381 2314 539 2355 Militant]
561 2315 664 2347 Ovid.
681 2315 756 2348 Art.
771 2316 848 2348 Am.
870 2317 880 2334 ⁴
897 2317 990 2348 Mili-

294 2369 347 2396 tat
361 2365 468 2396 omnis
482 2374 615 2396 amans:
638 2370 675 2396 et
685 2365 790 2397 babet
801 2375 862 2397 sua
877 2371 992 2397 castra

295 2413 456 2454 Cupido!

337 2467 357 2495 3
382 2465 476 2496 Nunc
500 2464 682 2506 armasset]
704 2465 781 2502 Jam
806 2465 994 2506 abjicienda

294 2513 376 2544 mihi
401 2519 481 2545 sunt
503 2524 607 2555 arma,
621 2521 737 2555 atque,
751 2524 794 2546 ex
815 2524 910 2546 more
924 2525 994 2546 sus-

294 2562 478 2604 pendenda
493 2564 526 2595 in
543 2565 671 2605 templo
682 2564 837 2604 Veneris,
853 2563 993 2606 funalia,

295 2618 425 2653 vectes,
437 2623 547 2647 arcus.

337 2666 357 2694 4
382 2663 551 2704 Barbiton]
575 2664 701 2695 Versus
714 2663 840 2705 lyricos
851 2669 888 2696 et
903 2675 992 2696 ama·

294 2712 412 2744 torios.

297 2760 364 2794 od.
382 2764 411 2793 1.

455 2714 511 2746 De
526 2722 567 2745 eo
582 2714 810 2747 instrumento
821 2716 950 2748 musico
964 2725 990 2747 1.

1089 2023 1203 2054 Par-ies
1225 2022 1347 2054 habebit
1378 2022 1504 2054 ιωοιιηι
1541 2022 1669 2055 marino
1691 2023 1744 2064 φη·

1050 2076 1179 2108 Veneris
1198 2077 1282 2109 latus
1298 2075 1457 2116 Custodit]
1480 2074 1571 2108 Quia
1590 2074 1744 2107 fortuna·

1046 2129 1099 2156 tus
1113 2123 1162 2155 fui
1178 2125 1212 2156 in
1224 2134 1265 2156 ea
1279 2124 1422 2156 Veneris
1436 2124 1569 2166 militia,
1580 2124 1659 2157 hinc
1667 2125 1743 2156 volo

1045 2173 1208 2214 suspendi
1231 2183 1323 2205 arma
1346 2182 1424 2205 mes
1446 2182 1596 2213 congruo
1616 2173 1691 2206 loco
1706 2177 1743 2205 et

1044 2232 1131 2254 meae
1146 2222 1322 2254 felicitatis
1340 2222 1464 2255 indice.
1486 2222 1659 2254 Videlicet
1673 2228 1744 2255 sta-

1044 2275 1111 2301 tuae
1140 2271 1288 2303 Deorum
1310 2272 1495 2304 Meridiem
1522 2271 1744 2313 aspiciebant,

1044 2320 1254 2360 proindeque
1290 2322 1458 2353 occasum
1495 2323 1665 2356 habebant
1699 2322 1742 2353 nd

1043 2367 1211 2407 dextram,
1227 2369 1351 2400 Ortum
1369 2370 1412 2400 ad
1427 2370 1616 2401 sinistram:
1641 2379 1743 2410 porro

1045 2425 1088 2447 ex
1105 2417 1248 2447 Etrusca
1263 2416 1442 2456 disciplina
1466 2427 1542 2458 pars
1557 2418 1743 2450 Orientali·

1045 2464 1126 2496 boni
1141 2464 1260 2496 ominis
1275 2469 1361 2504 erat,
1372 2465 1517 2506 ideoque
1527 2465 1640 2498 fausta
1651 2477 1743 2508 quae-

1045 2514 1131 2545 libet
1157 2513 1200 2544 ad
1229 2519 1342 2545 ortum
1368 2515 1510 2554 auguria
1530 2520 1567 2546 et
1588 2516 1743 2557 auspicia

1046 2563 1267 2595 habebantur.
1312 2563 1411 2594 Unde
1429 2563 1550 2605 Vin-gil.
1571 2564 1581 2581 ‘
1593 2564 1743 2598 intonuit

1045 2612 1194 2645 laevum.'
1237 2613 1304 2644 Seu
1329 2613 1420 2655 quod
1444 2622 1486 2645 ea
1507 2618 1584 2646 erat
1605 2614 1743 2648 Horatii

1045 2666 1167 2697 dextra
1183 2665 1225 2696 ad
1241 2665 1385 2697 Veneris
1401 2665 1580 2707 imaginem
1598 2676 1743 2700 conver·

1045 2716 1093 2747 si:
1117 2720 1154 2747 et
1183 2724 1261 2755 pars
1287 2724 1421 2757 quoque
1450 2717 1573 2757 templi
1599 2716 1741 2756 dextrn;

1046 2773 1123 2806 qum
1146 2763 1283 2806 quidem
1306 2774 1442 2807 semper
1463 2757 1547 2803 felix
1569 2770 1740 2799 censetur.
