1916 3190
231 224 318 266 334
729 239 773 277 Q.
807 239 1018 270 uouA'ru
1057 239 1230 273 lunico}

466 331 724 373 Summovet
743 333 871 373 lictor
892 333 1074 373 miseros
1096 333 1307 373 tumultus

470 398 652 449 Mentis,
672 403 715 440 et
735 412 866 440 curas
887 400 1096 453 laqueata
1116 401 1283 442 circum

808 466 953 508 Tecta
975 468 1185 510 volantes.

465 532 643 575 Vivitur
662 547 802 588 parvo
822 535 946 585 bene,
968 537 1042 576 cui
1064 540 1292 590 paternum

467 601 684 656 Splendet
704 602 749 643 in
771 615 924 643 mensa
944 603 1067 644 tenui
1092 603 1282 645 salinum
1299 617 1309 655 ;

1638 332 1694 372 10

236 761 352 791 graves
365 753 462 784 animi
477 754 584 786 turbas
598 765 635 786 ac
648 755 862 786 solicitudine-1
875 755 958 786 circa
970 755 1090 795 palatia
1105 755 1299 796 laquearibus
1309 757 1420 785 ornata
1435 738 1614 785 volita'nees.
1660 749 1702 780 Ei

231 794 319 832 felix
333 799 379 827 est
393 806 410 827 e
424 797 542 828 modico
566 798 644 838 vita,
657 798 708 829 cui
722 799 872 837 majorum
885 798 1019 829 salinum
1041 798 1152 829 rutilat
1170 798 1202 829 in
1214 798 1343 837 frugali
1364 807 1469 828 mensa
1479 807 1490 827 .·
1505 805 1599 836 neque
1614 798 1701 825 tran-

853 903 1013 916 O‘nm‘
1017 903 1094 916 ”Off

244 987 342 1016 auro,·
365 981 402 1009 et
422 977 473 1009 ita
491 978 596 1018 Cruq.
612 979 771 1011 Torrent.
791 981 908 1012 Bentl.
934 980 1080 1012 Wetzel.
1096 979 1229 1011 Wakef.
1246 985 1284 1010 et
1299 979 1495 1011 niam—10
1516 980 1527 998 ‘
1541 979 1706 1011 Tumultus

245 1021 438 1070 majusculo
457 1020 486 1051 T
498 1021 608 1053 edidit
630 1022 719 1052 Sivr.
735 1032 800 1053 non
817 1023 921 1062 bene,
943 1023 1082 1063 opinor;
1107 1023 1233 1053 rectius
1249 1031 1327 1052 mox
1343 1023 1457 1060 Cur-us,
1471 1021 1707 1062 praeeuntibus

245 1063 391 1103 ⁰¹¹¹¹¹¹¹g'
406 1063 703 1137 “zeitmss'dffiia
727 1065 848 1139 :5:⁴31
856 1066 960 1138 ‘22⁸¹‘
975 1065 1271 1145 ffii‘isshaassssssissrti
1288 1063 1708 1138 ³²5.?⁴2‘‡¹²5.¹.zt¹13e{'¹;:⁶1

245 1109 414 1189 3¹¹3?th
445 1116 590 1190 Fuitpet,
606 1150 665 1191 qui
681 1116 742 1191 ρξο
757 1129 808 1182 cui
821 1117 1106 1193 conjffli'ret‘ium.
1149 1151 1158 1166 ‘
1173 1151 1252 1182 Non
1268 1116 1432 1191 onusges't
1446 1148 1596 1181 talibus?
1618 1114 1712 1179 δαεὶ-

905 1256 1054 1289 NOTAE

246 1333 328 1361 ante
345 1329 527 1362 Consulem
555 1330 706 1372 aliosque
730 1330 953 1371 magistratus

247 1383 319 1410 tum
335 1379 471 1410 honoris
489 1389 593 1410 causa
609 1385 681 1411 tum
698 1382 952 1413 summovendae

247 1429 359 1461 turbae
377 1429 487 1468 gratia
506 1430 719 1470 praecedens,
742 1430 953 1471 Imperiique

247 1479 394 1519 iusignia
416 1479 531 1511 fasces
547 1484 584 1511 et
598 1489 737 1511 secures
755 1479 953 1520 praeferens.

249 1529 326 1562 Liv.
341 1538 399 1562 111.
415 1532 471 1563 48.
494 1530 504 1547 ‘
521 1529 679 1570 1,lict0r‚
697 1538 872 1562 summove
885 1528 955 1560 tur'-
1051 1532 1227 1563 Paternum
1241 1531 1389 1571 Splendet
1402 1531 1436 1562 in
1447 1540 1550 1562 mensa
1563 1529 1650 1562 tenui
1663 1540 1713 1561 sa-

254 1579 359 1612 bam-⁵
1007 1581 1122 1621 linum]
1145 1581 1295 1622 Egregie
1311 1581 1423 1612 locum
1444 1580 1534 1612 hunc
1560 1580 1715 1611 illustrat

295 1634 338 1663 10
359 1630 498 1662 Miseros
511 1631 664 1662 tumultus
680 1630 819 1671 Mentis]
844 1629 958 1662 Animi
1008 1631 1159 1662 Turneb.
1184 1639 1220 1662 x.
1244 1633 1297 1661 22.
1342 1630 1505 1671 Insulsus,
1527 1629 1651 1672 inquit.
1668 1629 1717 1661 vi-

251 1679 544 1723 perturbationes,
559 1685 700 1716 metum,
716 1681 814 1720 iram,
827 1681 959 1721 cupidi·
1011 1680 1135 1712 deatur
1171 1689 1302 1716 sensus.
1329 1679 1394 1711 nisi
1429 1680 1600 1721 intelligas
1637 1679 1716 1711 salis

1008 1341 1075 1373 que
1094 1341 1155 1362 sua
1170 1331 1369 1363 conditione
1388 1330 1565 1364 mediocri.
1609 1330 1711 1362 Unde

1010 1386 1168 1422 pacatum
1199 1382 1293 1422 capit
1317 1391 1484 1421 somnum,
1512 1391 1612 1422 quem
1645 1391 1709 1411 non

1009 1431 1228 1471 interrumpit
1261 1432 1313 1462 vel
1344 1431 1490 1468 habendi
1527 1430 1712 1471 cupiditas,

1010 1481 1064 1512 vel
1081 1481 1182 1512 timor
1196 1480 1374 1522 perdendi.

253 1736 378 1772 tatem,
401 1731 526 1773 quibus
545 1731 650 1762 miser
671 1732 773 1763 homo
798 1730 960 1771 efficitur,

252 1782 389 1825 quando
405 1791 441 1814 se
455 1781 523 1813 illis
543 1781 610 1813 huc
627 1781 709 1813 illuc
736 1780 877 1813 distrahi
901 1791 960 1822 pa-

252 1835 354 1873 titur,
365 1836 402 1864 et
417 1831 631 1863 discruciari.
653 1829 848 1867 Tumultus,
865 1831 961 1873 quasi

254 1883 359 1915 timor
371 1882 512 1913 multus.

300 1934 341 1963 11
366 1931 468 1962 Cur-as
491 1932 636 1970 laqueata
658 1930 776 1961 circum
795 1930 889 1962 Tecta
909 1941 963 1962 vo-

255 1979 372 2020 lantes]
393 1980 533 2011 Palatia
548 1980 691 2011 divitum
705 1981 794 2011 curis
806 1980 963 2013 obsiden-

258 2035 332 2062 tur:
349 2034 385 2061 et
400 2039 468 2070 quo
486 2029 633 2070 majores
657 2029 782 2061 adsunt
799 2040 895 2071 opes,
922 2040 963 2062 eo

257 2080 374 2122 plures
389 2083 426 2111 et
440 2079 614 2119 graviores
630 2079 841 2111 comitantur
862 2084 965 2120 atque

258 2133 388 2170 urgent
409 2138 513 2168 curae,
529 2129 625 2169 quasi
648 2138 709 2160 cor
729 2133 879 2165 urentes,
895 2130 966 2162 dic-

260 2184 320 2212 tae.
360 2179 473 2211 Tacit.
495 2182 505 2196 ⁴
521 2178 659 2210 Invidia
674 2188 805 2210 summa
823 2189 967 2221 quaeque

262 2228 405 2272 appeti-¹
417 2228 577 2262 Juvenal.
588 2228 661 2260 Sat.
674 2237 751 2260 xm.
765 2231 840 2261 303,
861 2230 967 2260 ‘Tan-

263 2281 310 2312 tis
326 2285 426 2321 parta
440 2279 539 2310 malis
555 2288 637 2310 cura
657 2278 786 2319 majore
804 2283 967 2319 metuque

263 2330 469 2362 Servantur.
513 2328 645 2359 Misera
659 2333 712 2360 est
727 2328 840 2370 magni
853 2334 968 2360 custo-

262 2379 324 2411 dia
340 2377 486 2411 census!
508 2377 580 2410 Cic.
592 2387 636 2409 11.
649 2377 693 2410 de
704 2379 825 2420 Legit).
847 2380 857 2397 ‘
871 2379 969 2420 Mag-

265 2429 387 2474 nificus
416 2428 526 2469 villas,
548 2429 747 2470 pavimenta
771 2438 971 2468 marmorea,

267 2484 304 2512 et
315 2480 479 2521 laqueata
493 2483 590 2511 tecta
604 2479 810 2511 contemno!

312 2534 353 2563 12
381 2530 546 2571 Voluntas]
566 2529 731 2572 Φροντίδες
755 2529 853 2572 πτερὰ
882 2529 973 2571 ἔχου-

269 2592 335 2620 σαι,
347 2581 414 2612 alas
428 2580 574 2612 habentes
583 2590 679 2613 σανα.
721 2581 902 2621 Theognis.

315 2633 355 2662 13
385 2631 512 2662 Vivitur
522 2641 622 2673 parvo
638 2631 723 2672 bene,
731 2632 793 2672 cui,
801 2631 873 2672 ξω]
888 2632 974 2664 Con-

271 2683 329 2712 tra
343 2690 426 2712 vero
449 2682 563 2713 laetam
579 2681 678 2714 ducit
701 2682 759 2714 ille
774 2683 890 2718 vitam,
907 2682 975 2723 qui,

273 2738 381 2771 parvo
400 2735 597 2772 contentus,
619 2731 786 2764 modicam
808 2732 977 2773 supellec-

272 2779 371 2812 tilem
384 2783 419 2812 et
435 2789 588 2813 mensam
604 2782 687 2813 satis
703 2781 820 2818 babet.
835 2781 978 2823 gaudet-

1013 1731 1092 1762 olim
1117 1730 1287 1772 quandam
1315 1729 1349 1760 in
1376 1739 1494 1760 menna
1517 1729 1715 1772 religionem

1016 1780 1134 1820 fuisse,
1146 1780 1236 1812 unde
1253 1778 1350 1822 ἱεροὺς
1358 1778 1440 1811 ἅλας
1449 1779 1566 1812 Graeci
1577 1779 1695 1816 dieunt
1707 1791 1716 1812 ι

1017 1837 1054 1864 et
1076 1831 1252 1873 appositus
1273 1831 1321 1862 sal
1345 1840 1496 1863 incusam
1515 1838 1720 1865 consecrare

1017 1882 1210 1914 videbatur.
1233 1880 1361 1914 Arnob.
1372 1881 1430 1913 lib.
1447 1890 1487 1914 n.
1507 1881 1650 1913 ‘Sacras
1668 1879 1720 1923 fa-

1017 1933 1095 1964 citis
1123 1942 1255 1964 mensas
1281 1931 1463 1963 salinorum
1488 1930 1661 1972 appositu,
1683 1930 1720 1962 e't

1018 1982 1206 2014 simulacris
1226 1982 1404 2014 Deorum!
1446 1981 1514 2013 Sed
1531 1986 1646 2012 tamen
1661 1990 1722 2021 po-

1017 2033 1185 2064 tissimum
1209 2037 1347 2064 tenuem
1368 2036 1405 2063 et
1428 2041 1568 2074 parcum
1592 2039 1722 2072 paupe-

1019 2092 1161 2124 remque
1190 2083 1319 2113 victum
1357 2082 1522 2114 Horatius
1551 2080 1723 2123 siguificat

1019 2131 1191 2163 hominum
1215 2140 1277 2172 pro
1301 2131 1442 2163 obsonio
1465 2133 1571 2163 salem
1592 2132 1722 2170 lingen-

1021 2182 1121 2220 tium,
1137 2181 1230 2223 quod
1254 2190 1425 2222 pauperes
1441 2182 1520 2213 olim
1537 2180 1724 2219 faciebant,

1021 2236 1060 2263 nt
1083 2231 1175 2272 apud
1197 2231 1296 2263 Pers.
1312 2231 1385 2263 Sat.
1400 2240 1435 2263 v.
1458 2232 1469 2249 ⁴
1486 2231 1593 2271 Varo,
1609 2238 1723 2270 regus-

1022 2285 1131 2311 tatum
1149 2280 1255 2320 digito
1271 2281 1449 2312 terebrare
1471 2281 1614 2312 salinum
1636 2279 1726 2311 Cou-

1022 2333 1136 2361 tentus
1152 2339 1295 2370 perages
1306 2330 1329 2360 ?'
1382 2330 1461 2362 Huc
1478 2339 1584 2372 usque
1596 2329 1725 2360 Turne-

1023 2379 1099 2411 bus.
1137 2379 1289 2410 Salinum
1307 2389 1388 2411 vero
1403 2380 1581 2421 proecipue
1597 2389 1725 2411 memo-

1024 2434 1078 2461 rat
1100 2428 1291 2469 Horatius;
1315 2433 1388 2461 tum
1413 2429 1491 2471 quia
1515 2430 1626 2471 primo
1649 2430 1725 2461 loco

1025 2479 1112 2512 solet
1143 2479 1286 2520 apponi:
1311 2484 1382 2511 tum
1413 2479 1604 2521 praesertim
1634 2477 1726 2520 quod

1025 2535 1160 2562 veteres
1185 2530 1309 2570 poculo
1324 2534 1361 2561 et
1383 2529 1493 2561 salino
1510 2539 1530 2560 a
1545 2528 1728 2570 majoribus

1027 2583 1173 2621 accepto
1188 2580 1337 2611 libenter
1353 2580 1551 2611 utebantur.
1593 2579 1640 2610 Et
1654 2579 1728 2620 qui—

1028 2631 1091 2663 bus
1117 2630 1242 2662 nullum
1265 2635 1341 2662 erat
1367 2634 1566 2671 argenteum
1583 2638 1655 2671 vas,
1678 2638 1729 2661 sa·

1029 2682 1135 2713 linum
1165 2685 1279 2712 tamen
1307 2691 1349 2712 ex
1378 2686 1519 2723 argento
1547 2680 1731 2712 habebant.

1031 2732 1083 2763 Ex
1113 2730 1236 2773 quibus
1265 2731 1506 2772 intelliguntur
1534 2731 1587 2762 hae
1617 2738 1730 2768 voces,

1031 2782 1169 2823 splendet
1185 2786 1221 2813 et
1233 2785 1409 2822 paternum.
