1916 3190
286 248 372 291 542
887 259 1153 292 Excunsns

278 352 396 394 pellu‘¹
420 351 551 394 profert
576 352 819 394 Cuningamius
841 353 862 383 l.
879 353 902 385 l.
935 361 1000 384 nec
1027 352 1175 395 dubitat,
1195 352 1278 395 quin
1303 353 1339 386 in
1365 362 1407 386 eo
1433 357 1471 386 et
1494 353 1657 388 Graecum
1679 355 1740 388 nli-

279 415 379 447 quem
396 405 541 438 Poetam
552 406 772 448 Lyricmn,'et
788 406 971 438 Horatium
985 407 1042 438 ille
1058 407 1104 439 sit
1115 406 1278 439 imitatus.
1302 407 1450 447 Deinde,
1464 408 1546 440 licet
1559 407 1742 440 Diomedes

281 458 546 496 Grammaticus,
569 469 602 501 p.
615 462 690 491 510.
707 465 742 491 et
757 461 833 490 524.
858 459 1003 490 Putsch.
1030 459 1175 500 primum
1201 459 1308 492 nostri
1337 460 1504 492 Carminis
1530 469 1667 494 versum
1693 462 1743 494 ita

279 511 421 543 laudet:
445 512 668 544 ‘Miserarum
685 517 750 552 est,
766 521 831 544 nec
854 512 960 543 amori
987 512 1072 544 dare
1096 512 1252 545 ludum2'
1275 517 1312 545 et
1326 523 1361 555 p.
1372 516 1449 546 524.
1476 514 1612 557 quidem
1637 515 1743 547 addat

280 565 401 597 etism:
426 566 437 583 ‘
451 574 567 597 omnes
584 570 654 597 tres
671 565 776 607 pedes
799 565 912 598 Ionici
935 565 1051 605 sunt3’
1075 569 1188 598 tamen
1213 567 1434 607 sagacissime
1457 567 1651 609 suspicetur
1674 568 1743 599 Cu-

279 618 487 659 ningamius,
501 619 593 650 locos
619 618 797 650 mendosos
823 627 912 659 esse,
927 612 1208 661 legendumque:
1233 619 1243 636 ‘
1258 619 1461 651 Miserarum
1477 623 1544 660 est,
1557 629 1621 652 nec
1637 621 1744 652 amori

281 670 364 703 dare
378 671 509 712 ludum,
523 680 632 713 neque
645 671 774 711 dulci3'
799 672 808 689 ‘
823 681 939 703 omnes
953 677 1102 713 quatuor
1116 671 1222 713 pedes
1239 671 1313 714 (vel
1328 672 1432 710 nude,
1445 674 1456 691 ‘
1467 681 1584 704 omnes
1599 672 1706 714 pedes
1717 672 1745 713 ’)

282 723 391 755 Ionici
406 727 485 755 sunt
496 722 527 762 ;'
549 733 626 765 quae
649 723 696 758 ⁴ab
721 724 971 764 interpolatore
986 728 1120 756 mutata
1136 724 1218 765 sint,
1232 724 1323 766 quod
1345 725 1380 756 in
1396 725 1546 766 vulgatis
1560 724 1661 757 codd.
1676 723 1744 765 pri-

281 785 373 807 mum
389 785 524 808 versum
538 776 746 809 'trimetrum
762 786 838 809 esse
854 777 1009 810 vidisset.
1051 778 1241 810 Verissima
1258 787 1340 810 sane
1363 777 1531 819 suscipio!
1578 777 1668 810 Nam
1682 777 1704 808 Ι.
1721 778 1749 809 l.

282 839 317 871 p.
332 831 411 860 624.
431 828 523 860 idem
541 829 741 867 Diomedes,
764 834 773 848 ‘
787 829 865 862 Ode
881 829 968 863 xri!
989 829 1112 872 inquit,
1134 830 1144 848 ‘
1157 830 1314 862 lonicum
1330 834 1474 862 metrum
1489 829 1608 866 hebet,
1632 834 1669 861 et
1684 838 1746 870 per

283 883 435 923 singulos
451 891 567 914 versus
582 882 783 923 scanditur,'
805 881 837 912 11.
851 890 884 912 e.
906 890 1027 912 omnes⁴
1039 881 1076 912 in
1086 891 1128 913 ea
1141 891 1260 913 versus
1285 882 1413 913 similes
1434 882 1523 914 inter
1538 891 1576 914 se
1591 891 1632 914 ac
1647 890 1745 923 pares

283 939 377 975 sunt,
391 935 460 975 vel,
472 934 551 967 Ode
569 935 768 966 Monocolos
784 937 820 965 et
834 933 1105 974 Monostrophos
1121 938 1174 965 est
1187 945 1197 964 ι
1221 943 1289 975 qno
1316 943 1416 966 sensu
1441 944 1474 975 p.
1490 936 1565 966 388.
1587 933 1722 980 dixerut
1736 945 1745 966 ε

283 993 293 1007 ·
307 987 420 1030 Epod.
431 996 527 1020 xvir.
541 987 620 1019 Ode
631 987 825 1018 Iembicum
839 990 984 1018 metrum
999 986 1117 1027 habet,
1128 990 1164 1018 et
1176 996 1238 1028 per
1251 986 1402 1028 singulos
1412 995 1531 1027 versus
1542 986 1748 1027 scanditur3’

283 1045 406 1073 contra
428 1050 462 1081 p.
475 1042 550 1072 ⁵19.
572 1039 741 1071 ‘Carmen
766 1039 976 1081 Sapphicum
1002 1044 1040 1072 et
1062 1038 1242 1072 Alcaicnm
1267 1049 1331 1081 per
1356 1044 1506 1081 quatuor
1527 1048 1645 1072 versus
1669 1047 1748 1081 pro·

284 1092 416 1133 currit,'
432 1093 464 1124 11.
477 1102 510 1124 e·
523 1092 797 1133 Tetrastroplion
814 1096 880 1125 est.
923 1092 1002 1124 Jam
1018 1092 1293 1133 Monostrophon
1313 1093 1479 1125 constitui
1500 1093 1646 1126 Carmen
1671 1100 1748 1125 nos·

285 1152 378 1179 trum
392 1155 459 1178 non
473 1149 600 1187 potest,
612 1145 679 1176 nisi
693 1154 812 1176 omnes
827 1153 948 1176 versus
961 1145 1028 1176 sint
1042 1145 1264 1178 Tetrsmetri.
1309 1146 1468 1188 Denique
1482 1145 1615 1177 Marius
1629 1144 1749 1177 Victo-

285 1200 393 1240 rinus,
413 1209 447 1240 p.
463 1201 559 1231 2496.
574 1200 672 1230 250⁷.
689 1202 727 1230 et
735 1200 834 1230 2538.
847 1198 990 1239 primum
1006 1207 1139 1230 versum
1151 1198 1269 1231 hudat
1284 1199 1558 1231 Tetrametrumz
1582 1199 1593 1217 ‘
1606 1198 1751 1230 Misere·

286 1263 362 1284 rum
375 1275 384 1284 .
398 1275 407 1285 .
421 1274 430 1285 .
442 1252 558 1284 dulci:
601 1252 646 1283 Et
670 1252 761 1293 quod
789 1251 880 1284 idem
904 1252 1102 1284 Victorinus
1118 1261 1152 1292 p.
1165 1254 1263 1284 2618.
1286 1251 1331 1284 de
1345 1252 1443 1293 liujus
1458 1251 1626 1283 Carminis
1639 1256 1750 1283 metro

285 1306 435 1342 locutus,
451 1305 566 1337 addit:
589 1305 599 1322 ‘
615 1305 798 1346 Digestum
822 1309 940 1338 autem
962 1315 1006 1337 ex
1032 1305 1164 1337 duobus
1184 1305 1364 1337 Trimetris
1379 1303 1584 1346 conjunctis,
1601 1313 1668 1336 uno
1682 1303 1753 1335 Te-

287 1363 453 1391 trametro
464 1358 496 1390 ei
509 1358 691 1399 subjecto,’
706 1358 754 1399 id,
764 1368 840 1391 cuin
857 1363 1031 1400 repugnet
1045 1359 1129 1391 locis
1143 1363 1224 1391 ante
1238 1358 1398 1394 laudatis,
1408 1357 1646 1399 interpolatori
1660 1355 1752 1388 haud

288 1411 391 1443 dubie
407 1411 628 1443 tribuendum
643 1417 710 1451 est,
724 1411 783 1453 qui
799 1411 842 1442 ob
859 1412 1036 1452 vulgatum
1061 1411 1159 1443 Odes
1183 1411 1217 1443 in
1240 1410 1341 1443 codd.
1355 1410 1512 1450 formem,
1534 1410 1589 1442 vel
1605 1407 1754 1441 diffluxit

289 1462 465 1495 Diomedis
483 1462 588 1506 vei-ba
608 1462 659 1502 (v.
677 1461 842 1503 Cuning.)
867 1464 932 1498 vel,
949 1464 1039 1503 quod
1067 1463 1180 1495 malim
1204 1473 1281 1502 ego,
1304 1456 1416 1495 omnia
1438 1463 1526 1502 hac,
1546 1463 1556 1480 ‘
1570 1462 1752 1502 Digestum

288 1513 431 1554 autem,'
445 1515 511 1545 &c.
525 1512 570 1544 de
585 1522 647 1544 suo
663 1513 808 1544 addidit.
854 1514 1018 1545 Similiter
1040 1514 1145 1546 credo
1170 1512 1298 1545 Acroni
1322 1518 1358 1544 et
1381 1514 1651 1545 Commentatori
1666 1513 1752 1545 Cru-

291 1567 416 1610 quiano
438 1564 552 1598 afficta
577 1573 652 1596 esse
678 1565 722 1596 ab
745 1565 1010 1606 interpolatore,
1028 1575 1105 1607 qnae
1127 1565 1172 1597 de
1195 1565 1328 1597 duobus
1349 1566 1501 1598 versibus
1516 1565 1698 1598 Trimetris
1713 1575 1753 1598 ac

291 1621 396 1653 tertio
410 1619 630 1651 Tetrametro
646 1618 736 1659 apud
751 1627 810 1650 eos
824 1618 1000 1659 leguntur,
1015 1627 1092 1649 cum
1106 1622 1199 1658 ante,
1212 1622 1251 1650 nt
1273 1626 1378 1659 supra
1390 1618 1549 1659 vidimus,
1575 1627 1752 1650 nnmerum

291 1674 419 1716 potius,
434 1682 531 1715 quam
547 1676 707 1710 metrum,
722 1671 756 1702 in
773 1670 934 1703 Carmine
946 1679 1034 1707 esse,
1047 1670 1179 1702 diserte
1191 1670 1389 1702 dixissent.e

337 1728 500 1759 Ceterum
522 1725 604 1757 illud
621 1734 758 1766 quoqne
774 1724 1013 1766 attingendum
1030 1723 1179 1766 videtur,
1195 1723 1285 1765 quod
1300 1728 1447 1756 metrum
1463 1723 1563 1765 hujus
1585 1723 1755 1756 Carminis

293 1779 492 1812 Sotadicum
516 1778 559 1810 ab
586 1778 727 1810 Acrone
755 1782 793 1810 et
816 1778 1008 1810 Comment.
1034 1777 1175 1820 Cruquii
1202 1777 1337 1809 dicitur.
1379 1776 1524 1809 Sotades
1552 1777 1754 1815 Maronites,

294 1832 417 1872 Poeta,
434 1836 552 1864 auctor
567 1831 634 1863 fnit
649 1831 1019 1872 impudentissimorum
1036 1841 1076 1863 ac
1096 1830 1434 1872 flagitiosissimorum
1458 1829 1666 1870 carminum,
1681 1839 1756 1872 quae

294 1887 368 1928 ipse
391 1887 400 1903 ‘
414 1884 589 1918 Cinaedos’
613 1884 797 1926 inscripsit.
842 1885 886 1916 V.
900 1885 996 1916 Suid.
1011 1885 1095 1917 item
1108 1884 1224 1917 Strab.
1242 1893 1318 1917 xnr.
1334 1893 1368 1926 p.
1384 1885 1462 1916 648.
1475 1885 1596 1926 πρὸτος
1608 1882 1679 1925 ἦρξε
1697 1884 1757 1915 τοῦ

295 1939 530 1978 κινωδολογεΐν.
568 1937 625 1970 Cf.
649 1938 804 1970 Martial.
830 1947 871 1969 ιι.
886 1940 939 1970 86.
983 1938 1163 1970 Praeterea
1190 1936 1317 1979 ἄκαιρον
1339 1936 1523 1979 arapha-low,
1549 1937 1757 1979 importunam

296 1992 501 2025 maledicendi
513 1992 683 2032 licentiam,
699 1991 730 2022 ei
746 1990 869 2023 tribuit
883 1990 1008 2022 Athen.
1026 1998 1102 2022 ΧΠ.
1117 1993 1151 2023 4.
1195 1991 1273 2024 Quo
1297 1988 1426 2022 factum
1447 1995 1515 2030 est,
1538 1995 1578 2022 nt
1599 1989 1758 2022 obscoena

298 2046 426 2088 quoevis
452 2056 493 2078 ec
515 2046 630 2086 turpia
653 2045 812 2077 Carmine
837 2044 1035 2076 dicerentur
1058 2043 1206 2075 Sotaden
1234 2043 1289 2076 vel
1317 2043 1499 2076 Sotadice:
1522 2043 1668 2077 Quintil.
1683 2052 1707 2075 1.
1723 2045 1758 2075 8.

298 2099 424 2130 Verum
438 2099 540 2130 etiam
564 2099 707 2130 subinde
732 2109 752 2130 n
773 2098 874 2130 metri
899 2107 1025 2139 genere
1049 2097 1270 2139 appellantur
1292 2096 1454 2129 Sotadica
1477 2097 1658 2135 Cei-minu
1680 2104 1758 2127 nam

300 2150 390 2193 pede
412 2150 531 2180 lonico
555 2161 575 2181 a
596 2152 739 2191 majore,
761 2151 824 2182 ἀπὸ
837 2150 975 2190 μείζονος
993 2151 999 2194 Ι
1017 2170 1039 2175 -
1053 2170 1075 2175 -
1088 2166 1160 2184 uu
1177 2151 1184 2192 Ι
1203 2150 1384 2192 plurimum
1401 2159 1498 2181 nsum
1519 2157 1592 2181 esse
1604 2149 1758 2181 Sotaden

301 2205 350 2236 ait
361 2201 548 2234 Diomedes
564 2211 598 2241 p.
612 2205 687 2232 511.
704 2204 845 2235 Pntscli.
892 2204 1027 2244 Nempe
1043 2213 1161 2235 versus
1176 2202 1331 2235 Sotadici
1345 2201 1419 2235 fere
1440 2206 1602 2234 constant
1617 2200 1759 2243 pedibus

302 2255 430 2288 Ionicis
447 2264 468 2286 e
482 2254 626 2295 majore,
642 2254 806 2295 subjectis
821 2256 948 2286 lambis
966 2257 1019 2287 vel
1034 2257 1228 2297 Trochaeis3
1251 2261 1302 2296 ut,

619 2318 765 2350 Carmen
781 2315 904 2357 lepidae
921 2317 1079 2349 Pierides
1093 2319 1223 2350 dabunt
1239 2328 1382 2351 sorores.

304 2383 472 2424 Exempla
495 2382 595 2424 plura
621 2391 651 2411 v.
666 2390 720 2422 ap.
737 2379 936 2412 Diomed.l.
952 2379 974 2410 l.
998 2378 1090 2411 Mar.
1106 2380 1241 2411 Victor.
1256 2391 1288 2420 p.
1302 2384 1399 2412 2601.
1426 2386 1462 2413 et
1486 2382 1601 2413 Bentl.
1644 2381 1759 2414 Quare

347 2528 364 2549 d
386 2527 439 2557 De
457 2526 565 2566 Nupt.
583 2526 708 2558 Philol.
722 2525 780 2557 lib.
796 2535 846 2558 w.
864 2536 895 2558 c.
912 2527 974 2558 ult.
1104 2524 1199 2556 Mala
1213 2524 1292 2556 vino
1304 2523 1418 2555 lavere
1433 2532 1441 2553 t
1466 2526 1526 2553 aut
1541 2521 1725 2552 exanimari

350 2574 364 2590 θ
387 2569 482 2610 [Alia
498 2568 685 2600 scandendi
703 2569 792 2600 ratio
803 2574 866 2605 est,
879 2575 916 2600 ut
932 2569 1006 2600 nul-
1104 2567 1303 2599 Metuentes
1319 2569 1449 2606 patruae
1466 2563 1611 2595 verbera
1625 2564 1761 2605 linguae.

307 2614 375 2644 lum
391 2611 524 2642 scilicet
539 2611 740 2642 vocabulum
757 2612 790 2642 in
807 2611 874 2642 fine
892 2621 1009 2644 versus
1063 2617 1119 2648 Sic
1143 2617 1208 2648 erit
1230 2616 1307 2649 Ode
1327 2614 1464 2646 Dicolos
1485 2613 1762 2653 Tetrastrophos‚

309 2655 512 2693 dissecetur,
535 2657 545 2671 ⁸
561 2654 672 2685 Finiat
686 2659 724 2685 ut
747 2663 880 2685 sensum
897 2659 1008 2687 metro
1063 2659 1150 2691 binis
1164 2663 1322 2691 constans
1339 2656 1502 2689 Dimetris
1517 2655 1760 2697 Trimetrisque

311 2696 498 2728 distinctile
515 2696 704 2737 punctum:
727 2696 791 2727 hoc
806 2696 929 2728 modo:
1062 2702 1181 2743 binis‚]

395 2745 601 2777 Miserarum
615 2749 679 2782 est,
698 2755 807 2786 neque
824 2745 942 2778 Amori

393 2788 490 2819 Dare
507 2787 635 2824 ludum,
652 2797 760 2829 neque
777 2787 869 2820 dulci
