1916 3190
201 245 286 288 362

402 257 447 294 Q.
481 254 692 288 HORA'ru
729 252 902 285 FnAccl
936 248 1209 300 cAnmmmu
1244 248 1339 279 Lm.
1372 248 1427 279 11.
1454 236 1525 279 20.

430 347 594 390 Absint
610 347 730 389 inani
750 347 899 388 funere
918 344 1090 393 naeniae,

431 415 686 468 Luctusque
706 418 855 467 turpes
877 417 923 453 et
947 409 1254 465 querimoniae:

487 482 734 535 Compesce
756 480 1008 528 clamorem,
1029 490 1083 519 ac
1106 475 1297 529 sepulcri

546 548 678 590 Mitte
700 557 1004 601 supervacuos
1023 544 1226 586 honores,

203 673 360 705 Rhodani.
405 675 516 714 Apage
529 676 640 705 cantus
655 671 799 712 lugubres
812 669 973 702 inutilibus
985 666 1135 708 exequiis,
1145 665 1304 707 fletusque
1318 664 1489 706 indecoros,
1502 667 1532 695 et
1547 671 1653 704 quere-

202 716 261 748 las.
308 717 483 759 Comprime
497 716 642 756 ejulatus,
657 719 688 746 et
701 713 907 755 praetermitte
922 720 1004 743 mma
1019 708 1132 741 tumuli
1143 711 1333 740 ornamenta.

814 818 991 832 “N“sm
995 816 1054 829 &⁴¹0

203 896 263 928 les.
286 901 367 929 tom.
384 907 408 930 1.

433 907 467 938 p.
482 898 642 930 254.-—21
666 895 784 928 Absint
803 896 913 926 inanes
933 893 1026 933 conj.
1043 892 1152 924 With.
1182 892 1284 923 nenioe
1299 890 1397 922 multi
1418 888 1568 922 scribunt
1584 887 1617 918 li.
1634 887 1655 918 Ι.

203 939 306 971 etiam
321 940 444 972 Sanad.
467 939 535 971 Sed
552 939 757 979 scripturam
772 937 885 968 noenioe
900 935 1005 976 major
1020 935 1169 966 virorum
1183 935 1362 965 doctorum
1375 941 1454 972 pars
1470 929 1656 962 vindicavit

205 986 243 1012 et
258 983 422 1022 praetulit.
466 982 546 1013 Vid.
564 981 692 1013 Cellar.
707 980 869 1018 Orthogr.
886 979 961 1009 Lat.
976 976 1031 1007 ed.
1048 976 1187 1008 Harles.
1205 981 1229 1006 t.
1244 985 1270 1006 1.
1288 985 1322 1016 p.
1338 975 1500 1006 297.—22
1523 973 1658 1004 Luctus-

203 1033 275 1065 que,
290 1027 398 1066 turpes
410 1028 441 1056 et
455 1034 506 1064 qu.
519 1024 608 1055 Sivr.
652 1023 691 1053 L.
707 1026 834 1062 turpes:
856 1024 887 1052 et
903 1018 1102 1060 querimonia
1121 1019 1284 1058 Compesce
1299 1018 1462 1048 clamorem
1475 1013 1600 1047 Sauad.

861 1126 1006 1160 NOTAE

247 1205 378 1238 Peritus
392 1205 480 1246 Iber]
505 1204 685 1246 Hispaniae
702 1204 847 1246 populus
863 1203 906 1235 ab

204 1256 308 1289 Ibero
323 1267 383 1289 seu
402 1258 507 1298 Rege,
521 1267 582 1289 seu
597 1256 700 1288 fluvio
716 1256 843 1289 dictus.

246 1307 394 1348 Per-itus]
421 1307 610 1339 Literarum
634 1306 820 1344 studiosus,
850 1316 905 1337 va-

203 1355 322 1397 riaque
344 1357 533 1388 instructus
556 1356 723 1387 doctrina.
766 1355 835 1387 Alii
858 1365 907 1387 re-

203 1403 320 1436 ferunt
336 1404 379 1435 ad
395 1404 577 1443 navigandi
594 1405 763 1444 peritiam.

247 1457 290 1486 20
314 1453 518 1494 Rhodanique
529 1453 638 1493 potor]
663 1452 908 1493 Lugdunenses

206 1503 323 1537 Gallos
344 1503 456 1544 innuit
471 1507 506 1534 et
522 1502 692 1544 designat,
715 1502 805 1543 apud
822 1511 907 1543 quos

205 1553 376 1586 facundiae
399 1557 574 1585 certamen
597 1557 694 1591 erat;
720 1551 816 1591 cujus
839 1560 910 1582 me·

205 1603 304 1635 minit
326 1602 502 1635 Juvenalis
523 1602 596 1633 Sat.
611 1610 638 1632 1.
654 1603 708 1632 44.
726 1601 736 1618 ⁴
749 1600 910 1638 Palleat‚'

205 1653 330 1695 inquit,
341 1655 351 1670 ‘
365 1652 414 1683 Ut
423 1650 686 1691 Lugdunensem
699 1649 830 1681 Rhetor
840 1648 910 1680 dic-

206 1706 304 1734 turus
318 1701 360 1733 ad
374 1700 490 1733 aram!
504 1699 691 1732 Rhodanus
700 1698 822 1730 fluvius
830 1699 911 1731 Gal-

205 1751 261 1783 lim
287 1750 493 1792 praecipuns,
513 1749 606 1790 apud
634 1748 812 1780 Helvetios
839 1758 912 1779 sca-

206 1802 352 1841 turiens,
366 1811 427 1842 per
442 1801 553 1832 lacum
570 1800 757 1831 Lemanum
773 1803 841 1832 tam
858 1808 910 1830 ra-

207 1851 288 1892 pide
313 1850 436 1887 flueus,
461 1854 500 1881 ut
524 1859 603 1881 suas
623 1859 692 1881 non
714 1849 912 1891 coinquinet

208 1906 266 1933 aut
293 1900 494 1942 permisceat
518 1909 638 1940 aquas:
664 1899 839 1930 Genevam
863 1900 910 1930 al-

206 1951 294 1981 luit:
320 1950 469 1982 Galliam
487 1959 506 1980 a
524 1949 708 1989 Sabaudia,
722 1950 912 1990 Delphina-

208 2005 281 2032 tum
304 2010 324 2031 a
347 2000 484 2031 Bressia
503 2000 689 2031 discernitt
715 2000 758 2031 ad
775 2000 913 2040 Lugdu-

207 2059 289 2081 num
313 2049 442 2089 excipit
456 2048 593 2080 Ararim
618 2058 764 2089 amnem,
780 2049 911 2080 Isaram

209 2105 324 2132 autem
350 2099 391 2130 ad
422 2099 617 2130 Valentiam
647 2102 684 2128 et
710 2098 909 2130 Vivarium:

210 2148 427 2182 Occitaniam
455 2147 545 2178 inter
565 2152 602 2177 et
627 2147 846 2178 Provinciam
868 2148 910 2178 ad

211 2197 420 2230 Avenionem
435 2195 645 2237 perlabitur:
663 2195 741 2226 inde
755 2205 834 2226 vero
845 2205 911 2226 non

214 2247 351 2290 procuh-
362 2246 529 2278 Druentia
543 2243 646 2277 fluvio
663 2249 781 2276 auctus
796 2245 912 2275 Arela-

213 2303 283 2331 tem
297 2298 383 2331 adit.
406 2298 557 2330 Demum
570 2294 666 2328 ostiis
679 2288 828 2337 quinque
843 2304 913 2327 ma·

960 1211 997 1232 re
1012 1199 1308 1232 Mediterraneum
1325 1195 1528 1239 ingreditur.
1569 1194 1661 1227 Rho-

961 1252 1040 1283 dani
1070 1250 1340 1292 magnitudinem
1367 1246 1584 1280 commendat
1610 1246 1661 1277 M.

960 1302 1082 1340 Varro,
1091 1310 1154 1332 nec
1169 1299 1365 1331 inferiorem
1377 1298 1467 1330 Istro
1481 1295 1662 1339 praedicat,

961 1351 1051 1393 apud
1069 1351 1160 1382 Gen.
1178 1358 1214 1381 x.
1231 1351 1263 1380 7.

1004 1400 1121 1431 Absint
1134 1398 1222 1429 inani
1230 1398 1344 1438 funere
1361 1396 1487 1434 noenioe,
1500 1394 1571 1435 ξω]
1597 1395 1661 1425 Fu-

962 1458 1024 1480 nus
1054 1449 1147 1479 velut
1179 1448 1291 1484 inane,
1317 1446 1458 1486 naenias,
1479 1446 1604 1484 luctus,
1626 1449 1663 1475 et

961 1498 1190 1540 querimonias
1214 1500 1252 1528 ut
1274 1501 1392 1537 turpes
1407 1496 1500 1536 viris,
1514 1495 1662 1536 denique

960 1549 1109 1590 sepulcri
1136 1549 1280 1580 honores
1309 1551 1471 1588 tanquam
1501 1554 1663 1586 superva-

961 1608 1043 1630 cuos
1060 1599 1204 1638 respuit,
1220 1598 1350 1639 quippe
1363 1596 1479 1627 vivens
1491 1596 1663 1627 immorta-

959 1649 1072 1689 lisque
1081 1647 1216 1679 futurus
1227 1659 1235 1680 :
1249 1648 1372 1689 quibus
1381 1647 1553 1688 expressit
1561 1646 1664 1677 Ennii

962 1697 1185 1739 Epitaphium
1196 1698 1243 1729 ita
1253 1697 1296 1729 de
1307 1706 1344 1728 se
1356 1697 1518 1728 ominati:
1531 1696 1542 1713 ‘
1553 1696 1664 1732 Nemo

962 1758 1017 1780 me
1027 1748 1190 1790 lacrymis
1200 1747 1358 1786 decoret,
1377 1756 1440 1778 nec
1453 1744 1574 1778 funera
1581 1743 1667 1776 fletu

964 1799 1078 1830 Faxit.
1108 1799 1199 1831 Cur?
1222 1797 1340 1829 Volito
1356 1795 1448 1828 vivu'
1465 1805 1529 1837 per
1543 1804 1605 1827 ora
1620 1794 1672 1830 vi·⁴

964 1847 1064 1880 rum!

1010 1898 1152 1940 Naeniae]
1188 1899 1245 1931 De
1275 1898 1325 1930 his
1351 1907 1454 1939 supra
1478 1895 1548 1929 Οὐ.
1571 1905 1596 1928 1.
1623 1895 1667 1927 ad

964 1949 1079 1981 finem.
1332 1973 1337 1975 .

1007 2001 1049 2030 23
1073 1997 1215 2038 sepulcri
1231 1998 1331 2030 Mitte
1353 2006 1555 2038 supervacuos
1574 1996 1669 2027 hono-

961 2047 1030 2087 res]
1051 2047 1161 2078 Plane
1187 2047 1336 2088 loquitur
1357 2056 1401 2078 ex
1421 2050 1537 2077 mente
1558 2045 1667 2085 ipsius

965 2097 1182 2136 Maecenatis,
1203 2097 1300 2138 cnjus
1325 2097 1399 2128 haec
1429 2095 1520 2136 apud
1546 2095 1669 2127 Senec.

965 2147 1077 2188 Epist.
1092 2149 1147 2179 92.
1171 2145 1320 2178 refertur
1345 2146 1539 2178 sententia:
1566 2145 1668 2181 &Nec

966 2197 1132 2228 tumulum
1161 2206 1256 2229 curo.
1302 2196 1435 2238 Sepelit
1465 2200 1588 2228 natura
1614 2203 1668 2226 re-

965 2245 1089 2277 lictus?
1670 2254 1676 2258 ·
