1916 3190
255 219 341 261 408
742 237 785 274 Q.
819 237 1025 268 HonArn
1062 240 1234 271 rmcm

485 326 578 369 Sub
600 341 698 382 rege
720 324 871 375 Medo,
892 330 1068 372 Marsus
1089 336 1133 373 et
1153 332 1353 386 Apulus,
1476 377 1491 398 n

486 394 755 438 Anciliorum
779 402 826 437 et
844 398 1033 439 nominis
1054 403 1098 440 et
1118 403 1231 453 togae
1272 433 1277 437 .
1466 390 1470 395 ¹
1656 405 1710 446 10

545 461 736 514 Oblitus,
759 469 1028 520 aeternaeque
1049 465 1225 518 Vestae,

602 530 821 572 Incolumi
840 531 958 574 Jove
979 538 1024 575 et
1044 534 1149 575 urbe
1165 533 1343 576 Roma?

486 598 590 639 Hoc
611 604 791 640 caverat
811 612 932 640 mens
953 600 1142 654 provida
1164 600 1341 654 Reguli,

486 665 802 707 Dissenticntis
823 665 1154 709 conditionibus

261 786 322 822 nis,
338 789 491 827 togaeque,
516 791 547 819 et
563 788 707 828 perennis
736 788 836 819 Vestoe
859 788 1029 827 immemor,
1047 791 1150 819 stante
1165 789 1244 819 Jove
1267 792 1299 819 et
1323 788 1453 820 civitate
1476 787 1642 820 Romana?
1681 788 1711 818 0

259 826 403 868 Senatus,
418 833 450 861 et
463 830 603 871 corrupti
625 829 747 862 mores!
776 831 893 870 Reguli
916 831 1052 870 prudens
1066 831 1186 862 unimus
1201 831 1235 862 id
1247 835 1464 872 praesenserat,
1478 841 1547 862 cum
1568 831 1710 870 refraga-

858 923 877 935 0
883 923 1105 937 “Oe-“000“

258 987 307 1019 N.
324 988 444 1019 Heius.
462 997 518 1028 ap.
534 988 651 1019 Bentl.
667 993 704 1019 et
721 997 835 1028 recep.
853 989 969 1019 Bentl.
985 988 1071 1021 Cun.
1096 988 1175 1020 San.
1201 989 1307 1021 Gesn.
1353 991 1399 1022 Et
1418 991 1493 1031 jam
1521 990 1570 1022 sic
1594 990 1665 1023 Alt.
1682 994 1715 1023 1.

259 1030 362 1061 Haud
378 1030 480 1061 dubie
506 1030 614 1072 (quod
641 1035 676 1061 et
703 1030 819 1062 Bentl.
837 1029 949 1071 videt)
973 1031 1085 1071 prisca
1100 1031 1205 1062 lectio
1222 1036 1290 1070 est,
1306 1041 1381 1073 quae
1409 1037 1491 1064 ante
1507 1033 1623 1064 oculos
1647 1033 1713 1064 fuit

258 1073 466 1104 Scholiastis.
514 1073 601 1104 Nam
619 1073 748 1113 Porph.
772 1073 782 1090 ‘
795 1072 886 1113 apud
906 1073 1052 1104 Parthos
1068 1073 1264 1114 resedisse‚’
1288 1079 1326 1105 et
1341 1073 1422 1106 Acr.
1435 1075 1445 1092 ‘
1459 1075 1552 1106 velut
1566 1075 1714 1117 propriis

259 1115 292 1146 in
308 1115 446 1146 sedibus
463 1124 596 1146 omnem
613 1120 752 1152 aetatem
770 1115 939 1156 agerent!
984 1115 1060 1147 Nec
1076 1117 1254 1157 quisquam
1270 1116 1387 1156 docet,
1403 1117 1572 1159 quomodo
1595 1127 1714 1150 couse-

258 1159 396 1188 nuerint
413 1158 446 1188 in
471 1158 481 1174 ‘
499 1158 602 1188 arinis
617 1167 813 1189 socerorum
826 1161 847 1197 3’
869 1162 906 1189 at
921 1158 954 1189 in
970 1159 1068 1197 ανυίε,
1078 1159 1242 1198 optimum
1255 1168 1393 1191 sensum
1411 1160 1554 1200 praebet.
1594 1160 1712 1192 Facile

258 1199 338 1230 inde
353 1200 484 1231 factum
499 1200 617 1238 armi-u
640 1210 717 1231 cum
733 1205 769 1232 et
785 1201 1019 1242 praecessisset
1036 1200 1147 1233 mites!
1170 1201 1328 1234 Jani.—9
1351 1201 1440 1234 Edd.
1461 1201 1547 1239 fere,
1562 1202 1712 1244 Appulus.

258 1242 347 1272 Vide
363 1244 443 1274 Var.
462 1243 574 1274 Lectt.
589 1242 632 1274 ad
651 1243 719 1274 Od.
737 1252 788 1275 ιν.
807 1253 856 1275 vs.
869 1246 990 1274 9.--10
1008 1243 1216 1275 'Auxiliorum
1227 1244 1421 1277 Helmstad.
1436 1254 1456 1276 a
1470 1255 1516 1277 m.
1532 1254 1585 1286 pr.
1615 1245 1714 1277 Anci-

260 1285 372 1315 liorum
386 1285 532 1322 nominis,
547 1286 670 1317 omisso
687 1289 730 1325 et,
756 1286 855 1317 Harl.
867 1289 899 1317 2.
915 1288 948 1317 4.
961 1290 991 1317 5.
1007 1289 1039 1317 6.
1065 1287 1159 1327 Lips.
1179 1290 1207 1318 1.
1231 1297 1251 1317 a
1267 1296 1310 1319 m.
1328 1297 1381 1328 pr.
1398 1288 1493 1329 Lips.
1509 1290 1542 1318 4.
1564 1287 1711 1319 Mentel.

259 1327 403 1368 Franeq.
419 1328 599 1358 Puluuanni
616 1328 797 1360 Gemblac.
814 1331 844 1359 1.
870 1338 955 1359 imus
974 1329 1187 1369 Bersmanni,
1202 1329 1327 1361 Venet.
1344 1332 1438 1362 1590.
1461 1330 1579 1362 Basili.
1592 1330 1714 1371 Steph-

258 1369 360 1400 Fabr.
386 1370 509 1401 Heius.
534 1370 618 1402 Fab.
645 1372 775 1402 Dacer.
799 1371 917 1402 Burm.
943 1375 979 1402 et
1004 1371 1120 1404 Jones.
1173 1372 1183 1388 ‘
1203 1371 1271 1403 Sed
1298 1372 1494 1404 Ant-iliorum
1522 1376 1554 1404 et
1578 1372 1712 1404 nominis

919 1454 952 1485 N
957 1454 1061 1486 OTAE

256 1517 346 1558 turpi
370 1517 482 1549 caede!
511 1526 531 1547 o
554 1526 667 1549 mores
695 1516 850 1557 corrupti
874 1516 958 1547 mili-

256 1570 329 1597 tum
344 1566 611 1601 Cassianarum,
631 1566 688 1608 qui
711 1571 831 1597 contra
853 1566 957 1596 nomi-

257 1616 310 1646 nis
327 1616 471 1647 Romani
494 1617 655 1647 honorem
681 1616 833 1646 serviant
855 1614 958 1646 hosti—

258 1666 340 1698 bus:
364 1665 472 1698 Orodi
491 1666 692 1698 Parthorum
707 1665 790 1706 Regi
808 1665 908 1696 fidem
924 1669 959 1696 et

258 1721 510 1747 sacramentum
540 1721 704 1757 praestare
729 1725 797 1747 non
821 1714 961 1746 erubes-

257 1770 337 1796 cant
353 1766 489 1797 Marsus
502 1770 537 1798 et
552 1766 696 1807 Apulus,
709 1766 830 1807 optimi
845 1765 959 1797 Italiae

260 1815 456 1852 bellatores,
473 1821 510 1847 ut
523 1816 685 1856 alibijam
701 1816 874 1848 annotavi.

296 1865 492 1897 Anciliorum
501 1870 532 1897 et
541 1866 677 1898 nominis
686 1870 716 1897 et
726 1869 808 1905 toga·
821 1865 959 1901 Oblitus,

258 1915 328 1955 &egl
353 1916 564 1956 Dignitatem
582 1917 726 1947 nominis
743 1916 899 1955 Romani,
911 1926 961 1947 sa-

258 1970 371 2003 cra,et
383 1966 579 2005 religionem
587 1966 860 2006 pessumdantes.
874 1971 882 1984 ¹
893 1965 960 1997 An-

259 2013 356 2044 cilia’
383 2019 482 2045 scuta
504 2020 603 2047 crant
629 2016 744 2047 brevia
762 2016 959 2054 duodecim,

259 2062 268 2078 ‘
286 2062 380 2093 dicta
403 2064 447 2094 ab
470 2064 600 2100 ancisu,
624 2065 714 2106 quod
740 2075 781 2096 ea
803 2075 896 2097 arma
919 2066 961 2097 ab

259 2119 404 2155 utraque
421 2119 532 2154 parte,
548 2119 585 2145 ut
603 2117 704 2154 peltae
715 2116 898 2155 Thracum,
911 2117 962 2147 in-

259 2163 352 2203 cisa,'
377 2173 421 2195 ex
445 2164 598 2195 Varrone
622 2174 669 2195 νι.
696 2165 740 2196 de
763 2167 860 2206 Ling.
886 2167 961 2198 Lat.

258 2214 390 2245 Horum
407 2223 510 2244 unum
527 2214 611 2244 coelo
634 2214 792 2245 emissum
817 2215 863 2246 ibi
885 2215 960 2246 fore

258 2256 446 2305 Imperium
469 2264 683 2305 spondebat:
705 2265 795 2306 quod
821 2275 863 2296 ne
885 2266 961 2307 dig-

260 2319 459 2346 nosceretur
481 2324 520 2346 ac
545 2315 786 2356 surriperetur,
800 2315 959 2347 undecim

260 2366 292 2396 ei
316 2364 439 2396 similia
459 2363 621 2396 fabricari
645 2365 759 2396 Numa
777 2365 893 2405 jussit,
916 2364 961 2395 si-

261 2416 399 2456 mulque
419 2414 532 2446 omnia
554 2414 589 2445 in
613 2413 687 2445 aede
711 2414 838 2446 Martis
861 2413 961 2450 condi

261 2469 297 2496 et
311 2464 453 2496 servari.
476 2464 620 2505 Dionys.
640 2464 752 2496 Halic.

305 2517 344 2545 11
368 2515 571 2554 AEternoeque
597 2513 716 2555 Vestae]
750 2513 845 2555 Ignis
871 2513 961 2545 illius

263 2565 396 2604 aeterni,
412 2564 469 2605 qui
485 2564 517 2595 in
533 2565 650 2596 Vestae
667 2565 797 2605 templo
813 2564 963 2596 debebat

263 2625 283 2645 a
297 2614 495 2654 Virginibus
509 2614 708 2646 Vestalibus
730 2615 910 2655 custodiri,
924 2619 964 2647 ut

261 2664 450 2704 Imperium
475 2666 591 2696 Romae
615 2669 726 2697 staret
748 2670 962 2707 perpetuum.

262 2714 403 2755 Dionys,
422 2714 536 2746 Halia.
552 2715 663 2747 lib.n.
694 2715 767 2748 Cic.
787 2716 883 2748 inde
899 2717 963 2748 Le·

263 2763 383 2806 gibus:
421 2765 606 2806 ‘Virgines
636 2766 795 2799 Vestales
820 2767 853 2799 in
880 2766 963 2799 urbe

1014 1516 1233 1548 custodiunto
1255 1517 1367 1558 ignem
1390 1517 1459 1549 foci
1483 1518 1611 1558 publici
1627 1528 1713 1551 sem-

1014 1566 1210 1606 pum-num!
1249 1567 1369 1608 Virgil.
1398 1567 1532 1613 AEneid.
1557 1577 1607 1601 lv.
1638 1571 1714 1601 200.

1014 1617 1024 1634 ‘
1042 1616 1247 1658 vigilemque
1260 1622 1457 1650 sacraverat
1471 1618 1586 1660 ignem
1602 1619 1713 1651 Excu-

1014 1665 1087 1697 bias
1105 1666 1229 1697 Divum
1247 1666 1416 1699 πῖθι-11833

1059 1718 1099 1747 12
1123 1715 1274 1747 Incolumi
1289 1717 1371 1747 Jove
1391 1720 1424 1748 et
1445 1716 1519 1748 urbe
1534 1717 1654 1760 Roma]
1677 1717 1715 1750 Si

1013 1766 1150 1807 quidem
1181 1767 1288 1799 Roma
1313 1777 1380 1799 non
1406 1766 1531 1799 fuisset
1557 1769 1716 1810 amplius,

1015 1815 1176 1857 culpandi
1202 1825 1283 1848 sane
1309 1826 1376 1848 non
1405 1821 1521 1849 essent
1543 1818 1601 1859 qui
1623 1818 1716 1859 apud

1014 1871 1151 1897 exteros
1175 1865 1290 1898 sedem
1311 1871 1348 1898 et
1375 1865 1536 1899 familiam
1557 1866 1716 1909 figerent.

1015 1914 1063 1946 At
1090 1919 1205 1947 stante
1230 1916 1314 1947 urbe
1338 1921 1375 1948 et
1401 1916 1598 1957 Capitolino
1625 1918 1716 1951 Jove

1015 1966 1187 2002 Romanos
1203 1964 1420 2007 protegente,
1434 1966 1584 1999 barbaris
1593 1976 1718 1999 nomen

1015 2021 1051 2047 et
1067 2026 1185 2048 manus
1202 2016 1300 2056 dare,
1314 2017 1378 2049 hoc
1401 2021 1499 2050 certe
1515 2017 1716 2059 probrosum

1015 2067 1175 2098 Romanis
1191 2067 1367 2099 militibus.

1060 2120 1099 2149 13
1117 2119 1190 2149 Hoc
1205 2122 1329 2150 caverat
1344 2119 1566 2160 menspmm'da
1580 2119 1716 2161 Reguli]

1017 2167 1096 2198 Hoc
1118 2168 1246 2208 grande
1271 2169 1396 2200 malum
1422 2169 1644 2210 praecavebat
1665 2169 1716 2202 M.

1014 2216 1158 2248 Attilius
1177 2217 1233 2248 ille
1256 2218 1422 2258 Regulus,
1443 2219 1454 2237 ⁴
1467 2218 1567 2259 primi
1590 2219 1716 2251 Punici

1015 2264 1095 2295 belli
1111 2267 1220 2305 gloria
1235 2267 1416 2308 cladesque
1432 2267 1606 2307 maxima‚’
1617 2271 1656 2298 ut
1665 2266 1716 2299 ait

1014 2314 1089 2345 Val.
1107 2315 1202 2346 Max.
1217 2324 1265 2347 ιν.
1280 2318 1313 2346 4.
1333 2316 1470 2356 quando
1485 2316 1583 2347 reddi
1599 2325 1663 2356 pro
1676 2325 1714 2347 se

1015 2363 1170 2404 captivos
1186 2364 1504 2405 Carthaginensium
1520 2365 1645 2398 vetuit:
1673 2366 1715 2397 ti-

1015 2412 1144 2445 ruebat„
1154 2422 1278 2453 nempe
1302 2423 1344 2445 ne
1365 2423 1461 2454 spem
1485 2414 1565 2446 vitoe
1589 2415 1714 2447 milites

1014 2462 1129 2503 ignavi
1145 2466 1313 2503 ponerent
1330 2462 1364 2494 in
1382 2463 1597 2504 captivitate,
1612 2463 1714 2496 adeo-

1017 2523 1083 2555 que
1107 2513 1278 2544 remissius
1294 2513 1327 2545 in
1347 2513 1421 2545 acie
1441 2513 1658 2554 dimicarent,
1673 2523 1715 2547 ac

1016 2565 1135 2596 mortis
1157 2569 1248 2596 metu
1266 2564 1310 2596 ad
1333 2563 1463 2605 fugam,
1477 2564 1716 2605 abjiciendave

1016 2624 1110 2646 arma
1149 2615 1383 2647 incitarentur.
1439 2615 1563 2647 Noluit
1597 2616 1717 2658 itaque

1017 2664 1241 2706 perniciosum
1255 2664 1298 2696 de
1314 2674 1350 2695 se
1362 2665 1555 2705 exemplum
1570 2665 1718 2706 posteris

1016 2715 1174 2756 relinqui,
1189 2724 1254 2756 quo
1277 2714 1458 2756 disciplina
1479 2715 1646 2752 militaris.
1664 2716 1717 2758 ip-

1015 2774 1120 2807 saque
1137 2764 1280 2796 subinde
1298 2764 1506 2806 Respublica
1520 2764 1705 2807 deperiret.

1912 2937 1916 2944 .
1911 2918 1916 2930 -
1903 2698 1916 2900 ‘affl'
