1916 3190
254 235 340 280 338

733 248 776 286 Q.
808 246 1021 276 HORATII
1057 245 1233 277 FLAcct

484 341 697 385 Vestiunt
713 343 857 384 lanae:
888 341 993 383 mihi
1014 353 1155 395 parva
1173 353 1274 383 rura
1295 344 1340 382 et

488 411 705 465 Spiritum
727 410 876 452 Graiae
897 412 1067 451 tenuem
1089 403 1316 451 Camdenae

488 478 633 522 Parca
653 490 742 519 non
761 477 955 519 mendax
975 476 1112 527 dedit,
1134 481 1180 518 et
1202 477 1442 530 malignum

832 546 1047 600 Spernere
1071 545 1249 599 vulgus.

1658 512 1733 590 40⁷

255 679 354 701 verax
366 669 485 710 largitu
498 671 706 711 magellum,
727 674 757 702 et
772 670 1000 712 aliquantulam
1019 670 1142 701 Graeeae
1156 670 1261 701 Musae
1276 670 1480 711 facultatem,
1500 678 1554 701 nec
1568 677 1630 700 non
1644 677 1715 700 con-

257 716 392 745 temnere
406 713 577 755 improbum
587 715 710 754 vulgus.

863 763 1103 777 ‘mwno

256 808 337 840 uad.
351 818 387 841 uc
401 809 586 849 malignum.

917 850 1063 883 NOTAE

253 915 414 958 idemque
439 926 503 958 pro
527 916 706 957 majestate
722 915 878 957 pueritiae
894 920 960 947 est.

256 967 450 1008 Distinguit
463 967 508 998 ab
524 966 650 1007 Equite
663 966 800 998 Curiam
816 976 823 997 :
848 966 882 997 in
899 965 962 997 tri-

258 1017 409 1058 umphali
425 1017 590 1048 miscetur
602 1014 709 1055 auro,'
723 1017 790 1048 &c.

300 1067 364 1099 Bis
392 1066 517 1107 tinette]
550 1065 744 1107 Dibapham
774 1075 961 1107 purpuram

257 1122 393 1150 vocant.
440 1117 531 1149 Plin.
550 1126 602 1148 lx.
615 1119 670 1148 39.
694 1115 704 1132 ‘
717 1116 808 1148 Huic
825 1125 962 1148 succes-

257 1169 303 1201 sit
319 1167 469 1209 dibapha
483 1167 604 1209 Tyria,
620 1176 697 1209 quae
723 1168 758 1198 in
780 1166 887 1198 libras
904 1166 964 1198 de-

257 1219 362 1251 nariis
378 1219 472 1251 mille
497 1228 565 1250 non
589 1222 729 1260 poterat
743 1218 810 1249 emi
821 1239 830 1248 .
841 1240 849 1250 .
863 1240 872 1249 .
887 1240 896 1249 .
913 1216 964 1249 di·

256 1269 371 1310 bapha
387 1273 468 1301 tunc
484 1267 676 1306 dicebatur,
689 1277 766 1310 quae
783 1267 835 1299 bis
853 1268 965 1299 tincta

256 1324 363 1359 esset,
398 1319 505 1351 veluti
551 1317 732 1359 magnifico
778 1318 963 1360 impendio.

258 1369 418 1402 Qualiter
441 1378 532 1400 nunc
558 1377 675 1400 omnes
693 1376 790 1409 poene
814 1378 963 1400 commo-

256 1419 372 1451 diores
399 1427 562 1460 purpurae
593 1418 794 1459 tinguntur.'
839 1419 963 1451 Cicero

259 1470 371 1511 Epist.
399 1478 439 1502 ιι.
455 1471 510 1502 16.
543 1471 552 1487 ‘
569 1468 691 1501 Curius
720 1474 838 1500 noster
868 1469 962 1500 diba-

259 1521 362 1562 phum
378 1520 508 1560 cogitat
522 1530 532 1559 ς
555 1519 614 1551 sed
638 1528 714 1551 eum
730 1518 877 1552 infector
893 1529 963 1551 mo-

260 1569 378 1602 ratur!

301 1623 343 1652 38
359 1619 517 1661 Spiritum
533 1619 644 1651 Gruioe
659 1623 780 1652 tenuem
792 1612 964 1662 camoenae]

259 1672 392 1713 Lyricae
421 1669 566 1712 poesews·
595 1670 637 1702 ab
675 1669 792 1702 Alcaeo
822 1670 966 1711 aliisque

259 1722 378 1756 Poetis
402 1722 536 1754 Graecis
560 1722 728 1753 desumtae
753 1720 967 1762 facultatem,

260 1783 326 1816 qua
349 1771 514 1805 ‘Sublimi
536 1770 658 1804 feriam
681 1771 797 1804 sidera
812 1772 967 1813 vertice,'

261 1823 384 1856 tribuit
401 1822 495 1854 mihi.

307 1874 479 1914 Camoenoe]
495 1873 603 1907 Quasi
617 1873 766 1906 Canenae
781 1883 800 1905 a
812 1874 968 1906 canendo

262 1925 381 1964 dietae,
397 1928 485 1955 teste
509 1924 668 1955 Macrob.
686 1924 720 1955 in
740 1924 856 1956 Somn.
873 1925 967 1966 Scip.

262 1984 304 2007 11.
321 1977 352 2006 3.
373 1973 462 2007 Vide
475 1983 525 2005 xv.
538 1974 649 2007 od.6.
672 1974 858 2015 ‘Spiritum
867 1975 968 2007 Pboe-

263 2025 326 2056 bus
348 2024 443 2063 mihi,
470 2023 620 2054 Plroebus
648 2027 758 2055 artem
789 2025 970 2066 Carminis,

264 2083 456 2116 nomenque
472 2073 568 2106 dedit
581 2072 729 2105 Poetae:

1055 919 1098 948 39
1122 916 1228 948 Parca
1241 925 1301 948 non
1316 913 1466 956 mendax]
1487 915 1585 948 Pers.
1598 914 1669 947 Sat.
1686 924 1720 948 v.

1013 969 1068 998 48.
1089 968 1098 985 ‘
1113 966 1227 998 Parca
1242 971 1349 998 tenax
1364 966 1461 998 veri-⁹
1499 966 1719 999 Immutabile

1014 1017 1136 1049 fatum.
1179 1018 1292 1058 Hujus
1307 1016 1536 1057 intelligentia
1550 1017 1616 1049 loci
1638 1026 1722 1058 pen-

1016 1066 1076 1098 det
1102 1077 1121 1099 e
1146 1072 1265 1099 vetere
1293 1067 1374 1099 ritu.
1420 1065 1554 1099 Ultima
1583 1066 1722 1100 scilieet

1015 1116 1237 1149 hebdomadis
1263 1118 1332 1159 die,
1356 1127 1426 1160 qua
1450 1117 1527 1160 quis
1551 1117 1586 1149 in
1610 1118 1722 1150 lucem

1014 1167 1129 1200 editus
1143 1172 1232 1209 erat,
1241 1167 1313 1201 fata
1324 1168 1537 1201 vocabantur
1547 1178 1623 1210 quae
1636 1168 1720 1200 scri-

1012 1217 1200 1252 berentur:
1238 1219 1329 1261 quod
1358 1229 1401 1251 eo
1430 1218 1487 1250 die
1518 1219 1722 1251 viderentur

1015 1268 1138 1300 Parcas
1165 1269 1199 1301 in
1220 1274 1328 1302 totam
1344 1274 1501 1302 statuere
1518 1270 1638 1310 vitam,
1654 1279 1722 1312 qua

1015 1317 1153 1351 fortuna
1177 1319 1314 1353 futurus
1342 1321 1417 1363 quis
1439 1325 1542 1354 esset.
1585 1321 1723 1354 Tertul-

1013 1369 1146 1402 lianus:
1173 1372 1183 1388 ‘
1200 1371 1293 1403 Dum
1316 1381 1379 1412 per
1407 1375 1514 1404 totam
1539 1370 1724 1404 hebdoma-

1014 1417 1092 1451 dam
1108 1419 1237 1452 Junoni
1261 1430 1378 1452 mensa
1403 1421 1620 1462 proponitur,
1643 1421 1724 1452 dum

1015 1469 1138 1501 ultima
1164 1470 1220 1502 die
1245 1470 1320 1502 fata
1346 1470 1529 1503 scribenda
1552 1470 1725 1502 advocan-

1017 1520 1097 1553 tur!
1145 1520 1233 1552 Haec
1260 1521 1411 1553 Turneb.
1436 1529 1474 1553 x.
1497 1523 1552 1552 22.
1596 1520 1725 1553 Crede-

1018 1571 1103 1603 bant
1116 1575 1250 1603 veteres
1260 1571 1416 1604 nascenti
1427 1571 1571 1604 cuilibet
1583 1571 1725 1604 adnasci

1018 1621 1176 1662 genium:
1199 1621 1325 1652 deinde
1347 1629 1428 1658 vero
1444 1622 1591 1663 septimo
1616 1631 1636 1653 a
1655 1631 1723 1663 quo

1020 1675 1121 1702 natus
1142 1675 1220 1702 erat
1242 1670 1320 1706 dies
1333 1670 1462 1703 Parcas
1477 1675 1642 1712 statuere,
1655 1682 1724 1714 qua

1021 1721 1079 1752 ille
1103 1730 1165 1762 per
1187 1724 1296 1752 totam
1320 1720 1424 1752 vitam
1447 1719 1588 1754 fortuna
1601 1731 1724 1755 usurus

1022 1775 1128 1802 esset.

1071 1821 1113 1852 Et
1137 1820 1310 1862 malignum
1331 1821 1485 1863 Spernere
1507 1820 1636 1862 umgas]
1658 1821 1727 1854 Po-

1023 1871 1096 1913 puli
1113 1872 1380 1913 malignitatem,
1404 1871 1580 1912 invidiam,
1596 1871 1726 1914 opinio-

1022 1931 1112 1962 nem,
1138 1920 1291 1953 favorem
1317 1922 1422 1953 etiam
1449 1925 1485 1953 et
1511 1923 1726 1964 applausum.

1023 1974 1112 2006 Quae
1137 1972 1196 2014 qui
1224 1982 1291 2004 nou
1321 1971 1468 2014 spernit,
1495 1971 1523 2004 is
1555 1981 1726 2015 nunquam

1022 2022 1125 2054 beate
1141 2023 1279 2055 vixerit.

829 2184 961 2226 ODE
995 2184 1165 2231 XVII.

775 2294 843 2324 AD
878 2293 1216 2324 MAECENATEM.

268 2376 496 2408 Maecenatem
523 2373 617 2405 velut
637 2372 790 2404 assidens
818 2371 1004 2414 alloquitur
1028 2375 1230 2413 querentem
1252 2371 1294 2402 de
1321 2371 1474 2413 periculo
1500 2381 1576 2411 suo,
1598 2374 1635 2403 et
1663 2379 1725 2413 pro

311 2428 473 2470 praesenti
487 2431 581 2459 statu
596 2430 775 2468 optantem
789 2430 948 2459 mortem.
967 2425 1038 2458 Vet.
1052 2425 1158 2457 Schol.
1203 2424 1296 2456 Puto
1312 2434 1388 2456 eum
1403 2423 1558 2457 recidiva
1576 2424 1727 2467 podagra

312 2482 500 2515 laborasse.

501 2545 611 2588 CUR
633 2558 701 2586 me
719 2543 907 2599 querelis
929 2543 1157 2606 exanimas
1179 2543 1296 2585 tuis?

318 2646 423 2683 Quare
437 2645 515 2678 mihi
528 2645 626 2678 vitam
638 2643 746 2684 ausen
757 2653 815 2686 per
828 2642 1033 2685 querimonias
1047 2646 1118 2675 tuas
1127 2641 1144 2676 :2
1189 2642 1298 2685 Neque
1311 2643 1490 2676 numinibus
1503 2644 1620 2685 placet,
1631 2652 1730 2685 neque

883 2729 1124 2742 moumo

318 2782 396 2816 Ode
410 2782 545 2816 decima
559 2789 681 2817 octava
697 2785 792 2818 Libri
808 2785 921 2827 quarti
943 2785 979 2818 iu
994 2785 1057 2817 Ed.
1074 2783 1260 2817 Sanam—1
1286 2783 1431 2826 Cuning.
1456 2784 1543 2822 Qua-'d
1555 2794 1604 2817 me
1617 2793 1723 2826 quere-
