1916 3190
281 237 366 279 524
754 251 800 290 Q.
830 249 1039 281 HoRA‘ru
1076 249 1252 281 FLAGGI

508 342 634 385 Uxor
653 344 805 386 invicti
824 344 854 385 J
858 344 956 386 ovis
977 357 1078 386 esse
1095 346 1242 387 nescis
1259 359 1270 388 :

507 408 636 451 Mitte
658 410 900 462 singultus3
929 410 1039 451 bene
1058 411 1167 452 ferre
1186 425 1388 464 magnam

508 475 643 518 Disce
662 476 903 518 fortunam:
933 481 1007 518 tua
1026 482 1178 519 sectus
1199 478 1319 520 orbis
1669 479 1727 522 75

844 542 1043 584 Nomina
1061 542 1206 586 ducet.

281 677 374 698 noras
387 670 419 699 te
433 677 497 699 esse
510 669 669 709 conjugem
684 670 818 709 supremi
831 669 945 701 Jovis?
990 670 1112 702 Omitte
1125 669 1342 711 querimonias.
1387 669 1485 702 Disce
1500 669 1598 702 auam
1611 671 1727 701 sorem

286 710 450 751 sustinere,
462 713 498 742 na
511 711 610 743 decet.-
633 712 751 743 divisus
765 713 897 743 orandus
910 715 996 743 tuam
1009 712 1098 751 feret
1110 713 1356 754 appellationem.

878 805 1118 819 ONJNWOO

281 868 404 900 tidium
419 873 598 910 argutatur
619 871 655 903 in
679 871 826 912 vulgata.
869 870 938 902 Sed
962 871 1110 910 omnino,
1134 871 1191 911 qui
1215 870 1315 910 hanc,
1338 869 1480 910 ejusque
1500 871 1727 908 venustatem,

282 915 380 942 recte
407 911 629 949 intellexerit,
653 914 777 944 nullam
803 912 1076 944 emendationem
1104 912 1303 952 exoptabin
1329 911 1466 950 injussus
1492 911 1583 952 conj.
1610 911 1725 942 Bentl.

283 959 406 993 sponte
428 963 464 985 se
483 954 545 985 tibi
558 955 674 986 tradet
687 964 697 993 3
719 954 779 986 sed
793 960 921 996 quanto
937 954 1109 994 pulchrius
1123 953 1263 985 verbum
1276 953 1396 984 invisa·
1407 952 1423 984 !
1465 952 1507 984 Iu
1522 952 1598 984 cod.
1612 958 1728 984 nostro

283 995 375 1035 Lips.
387 998 419 1027 4.
441 1001 493 1027 est
508 996 645 1037 quidem
663 996 814 1034 inanima,
829 996 920 1037 quod
932 996 1001 1037 legi
1018 1000 1133 1036 posset
1147 995 1297 1035 injussus,
1315 995 1374 1026 sed
1390 999 1443 1026 est
1457 994 1546 1025 haud
1562 994 1666 1026 dubie
1681 995 1730 1026 in-

282 1038 396 1072 vissus.
413 1042 450 1068 ut
465 1038 553 1068 solet
570 1038 723 1078 inprimis
736 1039 765 1069 is
780 1038 900 1070 codex.
928 1038 1013 1070 visus
1026 1037 1183 1070 Mentel!
1205 1037 1382 1069 δαίμ-73
1406 1037 1504 1078 Lips.
1517 1038 1550 1068 4.
1575 1036 1663 1067 Uxor
1676 1035 1728 1066 in-

282 1079 355 1110 viti.
377 1080 461 1110 Post
478 1079 579 1111 neseis
595 1080 827 1119 interrogandi
843 1080 973 1120 signum
990 1080 1091 1121 vulgo
1107 1080 1141 1111 in
1156 1079 1237 1111 edd.
1255 1079 1342 1112 ‘Sed
1356 1080 1485 1111 rectius
1501 1087 1521 1110 e
1535 1087 1612 1110 meo
1626 1086 1730 1109 sensu

283 1121 356 1152 siue
381 1121 650 1162 interrogatione
675 1122 825 1164 legitur!
846 1122 936 1154 Jam‘.
978 1122 1036 1155 Sic
1058 1123 1163 1155 Baxt.
1181 1121 1306 1154 Sanad.
1329 1121 1434 1154 Genu.
1458 1121 1565 1153 Zenn.
1588 1120 1730 1162 Bipont.

282 1162 425 1196 Mitsch.
438 1168 475 1195 et
485 1164 605 1196 Comb.

939 1227 1083 1261 No'rAE

325 1293 367 1322 73
404 1292 494 1323 Uxor
514 1291 626 1324 invicti
652 1293 744 1325 Jovis
772 1302 837 1325 esse
863 1292 980 1334 nescis]
1035 1292 1173 1333 Europa
1195 1301 1320 1324 nomen
1336 1291 1464 1332 adepta
1479 1289 1535 1330 sit,
1557 1276 1622 1321 nisi
1637 1288 1731 1322 dica·

282 1339 387 1381 Apud
400 1341 578 1373 Moschum
593 1347 672 1374 aute
685 1343 746 1374 cit.
756 1342 894 1383 Jupiter
906 1343 981 1384 ipse
1034 1346 1090 1374 tur
1104 1342 1148 1374 ab
1162 1343 1300 1383 Europa
1310 1341 1412 1383 Tyria
1423 1340 1523 1383 (alias
1537 1339 1653 1381 Syria)
1673 1349 1731 1372 no-

283 1398 319 1419 ne
337 1390 483 1430 Europae
500 1391 608 1431 qualis
631 1392 675 1423 sit
698 1392 823 1432 aperit,
842 1397 878 1424 et
900 1402 978 1424 con-

281 1438 480 1470 solationem
497 1438 648 1479 adhibet,
662 1441 814 1481 quamvis
829 1441 864 1471 in
881 1445 979 1472 tauro

282 1486 406 1518 lateus.

325 1539 369 1569 74
386 1537 472 1569 Bene
485 1538 575 1575 serre
594 1547 739 1576 mgnum
759 1538 856 1569 Disce
870 1538 980 1576 sortu-

282 1586 370 1628 nam]
395 1587 474 1627 Vel,
488 1588 636 1619 tolerare
651 1597 787 1629 gravem
803 1588 906 1619 animi
921 1588 981 1619 do-

284 1637 413 1675 lorem;
437 1637 502 1674 vel,
527 1637 657 1678 regiam
687 1637 858 1669 fortunam
882 1638 982 1670 susti·

283 1695 366 1717 nere
378 1696 418 1718 ac
434 1687 536 1719 tueri.
572 1688 660 1719 Nam
677 1688 831 1720 scribunt
846 1688 984 1730 quidam

283 1735 406 1768 Jovem
428 1735 503 1777 (alii
519 1736 652 1776 dicunt,
660 1736 851 1779 Xanthum)
867 1738 984 1771 Crete

285 1785 415 1826 Regem
437 1795 524 1818 nave
545 1786 600 1818 cui
617 1791 731 1819 taurus
746 1788 934 1829 appellatio
948 1793 985 1822 et

285 1835 416 1876 insigne
431 1835 508 1875 fuit,
517 1837 687 1878 Europam
703 1838 869 1879 rapuisse,
880 1843 983 1880 atque

284 1895 327 1917 ex
357 1886 534 1918 Phoenicia
560 1887 594 1918 in
623 1888 762 1921 Cretam
798 1888 984 1921 abductam

284 1937 398 1967 uxoris
419 1936 496 1968 loco
511 1936 676 1969 habuisse.
720 1937 789 1970 Alii
806 1939 907 1980 paulo
922 1939 984 1971 ali-

286 1990 353 2025 ter,
366 1997 385 2019 a
401 1988 559 2020 Cretensi
585 1989 679 2030 Rege
702 1989 838 2020 nomine
852 1989 983 2030 Tauro,

285 2035 389 2067 illatis
411 2038 445 2068 in
468 2038 678 2070 Phoeniciam
701 2039 815 2079 armis,
837 2040 982 2079 victore,

287 2086 458 2127 Europam
491 2089 593 2130 Regis
631 2091 744 2124 Cretae
773 2092 878 2125 filiam
907 2103 985 2126 cum

288 2135 362 2166 aliis
379 2136 500 2176 puellis
516 2139 687 2178 captivam
711 2151 787 2174 esse
810 2147 986 2184 transpor-

287 2189 406 2217 tatam.
449 2186 538 2217 Vide
564 2188 688 2219 Euseb.
709 2192 774 2221 &c.
798 2191 881 2223 Coel.
898 2193 987 2224 Rho-

289 2234 358 2276 dig.
373 2244 450 2267 xvi.
464 2238 517 2267 17.
541 2236 633 2277 apud
650 2238 923 2280 Lycophronem,
936 2242 986 2272 in-

287 2285 375 2327 quit,
391 2289 509 2317 taurus
525 2285 582 2327 qui
595 2286 707 2327 rapuit
721 2287 904 2328 Europam,
920 2298 987 2320 non

290 2334 382 2366 aliud
393 2344 491 2376 quam
503 2334 717 2378 ταυρόμορφον
727 2335 867 2376 τύπωμα,
879 2338 914 2370 id
923 2342 987 2375 est.

290 2385 376 2416 tauri
381 2384 489 2423 forma
500 2386 660 2426 praesigne
673 2385 846 2426 navigium.

332 2437 373 2466 75
398 2435 465 2467 Tua
488 2439 589 2467 sectus
610 2436 693 2468 orbis
717 2438 855 2469 Nomina
879 2437 985 2479 ducet]

291 2484 394 2517 Orbis
404 2485 438 2516 in
450 2485 533 2516 duas
548 2486 602 2518 vel
615 2491 684 2517 tres
695 2486 793 2518 divisi
803 2487 997 2528 portiones,-

290 2534 385 2576 (uam
407 2535 486 2566 olim
510 2535 568 2566 alii
590 2535 690 2567 aliter
710 2535 901 2578 senserunt)
921 2546 988 2568 una

292 2593 371 2623 pars
388 2583 432 2615 de
448 2588 507 2615 tuo
523 2585 658 2616 nomine
676 2586 906 2626 appellabitur
918 2586 986 2617 Eu-

290 2643 385 2674 ropa.
431 2634 483 2665 Ex
510 2635 647 2676 vulgata
674 2635 846 2676 opinione.
898 2636 988 2668 Nam

291 2683 440 2723 alioquin
471 2683 636 2715 Herodot.
673 2685 731 2716 lib.
758 2694 807 2717 iv.
843 2684 985 2718 scribit:

291 2731 452 2765 ‘Nemini
490 2733 680 2765 mortalium
710 2739 869 2767 constare
898 2734 988 2766 unde

1034 1401 1112 1423 men
1141 1391 1318 1432 accepisse
1348 1391 1520 1432 regionem
1549 1393 1648 1421 antea
1672 1399 1732 1420 no-

1033 1441 1125 1472 mine
1144 1445 1337 1473 carentem:
1362 1441 1452 1471 illam
1467 1449 1569 1480 porro
1583 1448 1627 1470 ex
1647 1438 1731 1470 Asia.

1032 1493 1129 1521 certe
1157 1489 1273 1526 fuisse,
1302 1489 1338 1520 in
1366 1488 1452 1520 hauc
1482 1497 1563 1519 vero
1592 1488 1730 1519 minime

1033 1546 1239 1570 commeasse
1251 1542 1390 1573 terram,
1405 1547 1480 1580 quse
1496 1545 1585 1568 nnnc
1599 1545 1621 1568 a
1635 1537 1733 1569 Groe·

1034 1586 1083 1619 cis
1106 1591 1248 1619 vocatur
1269 1587 1420 1628 Europa,
1441 1586 1503 1618 sed
1525 1596 1546 1618 a
1568 1585 1732 1619 Pboeuice

1035 1641 1168 1669 tantum
1182 1637 1218 1668 in
1233 1637 1385 1676 Cretam,
1394 1640 1431 1668 et
1442 1646 1461 1667 e
1471 1637 1575 1668 Creta
1589 1636 1623 1668 in
1637 1635 1731 1668 Afri-

1036 1688 1135 1721 cam?
1191 1687 1295 1729 Apud
1325 1687 1506 1719 Moschum
1533 1691 1637 1718 antea
1671 1687 1731 1719 cit.

1037 1740 1139 1782 Idyu.
1153 1739 1262 1780 initio,
1276 1739 1436 1778 refertur,
1449 1737 1529 1769 dum
1540 1737 1651 1769 adbuc
1665 1737 1732 1768 vir-

1037 1800 1081 1832 go
1107 1789 1286 1822 Phoenicia
1308 1792 1502 1821 versaretur
1526 1787 1675 1829 Europa,
1698 1787 1734 1819 in

1036 1840 1162 1873 somnis
1187 1840 1252 1871 sibi
1274 1839 1391 1871 videre
1413 1838 1486 1869 visa
1506 1841 1616 1869 terras
1639 1836 1735 1876 duas,

1037 1890 1166 1930 Asiam,
1179 1893 1215 1921 et
1226 1890 1368 1921 alteram
1380 1887 1412 1920 ei
1425 1886 1631 1928 oppositam,
1639 1885 1683 1917 de
1696 1895 1734 1918 se

1037 1939 1287 1974 contendentes
1300 1949 1308 1970 :
1325 1937 1482 1970 muliebri
1494 1936 1602 1968 forma
1613 1941 1734 1968 erant:

1036 1991 1156 2022 harum
1181 1990 1292 2021 altera
1311 1987 1492 2030 peregrino
1507 1986 1603 2018 vultu
1621 1989 1658 2017 et
1677 1985 1734 2016 ba-

1037 2040 1130 2078 bitu;
1150 2039 1260 2071 altera
1271 2037 1390 2069 similis
1401 2040 1478 2069 erat
1487 2035 1673 2077 indigenae,
1685 2038 1737 2066 at·

1038 2098 1104 2132 que
1118 2092 1158 2120 ut
1179 2087 1286 2120 filiam
1299 2086 1406 2128 magis
1420 2084 1630 2124 vindicabat,
1644 2083 1734 2126 qnod

1039 2149 1114 2172 eam
1130 2138 1306 2180 genuisset
1319 2146 1360 2169 ac
1375 2135 1594 2168 nutrivisset:
1618 2143 1736 2166 verum

1039 2190 1149 2222 altera
1181 2188 1303 2220 validis
1335 2185 1547 2220 contendeus
1581 2183 1735 2216 manibus

1040 2241 1198 2272 trahebat
1221 2248 1288 2271 nnn
1309 2238 1463 2276 invitam,
1490 2235 1580 2279 quod
1605 2244 1649 2267 ea
1671 2233 1736 2266 sibi

1040 2288 1114 2320 fato
1129 2289 1302 2319 destinata
1317 2290 1418 2323 esset,
1432 2289 1497 2318 &c-

1082 2337 1193 2368 Seetus
1201 2337 1299 2376 orbis]
1316 2338 1420 2368 Fama
1430 2335 1497 2367 fuit
1505 2334 1623 2366 orbem
1632 2341 1738 2375 quou-

1039 2386 1118 2418 dam
1134 2390 1242 2418 totum
1258 2386 1491 2416 continentem
1505 2383 1679 2421 extitisse3
1702 2386 1738 2413 at

1040 2436 1250 2476 irrumpente
1270 2432 1415 2464 subinde
1438 2431 1479 2462 ad
1500 2430 1661 2463 Herculia
1679 2440 1734 2462 co-

1040 2486 1170 2517 lumnas
1194 2484 1334 2516 Oceano
1354 2485 1484 2513 sectum
1507 2489 1548 2512 ac
1568 2480 1735 2511 divisum:

1041 2540 1077 2568 et
1103 2535 1182 2566 hine
1203 2542 1296 2565 mare
1326 2531 1619 2563 Mediterraneum
1647 2539 1736 2562 esse.

1042 2585 1134 2617 Plin.
1158 2593 1197 2615 ιι.
1215 2585 1268 2615 90.
1291 2584 1301 2600 ‘
1314 2581 1474 2613 Oceanus
1486 2581 1521 2612 in
1537 2585 1646 2612 totum
1661 2579 1736 2612 abs-

1041 2635 1122 2667 tulit
1150 2637 1270 2666 terras.
1320 2632 1471 2663 Primum
1501 2630 1648 2662 omnium
1678 2629 1736 2660 ubi

1041 2683 1251 2716 Atlanticum
1266 2690 1358 2713 mare
1382 2684 1446 2720 est,
1466 2680 1496 2712 si
1510 2679 1647 2712 Platoni
1662 2688 1736 2710 cre-

1040 2734 1162 2775 dimus,
1177 2732 1339 2765 immenso
1361 2729 1499 2773 spatio:
1542 2730 1588 2762 Et
1601 2729 1662 2761 lib.
1676 2737 1736 2761 ιιι.

1906 2987 1916 3094 ,Α-Ἀμ-.
1912 2941 1916 2975 --
