1916 3190
606 264 881 296 camimum
915 263 1012 295 niu.
1045 262 1120 294 ιιι.
1149 252 1191 293 3.
1543 249 1630 293 385

405 358 511 400 Hac
531 362 573 400 te
594 363 843 407 merentem,
866 355 1048 398 Bacche
1069 359 1211 409 pater,
1231 358 1318 396 tuae

403 425 579 467 Vexere
597 426 748 479 tigres,
767 422 949 465 indocili
961 421 1117 477 jugum

463 492 595 535 Collo
613 493 861 535 trahentes:
891 492 974 534 hae
996 489 1212 542 Quirinus
1576 489 1630 530 15

518 559 676 603 Martis
694 559 824 613 equis
845 557 1097 599 Acheronta
1116 557 1252 610 fugit3

406 626 596 668 Gratum
617 627 794 668 elocuta
814 625 1157 668 consiliantibus

404 693 434 735 J
438 707 581 735 unone
600 693 761 736 Divis:
794 693 928 744 Ilion,
949 692 1068 734 llion

176 821 263 845 roseo
282 817 390 846 ncta·-
412 815 512 854 potal.
559 814 628 845 lata
651 814 768 845 clarum
784 815 827 852 le,
846 812 942 848 Liber
954 814 1057 853 pater,
1070 815 1196 843 tmaeere
1210 815 1274 843 tuae
1290 811 1391 850 tigres
1404 809 1555 841 indomita
1569 818 1634 840 cer-

178 855 244 887 vice
250 855 522 896 jamsomes.
553 857 616 887 Per
630 857 723 887 istam
739 855 890 887 Romulus
907 855 1025 886 Martis
1038 854 1128 895 equis
1141 853 1259 896 effugit
1273 853 1407 893 [κίεν-οε,
1416 853 1541 884 sunone
1554 852 1635 891 opud

179 897 266 929 Deos
279 899 442 930 eonsilium
455 899 602 931 habentes
617 899 738 931 dicente
751 907 817 930 rem
824 898 996 938 ,iucundam
1007 908 1018 928 .-
1037 897 1192 930 Famem
1206 895 1328 940 (dixit)
1343 899 1373 927 et
1383 894 1569 938 flagitiosum
1583 903 1635 925 ar-

796 983 836 997 00

997 1013 1012 1030 e

183 1037 293 1078 Lipss.
308 1039 340 1068 1.
355 1042 392 1070 et
407 1040 440 1069 3.
467 1047 487 1068 a
507 1047 552 1069 m.
577 1047 629 1078 pr.
656 1038 760 1069 Desa.
776 1040 808 1069 2.
832 1037 982 1069 Helmst.
1007 1035 1112 1068 Brod.
1138 1036 1278 1067 Venett.
1302 1035 1385 1067 Aac.
1403 1035 1524 1066 Heius.
1545 1034 1636 1067 Sivr.

186 1079 343 1111 Probent
365 1084 402 1111 et
422 1079 574 1111 Messon.
590 1080 652 1111 vit.
668 1079 714 1111 H.
730 1090 763 1120 p.
779 1082 854 1111 168.
876 1079 996 1111 Klotz.
1012 1079 1109 1110 lectt.
1123 1078 1210 1109 Ven.
1236 1088 1271 1119 p.
1286 1080 1362 1110 284.
1408 1077 1546 1119 Negant
1564 1078 1637 1110 VV.

183 1121 265 1153 DD.
278 1131 378 1162 posse
395 1121 599 1162 Angustum,
612 1122 639 1152 si
657 1123 709 1152 vel
727 1122 874 1153 maxime
882 1121 956 1162 jam
973 1122 1072 1153 Deus
1089 1121 1147 1159 sit,
1160 1121 1262 1152 simul
1277 1120 1312 1151 in
1327 1124 1419 1152 terra
1430 1124 1636 1161 presentem

185 1164 329 1204 versari,
339 1164 528 1206 eodemque
544 1170 700 1205 tempore
717 1165 751 1195 in
764 1165 852 1205 coelo
867 1163 1070 1196 accumbere
1083 1174 1093 1202 ;
1115 1163 1208 1204 quod
1220 1167 1258 1195 et
1270 1162 1469 1195 Harduinus
1486 1163 1573 1195 male
1589 1161 1641 1194 fe-

185 1205 296 1238 rebat.
341 1206 495 1239 Praestat
508 1207 586 1239 bibit
602 1212 638 1238 et
654 1215 770 1238 sensus
785 1206 969 1248 elegantia,
984 1211 1020 1238 et
1034 1205 1254 1238 auctoritate.
1287 1206 1346 1238 Sic
1360 1205 1448 1238 enim
1466 1204 1639 1246 Porphyr-

185 1248 835 1324 ἱῗῖἑὶώιμέἩῖὧμιῗέἓέέἒῦιῖἒ·
851 1247 1640 1330 ῗ“.“ἶ“ῗ)ἒὲἰῖἷ.“ἑ“ιῗί.3ἓἛξέῗέᾞὶῗῗῑρῗ

185 1335 219 1364 2.
244 1334 278 1365 4.
302 1333 343 1366 it.
365 1337 397 1366 1.
421 1337 458 1366 et
479 1336 511 1366 ⁸.
536 1344 556 1366 a
578 1343 623 1366 m,
647 1343 674 1365 s.
697 1333 796 1365 Harl.
825 1336 855 1365 1.
880 1335 913 1365 8.
937 1335 969 1365 6.
1004 1333 1092 1365 Altt.
1121 1330 1266 1365 Locher.
1299 1333 1419 1365 Basill.
1448 1334 1487 1364 it.
1520 1332 1639 1364 bamb.

187 1374 290 1418 Crnq.
304 1376 405 1408 Torr.
422 1376 558 1409 Fabric.
577 1377 617 1408 Τ.
633 1375 716 1408 Fab-
735 1375 842 1415 Rutg.
860 1375 982 1416 Steph-
997 1375 1114 1407 Bentl.
1130 1377 1234 1408 Baxt.
1248 1375 1330 1408 Jon.
1346 1375 1433 1407 eun.
1451 1375 1532 1406 San.
1547 1374 1643 1414 Jani,

188 1416 330 1458 Bipont.
346 1417 486 1450 Mitscln.
501 1418 643 1450 Wetzel.
657 1417 778 1450 Comb.
793 1415 932 1450 Wakef.
947 1422 985 1449 et
1000 1417 1107 1450 Kidd.
1152 1417 1232 1450 Vid.
1248 1417 1364 1457 Heyn.
1388 1417 1432 1449 ad
1450 1417 1548 1457 virg.
1564 1417 1640 1448 AEn.

187 1501 331 1541 arridet,
354 1507 419 1535 n'ec
443 1503 555 1535 minus
578 1502 740 1535 Bentleio
768 1507 804 1534 et
830 1502 999 1535 Gesnero.
1044 1503 1108 1535 Est
1132 1503 1270 1535 omnino
1287 1502 1506 1544 exquisitius,
1531 1502 1642 1543 inquit

186 1542 280 1576 Sani.
311 1545 420 1578 Putat
435 1545 553 1579 Bentl.
566 1546 615 1578 sic
631 1550 667 1577 et
683 1545 806 1586 legisse
825 1545 1017 1578 Comment.
1031 1546 1189 1587 Cruquii,
1201 1546 1280 1577 dum
1297 1545 1446 1577 ascribat
1460 1556 1468 1575 ε
1494 1546 1503 1562 ‘
1519 1544 1641 1585 Patria

188 1585 423 1621 virtute·’—1'1
447 1586 588 1621 withof-
603 1588 692 1629 conj.
708 1588 847 1620 Gratum
868 1597 895 1619 e.
909 1587 1157 1628 conciliantibus,
1178 1588 1213 1619 h.
1232 1598 1263 1620 e.
1286 1587 1469 1620 conciliare
1486 1586 1642 1618 conanti-

978 983 1037 995 m

840 1683 987 1715 NOTAE

232 1749 272 1778 1³
298 1746 371 1778 Hac
397 1749 427 1777 te
451 1750 631 1787 merentem,
658 1747 794 1788 Bacche,
816 1745 889 1787 ξα]
969 1750 1028 1781 -17
1047 1748 1191 1786 stratam
1203 1748 1321 1779 elocuta
1334 1747 1568 1780 consiliantibus
1581 1749 1643 1780 Ju-

188 1795 262 1828 Ista
277 1795 405 1836 pariter
422 1795 548 1827 virtute
565 1797 688 1836 clarus,
703 1806 723 1827 o
739 1796 889 1837 Bacche,
944 1807 1021 1828 none
1039 1796 1149 1837 Ditis]
1169 1797 1307 1831 ‚Iunone
1330 1797 1365 1829 in
1392 1798 1541 1829 Deorum
1563 1807 1644 1830 eon-

189 1844 343 1879 meruisti
372 1845 504 1877 divinos
546 1845 704 1885 honores,
731 1844 890 1887 ferasque
945 1848 1020 1879 silio
1035 1847 1172 1879 elocuta
1194 1857 1264 1879 rem
1282 1847 1388 1879 Marti
1408 1847 1552 1889 aliisque
1568 1858 1643 1889 gra·

190 1894 428 1926 intractabiles
450 1894 494 1927 ad
515 1904 651 1927 currum
675 1900 770 1927 tuum
787 1895 891 1936 junx-
947 1902 1034 1929 tam:
1058 1897 1194 1935 scilicet
1210 1907 1279 1929 non
1303 1898 1483 1948 prohibe‘re
1506 1907 1544 1930 se
1560 1907 1643 1940 quo·

191 1944 263 1983 isti,
291 1953 331 1976 ac
358 1944 494 1976 numine
521 1949 579 1977 tuo
605 1945 751 1977 domitas
771 1946 892 1987 jugum
945 1948 1054 1979 minus
1075 1948 1321 1980 immortalibus
1342 1954 1565 1980 accenseatur
1578 1948 1644 1979 Ro-

681 1463 753 1492 ant·
781 1459 858 1492 cod.
885 1459 1034 1500 Barthii,
1064 1459 1212 1492 Advers.
1238 1466 1374 1492 xxm.
1394 1462 1428 1492 9.
1457 1459 1513 1491 cui
1542 1459 1641 1490 valde
1700 1477 1708 1484 -

191 1993 285 2026 ferre
310 1994 456 2026 docuisti
481 1999 603 2026 natura
628 2005 689 2027 sua
710 1995 894 2040 indociles.

192 2043 312 2085 Tigres
334 2043 544 2076 ebriosorum
566 2043 739 2087 feritatem
764 2045 892 2086 optime

193 2093 399 2135 designantx
422 2094 512 2126 unde
539 2095 579 2127 iis
603 2095 730 2128 Bacchi
757 2105 892 2128 currum

195 2144 285 2177 trahi
314 2145 455 2185 dixere;
486 2153 547 2177 seu
574 2145 665 2188 quod
688 2146 818 2179 nullum
847 2146 892 2178 sit

194 2199 264 2227 tam
288 2194 387 2227 ferox
403 2195 590 2237 ingenium,
615 2196 705 2238 quod
724 2206 791 2228 non
812 2197 892 2229 vino

194 2251 409 2279 mansuescat
424 2251 460 2278 et
479 2247 664 2279 cicuretur.

238 2297 280 2328 1⁶
303 2295 377 2327 Hac
393 2295 545 2338 Quirinum
558 2296 678 2329 Martis
689 2296 776 2338 equas
789 2296 890 2331 Ache-

194 2348 287 2377 ronta
304 2345 417 2387 sugit]
442 2346 604 2381 Romulus
628 2348 730 2379 etiam
761 2339 890 2380 virtute

195 2394 320 2443 bellica
341 2395 494 2438 insignis,
514 2398 620 2429 veluti
634 2398 759 2430 Martis
780 2398 891 2440 patris

196 2445 248 2479 sui
262 2446 358 2489 equis
373 2446 525 2479 invectus
545 2447 589 2478 ad
607 2448 757 2489 Superos
773 2449 892 2489 evasit,

197 2494 351 2538 adeoque
394 2495 580 2530 infernales
621 2497 742 2539 effugit
787 2499 894 2532 lacus.

199 2543 289 2582 Vide
317 2546 390 2578 Cic.
412 2547 456 2579 de
483 2549 602 2590 Legib.
619 2558 644 2580 1.
662 2559 696 2580 n.
711 2552 744 2581 3.
790 2549 897 2581 Ovid.

200 2593 348 2637 Euat-1¹.
371 2598 381 2616 ‘
397 2597 454 2629 Fit
476 2597 574 2639 fuga:
601 2598 679 2630 Rex
704 2599 823 2640 patriis
846 2608 898 2630 as-

201 2649 254 2677 tra
278 2645 421 2685 petebat
444 2648 763 2689 maian-‚Quirites
777 2649 896 2680 Thura

201 2692 334 2726 ferant:
359 2695 563 2738 placentque
583 2707 703 2730 novum
720 2698 778 2739 pia
794 2698 896 2730 turba

203 2744 392 2777 Quirinum.
404 2766 412 2774 .
424 2746 575 2786 ,Templa
589 2749 667 2780 Deo
679 2748 781 2780 fiunt:
799 2748 895 2781 collis

190 2804 341 2841 'quoque
357 2794 468 2828 (lictus
485 2795 527 2827 ab
542 2797 626 2828 illo.'

290 2848 405 2888 Delph·
418 2850 447 2878 el
466 2847 540 2879 var.
553 2848 637 2882 clas.

850 2835 853 2837 l
874 2849 991 2882 Horat.

944 1999 1065 2035 mulus,
1096 1997 1188 2040 quod
1217 2007 1340 2039 graves
1378 1998 1445 2029 iras
1481 1998 1643 2029 adversus

943 2047 1111 2088 TroJanos
1130 2056 1316 2089 eorumque
1336 2052 1492 2089 posteros
1507 2047 1643 2079 Paridis

943 2106 1049 2129 causa
1063 2097 1192 2129 dudum
1213 2102 1400 2139 conceptas
1423 2097 1499 2139 ipsa
1512 2106 1555 2129 ex
1572 2098 1645 2130 ani·

942 2156 998 2179 mo
1016 2146 1089 2188 jam
1105 2147 1323 2188 deposuerat.

989 2197 1250 2240 Conciliat-ibus]
1285 2197 1566 2230 Deliberautibus
1600 2197 1645 2229 de

943 2247 1144 2289 recipiendo
1165 2248 1198 2280 in
1214 2248 1338 2280 coelum
1354 2248 1511 2286 Romulo,
1532 2246 1646 2288 deque

943 2295 1016 2330 fato
1033 2297 1173 2339 Imperii
1191 2298 1347 2330 Romani.
1386 2298 1456 2329 Cic.
1474 2297 1518 2327 ad
1533 2297 1644 2328 Attic.

944 2356 1007 2380 xv.
1020 2351 1072 2380 10.
1095 2350 1105 2366 ‘
1121 2347 1266 2380 Difficili
1279 2347 1322 2378 ad
1339 2346 1586 2378 consiliandum
1602 2347 1648 2378 le-

943 2398 1104 2439 gatione:
1146 2397 1258 2428 Tacit.
1273 2396 1453 2428 Hister-n.
1472 2397 1481 2412 ‘
1495 2395 1646 2428 Rediere

946 2458 1063 2480 omnes
1077 2447 1266 2479 Bononiam
1282 2445 1518 2478 consiliaturi!

991 2500 1032 2528 18
1054 2497 1150 2536 Ilien,
1167 2496 1266 2538 Ilion]
1287 2496 1421 2528 Motum
1446 2496 1547 2528 animi
1570 2505 1647 2537 gra-

947 2557 1025 2579 vem
1048 2547 1179 2579 iudicat
1202 2546 1387 2588 geminatio
1416 2547 1520 2583 vocis.
1550 2553 1646 2579 vete-

948 2607 1087 2639 remque
1107 2598 1192 2629 iram
1213 2597 1386 2638 exprimit.
1430 2597 1542 2629 Porro
1557 2598 1647 2630 sicut

950 2658 971 2679 a
986 2647 1074 2680 Troe'
1099 2648 1192 2688 Rege
1215 2646 1321 2688 Treja
1336 2652 1372 2679 et
1393 2647 1512 2686 Tro-s,
1534 2648 1582 2679 sic
1602 2648 1646 2680 ab

949 2697 1003 2729 Ilo
1015 2697 1086 2738 ejus
1101 2696 1170 2728 filio
1184 2696 1286 2728 Ilium
1307 2701 1345 2728 et
1365 2697 1508 2729 Ilienses
1524 2707 1647 2730 nomen

950 2747 1064 2780 sortiti
1079 2751 1177 2779 sunt:
1200 2756 1276 2779 enm
1293 2746 1348 2778 hie
1363 2755 1437 2778 eam
1451 2747 1647 2789 ampliasset

949 2797 1082 2836 urbem,
1097 2806 1195 2839 quam
1212 2797 1343 2839 priore·
1358 2797 1579 2829 condiderant
1594 2807 1646 2829 re·

1486 2851 1560 2886 ΞΒ
