1916 3190
627 253 899 286 οΑκΜιΝυΜ
936 253 1030 284 ua.
1064 252 1116 284 ιι.
1149 244 1218 285 19.
1561 243 1646 285 355

422 348 510 398 Tu,
530 361 631 390 cum
651 348 844 403 parentis
862 360 996 401 regna
1013 361 1090 402 per
1111 347 1293 390 arduum

426 415 599 456 Cohors
620 416 840 469 gigantum
862 414 1093 456 scanderet
1111 414 1266 468 impia,

480 482 690 524 Rhoetum
711 481 927 538 retorsisti
947 482 1088 522 leonis

539 547 773 602 Unguibus
792 547 1082 602 horribilique
1102 548 1249 600 mala3

423 614 706 670 Quanquam,
726 615 896 656 choreis
916 615 1064 668 aptior
1083 619 1125 656 et
1138 615 1260 670 jocis

423 681 638 736 Ludoque
657 682 818 731 dictus,
838 692 923 722 non
944 686 1016 722 sat
1035 681 1225 722 idoneus

479 749 648 803 Pugnae
667 748 906 799 ferebaris;
935 747 1011 789 sed
1031 748 1145 789 idem

537 815 672 858 Pacis
690 827 788 857 cras
808 815 1067 869 mediusque
1089 814 1210 856 belli.

195 912 276 944 Cum
292 921 367 944 vero
381 913 530 944 scelerata
547 913 723 952 Gigantum
737 917 841 945 turma
852 922 909 954 per
922 912 1052 945 sublime
1065 916 1222 954 appeteret
1242 913 1411 954 Imperium
1433 913 1524 944 Jovis
1540 915 1644 954 patris

193 955 254 995 tui,
264 957 300 985 tu
315 954 462 986 moeeum
475 954 615 993 deiecisti
629 956 760 987 leoninis
774 955 926 994 unguibus
939 966 976 987 ae
986 956 1123 987 terribili
1142 956 1272 987 maxilla
1282 966 1294 986 .·
1316 955 1455 996 quamvis
1467 957 1643 987 saltationi-

192 996 259 1033 bus,
267 996 526 1035 cavillationibus,
536 997 715 1038 luxibusque
725 997 886 1028 habebaris
893 999 993 1037 magis
1002 999 1139 1037 idoneus,
1151 998 1258 1029 necita
1273 999 1314 1028 cul
1325 998 1494 1028 certamina
1508 999 1622 1030 habilis
1633 1011 1643 1030 .-

192 1042 400 1070 verumtanoen
410 1039 482 1079 paci
495 1043 588 1080 atque
604 1039 679 1071 bello
696 1040 865 1071 communis
878 1049 957 1070 eras.
1003 1040 1156 1071 Innoxius
1177 1044 1207 1070 te
1230 1040 1383 1071 Cerberus
1405 1041 1529 1080 aspexit
1549 1050 1642 1072 aureo

802 1122 1040 1135 eeeeeeeeeeee

193 1174 355 1216 eiusdem,
367 1175 614 1213 &sesana—21
637 1175 716 1208 Tum
731 1186 800 1207 cum
812 1177 956 1216 parentis
967 1175 1046 1208 edd.
1058 1175 1314 1218 quaedam—23
1329 1180 1339 1195 ‘
1355 1176 1502 1208 Rhoeeum
1524 1177 1641 1209 Lamb.

193 1217 298 1259 Cruq.
311 1217 460 1249 anneb.
477 1217 564 1249 Λᾶν.
583 1226 619 1248 x.
630 1220 684 1250 22.
709 1218 828 1250 Heins-
844 1219 928 1250 Fab.
942 1218 1063 1260 Steph.
1078 1220 1182 1251 Baxt.
1200 1219 1324 1251 Dacer.
1340 1223 1376 1250 et
1391 1220 1511 1252 Jones.
1556 1220 1642 1250 Esse

193 1259 291 1291 aiunt
303 1269 346 1290 ex
359 1259 423 1291 Gr.
437 1259 567 1296 Ῥοῖκος,
584 1260 643 1300 qui
669 1265 875 1292 memoretur
897 1270 956 1301 ap.
968 1261 1128 1302 Apollod.
1143 1270 1200 1293 ιιι.
1217 1264 1249 1293 9.
1274 1261 1395 1293 AElian.
1409 1270 1493 1293 xm.
1513 1265 1541 1293 l.
1564 1262 1644 1295 Cal-

192 1301 264 1333 lim.
288 1301 416 1343 Hymn.
440 1301 540 1333 Dian.
555 1304 631 1333 221.
674 1302 744 1333 Sed
760 1311 837 1333 cnm
851 1302 953 1343 objici
970 1303 1091 1343 possit,
1111 1304 1199 1335 hunc
1224 1304 1431 1335 Centaurum
1459 1313 1549 1341 esse,
1573 1313 1640 1336 non

191 1342 386 1384 giganteum
409 1346 480 1374 tum
494 1353 563 1375 non
577 1344 686 1374 solum
702 1344 812 1385 ipsum
835 1344 928 1376 illum
945 1344 1157 1377 Centaurum
1173 1346 1283 1377 Latini
1299 1355 1429 1376 summa
1444 1346 1640 1377 constantia

191 1385 339 1417 thoetm
354 1384 542 1422 nominant.
557 1385 643 1427 (vid.
661 1385 793 1426 Bentl.)
809 1386 870 1417 sed
885 1387 990 1418 etiam
1007 1392 1075 1418 tam
1091 1387 1122 1418 11.
1139 1388 1162 1418 l.
1177 1397 1277 1428 quam
1293 1386 1353 1418 inf.
1370 1395 1431 1418 ιιι.
1456 1387 1527 1419 Od.
1539 1390 1571 1419 4.
1587 1390 1640 1419 56.

190 1430 306 1459 o'mnes
321 1426 430 1459 Codd.
443 1427 587 1468 Cruquii
602 1427 750 1468 (preter
762 1428 922 1460 Blandin.
938 1429 1112 1471 antiquiss.
1128 1430 1200 1470 qui,
1216 1435 1251 1460 at
1267 1438 1344 1460 cum
1361 1429 1477 1468 litura,
1493 1429 1641 1460 RItoecum

189 1467 360 1510 exhibet),
373 1477 490 1500 omnes
505 1469 622 1500 Bentl.
637 1476 674 1501 et
686 1469 847 1502 Torrent.
863 1470 943 1501 item
958 1471 1104 1502 Mentel.
1118 1471 1262 1512 Fraueq.
1276 1471 1375 1502 Dess-
1392 1474 1424 1502 l.
1438 1473 1470 1502 2.
1489 1470 1597 1510 [λίβες.
1610 1474 1640 1502 1.

188 1514 223 1544 8.
237 1513 270 1543 8.
284 1514 318 1543 4.
338 1520 520 1553 omnesque
535 1512 635 1552 editt.
660 1517 741 1543 ante
764 1522 888 1544 annum
908 1515 1003 1544 1550.
1027 1514 1306 1545 constantissime
1327 1513 1454 1544 liabent
1480 1513 1641 1552 Rhoetum,

189 1553 243 1586 vel
265 1553 468 1593 aberrando,
490 1553 675 1592 muham,
703 1555 858 1592 Roetlium,
884 1555 1022 1593 Rittium,
1050 1556 1199 1596 Blucium,
1226 1556 1375 1594 nemum,
1401 1555 1560 1594 Roethum‚
1582 1557 1639 1595 ξε.

187 1595 279 1635 unde
303 1600 340 1627 et
366 1596 414 1627 sic
440 1596 539 1636 Rntg.
562 1596 679 1627 Bentl.
701 1597 784 1628 San.
797 1603 833 1627 et
848 1597 937 1628 Sivr.
971 1597 1103 1629 Rhoetm·
1119 1598 1207 1628 Cun.
1253 1598 1481 1627 vindicarunt
1521 1607 1634 1637 uoque

189 1637 337 1669 meeum
352 1638 525 1678 gigantem
539 1639 616 1669 VV.
630 1638 708 1668 DD.
727 1637 769 1668 ad
785 1638 902 1669 Sidon.
919 1638 1034 1678 Apoll.
1053 1648 1105 1670 vr.
1118 1639 1181 1670 24:
1202 1639 1291 1669 Jani.
1336 1639 1472 1669 Rethmn
1525 1639 1587 1669 arl.
1604 1642 1637 1671 2.

186 1682 219 1711 4.
243 1679 398 1711 nahem
424 1678 520 1711 Harl.
542 1683 574 1710 5.
610 1679 777 1710 Rhoethum
801 1680 881 1711 Vet.
909 1680 1030 1712 Comb.
1067 1681 1212 1711 fflnoerum
1230 1681 1328 1711 Harl.
1343 1683 1374 1711 ὃ.
1402 1680 1498 1719 Jaui,
1525 1680 1635 1712 Zeun.

187 1721 327 1753 Mitsch.
352 1721 492 1761 Bipont.
520 1721 664 1752 Wetzel.
693 1720 829 1753 Wakef.
854 1727 890 1752 et
915 1722 1108 1753 mam-24
1132 1723 1246 1753 Bentl.
1271 1732 1315 1753 ex
1341 1722 1485 1753 Aci-oni.-
1511 1723 1636 1761 verbis,

189 1763 349 1794 {maxilla
372 1762 596 1803 metuendus:
623 1762 714 1803 conj.
743 1763 975 1805 horribilisque.
1021 1765 1030 1782 ‘
1046 1763 1094 1795 At
1110 1773 1210 1805 quam
1234 1763 1348 1795 debile
1375 1764 1457 1795 hoc!
1482 1768 1636 1796 attamen

839 1849 983 1881 NOTAE

186 1910 340 1943 Thraciae
355 1911 492 1952 populi3
520 1916 554 1943 et
576 1910 773 1943 Bistonides
789 1912 884 1944 muli·
938 1912 1087 1944 extitere
1107 1912 1277 1953 Dionysii,
1293 1912 1402 1953 iuquit
1424 1912 1565 1945 Diodor.
1582 1913 1636 1945 Si-

188 1969 264 1992 eres
291 1960 416 1992 ibidem
438 1969 535 1992 sacra
549 1960 684 1992 Baccho
703 1959 882 1995 facientes.
937 1961 1001 1993 cul.
1016 1970 1050 1994 v.
1062 1964 1092 1994 Ι.
1114 1962 1216 1993 Prior
1224 1971 1330 1993 senex
1344 1962 1508 2002 promissa
1518 1962 1635 2003 barba,

188 2009 252 2041 Est
280 2013 317 2041 et
348 2009 503 2041 Bistonia
534 2010 613 2042 urbs
640 2019 748 2051 prope
777 2020 884 2051 mare,

187 2059 288 2091 hodie
303 2059 429 2092 Bouron
440 2060 545 2092 dieta.

198 2131 204 2134 <
228 2111 270 2141 21
297 2109 356 2146 Ta,
379 2119 448 2142 cum
470 2109 622 2151 paternis,
638 2110 708 2151 ξι]
730 2110 823 2144 Quin
843 2116 881 2143 et

186 2159 350 2199 preclare
376 2169 397 2190 a
411 2164 446 2191 te
462 2159 495 2190 in
510 2159 601 2192 bello
616 2164 715 2201 gesta
729 2161 881 2192 celebra-

186 2208 243 2239 bo.
271 2208 324 2239 'l'u
338 2209 440 2252 enim,
454 2210 601 2245 Bacche,
616 2219 715 2250 opem
726 2210 805 2242 Jovi
821 2219 879 2250 pa-

185 2258 230 2289 tri
247 2262 307 2290 tuo
321 2259 493 2300 egregiam
508 2269 713 2301 operamque
733 2260 878 2296 navasti,

185 2307 322 2348 qnando
333 2308 435 2350 impie
446 2313 622 2343 tentarunt
633 2309 799 2350 Gigantes
812 2320 879 2342 coe-

184 2358 254 2390 lum
268 2358 446 2397 scandere,
469 2364 600 2391 montes
625 2359 795 2391 montibus
817 2361 878 2392 im-

186 2408 355 2448 ponendo.
409 2409 493 2440 Tum
527 2408 694 2450 siqnidem
731 2414 880 2442 assumta

186 2458 293 2489 leonis
318 2458 446 2499 specie,
467 2458 634 2499 unguibus
657 2463 693 2490 et
715 2459 877 2491 dentibus

186 2507 405 2543 decertando,
416 2509 574 2540 Rlioetum
588 2509 740 2550 aliosque
753 2509 877 2545 vicisti,

188 2556 359 2596 dejecisti,
386 2557 584 2598 profligasti.
629 2559 756 2590 Leonis
786 2560 876 2599 pelle

188 2604 342 2636 indutum
378 2616 543 2647 pugnasse
577 2609 752 2641 Bacchum
782 2609 878 2641 aiunt

186 2655 255 2690 alii,
283 2655 481 2697 leoninaque
502 2658 666 2690 audacia:
690 2659 779 2701 quod
802 2659 875 2700 qui-

187 2705 264 2736 dem
288 2704 398 2735 minus
417 2703 616 2740 fabulosum.
660 2708 803 2741 Diodor.
818 2718 873 2740 ve-

186 2763 225 2785 ro
241 2749 419 2793 pardorum
434 2754 574 2793 pellibus
587 2765 682 2789 nsum
693 2757 811 2790 refert.

94 2811 101 2814 -
170 2823 173 2826 ,
229 2806 270 2836 25
296 2803 492 2846 Quanquam,
509 2805 627 2838 choreis
650 2808 768 2849 aptior]
794 2809 875 2840 Duo

935 2021 978 2043 ex
998 2012 1106 2044 veteri
1127 2021 1234 2044 more.
1278 2013 1378 2045 Alter
1390 2013 1541 2053 juvenis,
1556 2023 1635 2054 spe-

935 2062 1068 2102 ciosior,
1086 2066 1123 2093 et
1147 2061 1338 2095 deliciosus.
1383 2062 1417 2093 1s
1432 2063 1631 2103 Satyrorum

934 2113 1127 2152 saltatione,
1144 2112 1226 2154 risu,
1238 2118 1274 2145 et
1283 2114 1368 2154 joco
1383 2113 1631 2145 delectabatur.

936 2161 1065 2195 Omnes
1080 2163 1184 2195 etiam
1198 2164 1257 2205 qui
1272 2164 1306 2195 in
1323 2165 1478 2196 exercitu
1494 2165 1632 2196 musicis

933 2217 1193 2249 exercerentur,
1215 2213 1378 2245 immunes
1401 2213 1499 2245 feeit.
1544 2214 1632 2246 Haec

933 2262 1034 2293 Diod.
1049 2263 1101 2294 Ex
1117 2263 1239 2304 quibus
1254 2264 1414 2295 mollities
1429 2264 1556 2295 Bacchi
1573 2274 1631 2294 no-

930 2316 1036 2352 tatur,
1062 2313 1119 2354 qudi
1145 2314 1248 2346 etiam
1272 2313 1306 2343 in
1336 2313 1468 2343 Indiam
1491 2312 1630 2343 duxerit

930 2363 1122 2394 exercitum
1145 2363 1322 2394 mulierum
1348 2367 1384 2392 et
1407 2362 1628 2392 delicatorum

929 2412 1102 2443 hominum
1114 2412 1271 2451 tripudiis
1282 2415 1316 2441 et
1324 2410 1538 2442 cantionibus
1549 2420 1629 2450 ope-

930 2470 1001 2492 ram
1026 2461 1192 2492 dantium.
1225 2460 1367 2492 anian.
1392 2460 1427 2490 in
1456 2460 1546 2491 Dial.
1571 2460 1628 2491 cui

930 2511 1063 2548 titulus,
1076 2510 1086 2526 ‘
1099 2507 1291 2549 Dionysus!
1312 2508 1457 2539 Diodor.
1472 2509 1530 2540 cit.
1546 2511 1614 2541 &c-

972 2560 1089 2600 Aptior
1101 2559 1220 2597 εἰῶσι-129
1235 2558 1380 2598 Lucioque
1390 2558 1508 2599 dictus]
1543 2559 1623 2591 Huc

930 2611 1093 2650 pertinet,
1126 2608 1217 2649 quod
1247 2608 1349 2648 vulgo
1383 2607 1623 2640 circumfertur

928 2660 1084 2700 adagium
1097 2670 1106 2688 ε
1122 2659 1132 2676 ‘
1141 2659 1222 2690 Sine
1233 2658 1359 2690 Cerere
1370 2662 1407 2690 et
1417 2658 1552 2690 Baccho
1562 2658 1623 2691 fri-

927 2714 986 2750 get
1001 2707 1146 2741 Venus!

970 2761 1011 2790 27
1036 2759 1124 2790 Idem
1138 2758 1234 2789 Pacis
1253 2767 1322 2789 eras
1340 2758 1512 2799 „maiusque
1534 2758 1623 2798 belli]

930 2808 983 2839 Ad
1006 2813 1186 2850 utrumque
1208 2807 1351 2850 pariter,
1363 2818 1424 2841 seu
1441 2808 1484 2840 ad
1500 2818 1621 2851 pacem
