1916 3190
231 203 261 244 8
785 217 822 249 J.
855 218 907 250 M.
937 217 1153 249 casuum

291 308 384 360 Qui
402 311 485 352 hoc
513 315 681 364 potest,
713 311 790 352 ille
820 311 961 353 multo
990 311 1136 353 minus
1169 311 1418 354 movebitur
1447 313 1504 354 ab
1523 311 1595 362 iis,
1614 311 1690 366 qui

234 378 304 418 vel
323 378 516 419 omnium
541 379 755 419 bonarum
775 391 922 420 rerum
942 378 1092 428 rudes,
1107 379 1179 419 vel
1197 383 1312 421 certe
1331 378 1568 420 suavitatis
1588 377 1699 432 poe-

234 445 339 487 ticae
359 450 583 498 expertes,
604 449 680 486 aut
699 458 786 486 non
815 445 926 486 satis
956 444 1229 486 familiariter
1245 445 1412 487 versati
1432 457 1534 487 cum
1554 444 1697 498 scrip-

232 516 342 562 tore,
365 525 495 566 quem
517 518 788 554 contrectare
819 512 1005 562 audent,
1025 513 1242 566 corrigere
1273 511 1447 566 aliquid
1474 515 1520 553 et
1548 523 1694 553 emen·

234 579 340 621 dare
357 583 582 621 conantur.
639 580 773 622 Talia
792 581 929 621 multa
959 593 1059 621 cum
1090 592 1178 621 non
1208 580 1474 633 ignorarem,
1495 578 1694 634 praeterii

233 646 395 696 sciens,
416 659 470 688 ac
493 648 603 689 satis
622 648 756 689 habui
779 648 881 702 ipso
903 648 1079 689 silentio
1101 648 1155 688 de
1175 648 1265 690 illis
1278 647 1529 701 judicasse.
1579 646 1697 688 Ean-

234 713 334 754 dem
352 714 440 755 fere
456 714 666 756 rationem
688 716 806 756 tenui
823 716 942 756 circa
957 719 1241 770 portentosos
1262 714 1483 756 Harduini
1497 717 1697 764 conatus,

234 781 310 833 qui
330 781 376 821 in
397 780 808 831 Pseudo-Horatio,
830 786 960 835 parte
983 781 1181 835 Operum
1207 782 1380 823 Varior.
1402 779 1544 822 Amst.
1566 780 1695 822 1733.
1733 811 1739 814 <

231 846 306 887 fol.
352 847 517 901 Lyrica
545 849 766 902 opuscula
792 850 954 900 omnia,
975 862 1067 903 qua
1091 850 1268 891 solebat
1295 849 1626 903 importunitate
1648 853 1697 890 et

234 915 528 969 impudentia,
547 917 684 959 veteri
720 917 931 967 Horatio,
968 919 1098 972 cujus
1129 931 1234 959 esse
1262 917 1425 959 fatetur
1457 916 1697 958 Sermones

233 986 365 1036 atque
400 983 649 1037 Epistolas,
682 985 956 1039 abjudicata,
987 985 1156 1027 cohorti
1192 986 1395 1039 impurae,
1433 984 1479 1025 in
1514 984 1698 1025 cerebro

231 1050 377 1103 ipsius
409 1050 639 1101 nidulanfi,
661 1053 860 1102 ascribit,
883 1066 983 1106 quae
1006 1053 1174 1094 saeculo
1203 1063 1319 1093 xm.
1350 1065 1407 1094 ea
1435 1050 1698 1094 confinxerit

231 1120 276 1158 et
307 1117 505 1170 antiquis
536 1118 787 1160 hominibus
817 1133 895 1173 per
924 1119 1124 1161 fraudem
1144 1119 1395 1174 subjecerit,
1416 1132 1516 1173 quae
1535 1117 1698 1172 puerili

233 1184 495 1226 credulitate
516 1184 733 1237 Ciceroni,
754 1186 963 1240 Virgilio,
991 1187 1168 1237 ceteris,
1199 1185 1358 1228 eruditi
1383 1197 1554 1235 omnes,
1576 1187 1697 1226 ante-

233 1263 367 1305 quam
386 1253 485 1305 ipse
505 1253 763 1303 exoriretur,
784 1254 1028 1295 tribuerint.
1083 1252 1246 1307 Hujus,
1266 1251 1523 1306 speciminis
1542 1262 1696 1301 causa,

230 1323 439 1371 portenta
459 1319 666 1373 quaedam
687 1321 878 1373 insignia
897 1321 1131 1374 deportavi
1147 1332 1158 1372 3
1180 1324 1418 1362 ceterorum
1437 1331 1492 1360 ne
1510 1318 1695 1360 mentio·

230 1398 329 1426 nem
351 1386 530 1440 quidem
550 1387 797 1429 faciendam
820 1388 983 1429 censui.
1284 1402 1290 1404 *

291 1452 337 1493 N
339 1467 391 1495 ec
407 1455 546 1496 valde
568 1456 977 1498 commemorabiles
1006 1456 1217 1509 putabam
1237 1455 1351 1496 ullas
1371 1454 1695 1508 Trajectiones‚

232 1532 345 1573 quas
369 1521 486 1562 Dan.
510 1521 737 1572 Heinsius,
753 1527 799 1563 et
820 1523 1054 1573 Boivinus,
1078 1529 1125 1564 et
1140 1536 1227 1564 non
1257 1522 1320 1564 ita
1348 1521 1516 1576 pridem
1545 1520 1697 1561 Aldri-

232 1585 392 1636 chius,c
429 1589 666 1629 commenti
696 1593 825 1639 sunt;
857 1589 980 1643 quod
1013 1602 1153 1643 genus
1189 1587 1455 1631 emendandi
1488 1593 1583 1629 tum
1618 1587 1697 1628 de-

230 1666 350 1694 mum
378 1656 606 1709 probabile
626 1656 688 1706 fit,
709 1670 809 1698 cum
833 1662 979 1711 potest
997 1659 1111 1699 ratio
1133 1657 1478 1711 perturbationis
1507 1657 1577 1699 vel
1595 1656 1696 1698 folii

231 1721 363 1761 unius
402 1722 647 1775 pluriumve
684 1725 961 1778 traiectione,
991 1726 1060 1767 vel
1094 1738 1153 1767 ex
1187 1726 1422 1767 verborum
1455 1723 1695 1765 eorundem

231 1789 508 1841 repetitione,
530 1790 591 1831 ita
611 1792 730 1833 clare
753 1792 1061 1842 demonstrari,
1094 1797 1144 1833 ut
1176 1792 1322 1833 oculis
1347 1791 1468 1833 cerni
1487 1797 1532 1833 et
1551 1803 1694 1845 prope

231 1868 367 1895 manu
391 1858 534 1896 teneri
558 1870 626 1897 res
647 1860 808 1910 possit,
840 1859 1067 1912 quomodo
1091 1862 1287 1900 curatum
1308 1871 1336 1900 a
1354 1858 1484 1900 nobis
1506 1857 1698 1907 Demos-

233 1921 373 1961 thenis
393 1920 653 1962 Encomiurn
677 1923 946 1964 Lucianeum
963 1925 1236 1965 arbitramur.

289 1986 363 2027 An
393 1987 480 2028 huc
510 1988 739 2030 referimus
759 1989 893 2030 etiam
915 1990 1036 2030 illam
1057 1989 1326 2038 Sanadonis,
1344 1989 1558 2042 ingeniosi
1586 2003 1694 2033 sane

233 2059 366 2108 atque
389 2053 546 2096 eruditi
567 2055 772 2106 hominis,
789 2055 1119 2097 Ordinationem
1140 2054 1338 2096 Odarum
1360 2054 1554 2105 Horatii,
1574 2070 1694 2111 quae,

231 2135 288 2162 ne
309 2121 416 2174 quid
437 2121 559 2163 aliud
580 2122 797 2173 dicamus,
814 2128 1030 2177 repugnat
1054 2135 1141 2163 non
1176 2123 1300 2164 libris
1321 2123 1456 2167 modo
1476 2124 1695 2175 omnibus,

233 2201 421 2241 quorum
450 2189 506 2229 ad
537 2202 620 2232 nos
647 2191 860 2231 memoria
889 2190 1105 2244 pervenit,
1134 2190 1214 2231 sed
1235 2202 1335 2232 cum
1355 2190 1515 2232 ceteris
1536 2190 1697 2233 Geram«

233 2252 448 2305 maticis,d
475 2259 567 2297 tum
591 2256 815 2308 Diomedi,
845 2258 923 2311 qui
956 2256 1188 2298 Prisciano
1220 2265 1340 2299 certe
1371 2261 1416 2298 et
1445 2261 1573 2311 sexto
1608 2270 1696 2300 sae·

277 2359 291 2375 Φ
315 2354 384 2387 Qui
402 2363 443 2385 n.
460 2355 533 2388 Sat.
555 2358 588 2387 3.
613 2357 713 2397 plane
731 2357 832 2388 aliter
848 2356 940 2388 ordi·
993 2358 1025 2388 9.
1057 2355 1125 2387 Sed
1140 2355 1223 2387 licet
1238 2355 1287 2387 ita
1301 2354 1348 2387 sit
1362 2354 1466 2386 etiam
1482 2354 1518 2386 in
1532 2354 1694 2387 editionis

235 2403 343 2444 navit,
371 2403 413 2435 ad
442 2404 541 2445 cujus
566 2411 719 2438 mentem
745 2416 788 2438 ea
811 2406 941 2446 Eeloga
994 2405 1131 2438 Aldinae
1147 2410 1184 2438 et
1206 2404 1417 2437 Basileensis
1432 2404 1698 2447 exemplaribus,
1726 2404 1730 2405 ⁷

235 2463 400 2494 expressa
415 2459 470 2486 est
485 2456 519 2486 in
541 2456 636 2487 calce
651 2457 874 2489 Baxterianae
890 2466 943 2488 se·
995 2465 1062 2488 non
1076 2455 1200 2488 dubito
1214 2455 1297 2498 quin
1311 2455 1464 2496 sphalma
1479 2456 1526 2487 sit
1539 2455 1591 2487 illi
1605 2454 1695 2487 simi-

235 2502 371 2533 cuudae.
418 2503 470 2534 De
487 2504 622 2539 Heinsii
639 2510 674 2537 et
690 2506 824 2538 Boivini
839 2516 942 2539 cona·
995 2506 1028 2538 le
1043 2505 1134 2547 quod
1158 2514 1184 2537 1.
1206 2507 1239 2536 6.
1262 2514 1295 2546 p.
1317 2507 1393 2536 689.
1417 2503 1508 2536 med.
1530 2507 1694 2546 tanquam

237 2552 331 2583 tibus
348 2553 415 2584 vid.
431 2554 547 2587 Beutl.
565 2556 608 2588 ad
626 2565 666 2589 ιι.
686 2558 799 2598 Epist.
814 2560 848 2590 2.
863 2560 916 2590 87.
995 2566 1038 2588 ex
1061 2556 1170 2597 primo
1196 2555 1322 2587 citatur
1345 2563 1463 2587 versus
1490 2553 1628 2586 Horatii
1652 2562 1696 2586 11.

277 2602 293 2624 ὓ
315 2603 464 2644 Exeipio
478 2606 585 2637 solum
602 2606 773 2639 Priscian.
790 2617 815 2639 1.
834 2610 886 2640 14.
902 2617 937 2650 p.
994 2606 1064 2640 Od.
1082 2609 1134 2638 15.
1149 2607 1202 2638 14.
1223 2607 1233 2624 ‘
1248 2605 1352 2638 Nuna
1366 2603 1611 2647 decempedis,’
1625 2607 1694 2638 &c.

238 2655 313 2685 997.
345 2653 435 2684 med.
466 2655 523 2687 ubi
548 2655 676 2687 citatur
703 2657 827 2691 Horat.
852 2658 886 2689 in
912 2665 938 2690 1.
991 2657 1082 2700 quod
1111 2657 1186 2698 ipse
1211 2656 1410 2689 Priscianus
1438 2655 1611 2694 emendat,
1635 2656 1695 2698 qui

237 2704 315 2733 Car.
350 2703 360 2719 ‘
373 2703 506 2735 Ludere
546 2715 621 2736 cum
662 2706 777 2739 vitulis
815 2708 939 2740 salicto
992 2718 1018 2741 r.
1035 2711 1066 2740 8.
1082 2717 1114 2750 p.
1136 2709 1212 2740 794.
1233 2716 1283 2749 pr.
1299 2706 1418 2739 laudat
1434 2715 1476 2740 ex
1494 2707 1504 2725 ‘
1517 2704 1694 2742 secundm²

240 2753 497 2794 Praegestientis
513 2754 534 2793 3'
559 2756 647 2797 qnod
673 2763 726 2789 est
750 2766 794 2789 ιι.
819 2757 887 2792 od.
907 2761 938 2792 5.
