1910 3112
0 2396 32 2602 ffiawv-*xv'
0 2283 14 2388 *ww-esf
0 2260 4 2269 -
0 2246 2 2248 ⁴
0 2214 15 2235 -4
0 2195 8 2204 τ

60 2183 69 2192 .

490 608 556 672 J.
631 607 730 665 M.
802 602 1337 681 GESNERI

664 794 1187 845 PRAEFATIO.

200 1146 366 1204 Anno
384 1162 446 1204 ab
473 1160 675 1212 omnibus
703 1158 807 1200 inde
836 1159 1020 1200 saeculis
1049 1159 1297 1211 sategerunt
1324 1156 1446 1198 circa
1477 1156 1659 1198 Horatii

137 1275 149 1287 ⁸
202 1228 360 1271 Flacci
374 1228 566 1282 Eclogas
583 1226 784 1278 Lim-arii,
805 1225 1095 1280 htermetes,
1107 1224 1277 1277 Critici,
1292 1231 1342 1268 nt
1365 1226 1513 1280 possit
1530 1225 1661 1266 homo

202 1296 405 1350 diligens,
420 1295 495 1337 cui
511 1293 809 1336 Bibliotheca>
829 1297 1032 1347 pateant,
1059 1293 1192 1335 facile
1212 1294 1375 1336 librum
1390 1293 1662 1336 mediocrem

203 1363 277 1406 vel
296 1363 394 1406 sola
412 1362 544 1418 hujus
565 1361 724 1409 Po'etae
743 1361 988 1403 enarranda
1008 1360 1215 1404 Historia
1231 1361 1426 1404 literaria
1443 1360 1644 1415 implere.

261 1431 324 1473 Et
342 1434 508 1481 tamen,
529 1430 650 1485 quod
670 1430 765 1471 sine
783 1428 945 1483 injuria
964 1430 1228 1485 cujusquam
1246 1429 1436 1472 hominis
1452 1427 1667 1483 simplici-

204 1502 362 1552 terque
394 1497 562 1540 dictum
594 1497 815 1548 volumus»,
847 1496 1129 1539 desideratur
1159 1510 1189 1539 a
1218 1497 1368 1539 multis
1400 1496 1502 1539 inde
1535 1496 1666 1538 annis

205 1563 363 1610 Editio
382 1578 483 1620 quoe
501 1565 693 1620 primum
712 1565 849 1606 verba
871 1563 1097 1616 Auctoris,
1117 1569 1337 1619 quantum
1362 1566 1528 1619 potest,
1556 1564 1668 1605 inte-

206 1643 287 1685 gra
305 1635 441 1686 atque
471 1631 709 1674 emendata
732 1634 1033 1685 repraesentet,
1056 1645 1198 1686 neque
1238 1632 1481 1687 superioris
1514 1632 1671 1672 barba-

207 1698 289 1740 riei
307 1698 432 1740 vitiis
449 1697 643 1750 horrida,
669 1711 813 1752 neque
844 1697 1000 1740 eadem
1031 1705 1240 1752 corrupta
1270 1704 1319 1739 et
1348 1698 1613 1752 interpolata
1642 1710 1670 1738 a

211 1763 407 1808 Criticis.

266 1829 403 1881 Quod
420 1836 469 1873 ut
480 1830 678 1885 judicari
706 1831 867 1871 melius
895 1831 1055 1881 possit,
1077 1829 1214 1881 adjici
1236 1829 1449 1882 optabam
1467 1827 1672 1871 Varieta-

212 1903 306 1939 tem
333 1896 575 1944 lectionis,
605 1895 701 1935 sive
733 1895 791 1935 ab
822 1893 1015 1948 antiquis
1048 1894 1240 1936 librariis
1274 1907 1332 1937 ea
1367 1894 1569 1950 profecta
1600 1897 1673 1945 sit,

213 1963 311 2005 sive
342 1975 372 2003 a
403 1961 691 2004 recentiorum
719 1961 946 2003 hominum
966 1961 1145 2003 invecta
1163 1962 1372 2015 ingeniis,
1391 1976 1482 2005 non
1501 1976 1674 2006 omnem

211 2029 331 2071 illam
353 2028 549 2082 quidem,
574 2027 696 2083 quod
724 2027 941 2070 infinitum
971 2032 1056 2079 est,
1086 2033 1130 2072 et
1157 2030 1204 2070 in
1233 2029 1368 2081 libro,
1397 2031 1573 2085 qualem
1601 2031 1673 2072 hic

213 2095 522 2146 describimus,
550 2108 640 2137 nou
668 2096 980 2146 necessarium,
1009 2095 1088 2137 sed
1117 2109 1233 2147 eam,
1267 2109 1370 2152 quae
1399 2097 1473 2140 vel
1502 2101 1675 2139 senten-

214 2164 326 2206 tiam
355 2162 528 2213 Poetae,
553 2162 626 2204 vel
654 2166 847 2204 veterem
881 2161 1253 2217 Orthographiam
1280 2166 1433 2214 mutet,
1457 2164 1528 2206 vel
1557 2164 1677 2206 aliud

215 2230 503 2273 memorabile
520 2230 701 2281 habeat,
721 2229 846 2284 qnod
872 2243 958 2272 non
978 2230 1174 2283 ignorare
1192 2231 1306 2273 velit
1327 2231 1490 2286 aliquis
1510 2232 1677 2273 medio-

217 2298 348 2340 criter
374 2297 533 2339 horum
565 2297 814 2340 studiorum
842 2299 1065 2341 curiosus,
1123 2297 1247 2341 Nam
1268 2298 1348 2353 qui
1367 2299 1501 2353 plane
1520 2312 1568 2340 se
1588 2299 1677 2340 illis

218 2363 446 2415 dedidere,
477 2365 547 2406 his
581 2365 688 2407 nihil
716 2365 897 2407 nimium
918 2371 1004 2408 est.
1064 2365 1171 2408 Hoc
1190 2367 1325 2421 igitur
1356 2367 1548 2408 alterum
1569 2371 1678 2416 erat,

218 2432 344 2486 quod
365 2433 663 2486 requirebam.

278 2499 481 2554 Denique
502 2513 606 2542 eum
624 2500 822 2555 plurimi,
841 2500 947 2556 quin
976 2501 1177 2555 plerique
1196 2500 1285 2542 sint
1306 2498 1567 2543 Horatianae
1590 2500 1680 2541 ele-

223 2566 387 2618 gantiae
407 2564 616 2624 studiosi,
636 2569 714 2622 qui
744 2569 814 2610 vel
844 2582 923 2623 per
952 2571 1145 2619 aetatem,
1177 2568 1247 2610 vel
1275 2581 1358 2622 per
1376 2580 1679 2623 quascumque

225 2631 341 2672 alias
358 2634 462 2675 vitae
482 2648 576 2676 suae
605 2637 815 2686 rationes,
835 2649 923 2678 non
952 2636 1129 2690 possint
1160 2635 1271 2677 satis
1297 2635 1545 2689 intelligere
1564 2633 1681 2675 Poe-

147 2753 150 2756 *
224 2702 335 2749 tam,
353 2706 608 2744 novatorem
626 2703 671 2743 in
684 2704 831 2745 verbis
850 2716 1171 2758 nonnunquam,
1185 2703 1323 2746 multa
1339 2716 1364 2745 e
1381 2702 1544 2745 Graeco
1560 2703 1680 2745 fonte
