1916 3190
332 237 416 278 130
811 250 855 286 Q·
887 249 1098 279 HORA'ru
1134 249 1331 281 nacor

506 343 726 385 Fluctus?
757 343 808 384 o!
841 343 948 396 quid
972 343 1099 396 agis?
1130 344 1295 385 fortiter
1314 357 1486 398 occupa
1535 374 1537 377 -

562 411 762 452 Portum.
825 410 985 451 Nonne
1007 410 1152 460 vides,
1169 415 1217 452 ut

616 478 800 520 Nudum
821 479 1002 531 remigio
1024 479 1156 529 latus,

501 544 560 587 Et
579 545 722 586 malus
742 544 874 586 celeri
895 545 1073 586 saucius
1095 545 1266 596 Africo,
1755 549 1786 591 5
1828 551 1830 554 ’

328 674 407 703 tene.
450 671 566 703 Annon
576 672 678 703 cernis
687 672 768 713 quod
778 672 860 702 latus
875 674 961 702 tuum
975 673 1020 702 est
1030 670 1126 702 remis
1140 671 1333 713 destitutum,
1347 676 1379 704 ct
1394 673 1494 705 malus
1512 676 1620 705 auaro
1627 671 1785 714 praecipiti

939 775 1179 789 eeeeeeeeeee

328 857 367 884 nt
382 853 427 884 sit
443 853 678 893 interrogatio,
691 853 834 884 Venett.
847 854 941 884 1477.
959 854 1054 884 1478.
1072 855 1168 883 1479.
1191 851 1335 884 Ascens.
1350 852 1487 886 Marcii.
1502 853 1620 885 Bentl.
1637 853 1783 894 Cuning.

328 895 454 927 Sanad.
467 896 560 935 Jani,
575 896 717 927 Mitsch.
733 896 870 935 Bipont.
887 894 1032 926 Wetzel.
1050 894 1168 926 Comb.
1185 900 1221 926 et
1243 895 1349 926 Kidd.
1363 895 1420 926 alii
1437 905 1518 927 vero
1534 896 1635 927 colon
1653 900 1783 935 ponunt

326 942 407 977 post
435 938 584 970 Fluctuo:
609 942 647 969 ut
671 937 824 969 Lambin.
851 937 917 968 Cru
945 961 952 968 .
978 937 1136 968 Torreat.
1167 937 1287 969 Heius.
1313 938 1433 978 Steph.
1455 938 1583 979 Delph.
1609 937 1720 970 Bond.
1746 943 1784 970 et

325 980 504 1012 Schrevel.
520 985 685 1020 punctum
701 979 884 1011 rotundum
902 946 1106 1010 &alten-a
1131 979 1248 1010 Bentl.
1264 979 1353 1020 conj.
1375 989 1454 1011 none
1468 980 1565 1019 vides,
1579 983 1615 1011 ut
1630 980 1677 1012 N.
1691 990 1720 1012 r.
1735 981 1783 1011 lu-

327 1025 401 1054 tus?
421 1027 458 1054 et
473 1022 522 1054 sic
534 1022 708 1054 dederunt
722 1021 870 1062 Cuning.
887 1025 923 1052 et
937 1020 1127 1052 Sanam—5
1156 1021 1200 1052 Ut
1216 1022 1314 1053 nialus
1329 1022 1424 1053 celeri
1437 1022 1529 1063 conj.
1545 1022 1690 1064 Cuniug.
1735 1023 1783 1054 Et

972 1117 1005 1149 N
1010 1115 1114 1149 01·AE

326 1181 467 1223 fugatis,
479 1180 630 1214 fractus:
653 1183 751 1214 nulus
765 1183 877 1222 Africo
896 1181 1032 1222 saucius,

324 1232 475 1272 Magnus
500 1231 685 1272 Pompeius
710 1242 730 1263 a
753 1233 958 1272 Ptolemaeo‚
974 1232 1031 1263 ΙΕ-

325 1282 426 1324 gypti
461 1282 570 1324 Rege,
607 1281 739 1314 nefarie
776 1282 1026 1314 obtruncatus:

324 1335 468 1364 untennoe
495 1335 664 1372 gementes,
692 1333 874 1364 Senatores
903 1331 1027 1373 aliique

323 1380 507 1421 Principes
531 1381 690 1422 Pompeii
714 1380 822 1412 fatum
848 1380 1024 1412 dolentes:

321 1431 430 1462 carina
451 1431 520 1464 sine
529 1431 676 1470 funibus,
701 1431 857 1462 aerarium
877 1431 950 1462 sine
967 1439 1024 1470 pe-

324 1480 439 1519 cunia,
464 1473 539 1522 quae
565 1490 688 1511 nervus
716 1480 797 1511 beni
823 1484 897 1516 est:
928 1479 1027 1511 lintea

322 1540 383 1562 nem
406 1530 544 1572 integra,
559 1531 684 1562 vexilla
699 1536 735 1562 et
757 1530 907 1571 legiones
927 1529 1025 1561 dissi-

322 1585 435 1622 patae:
459 1591 582 1622 aequora
608 1582 762 1622 Cycladas
780 1581 915 1612 nitentes
928 1580 1025 1611 inter-

314 1630 406 1670 fusa,
427 1642 505 1673 quas
529 1633 643 1664 caveri
663 1637 767 1672 atque
783 1631 907 1662 evitari
924 1630 1024 1661 debe-

323 1686 408 1719 ant;
431 1680 644 1722 quorundam
669 1679 862 1722 potentium
888 1679 1026 1710 occulta

322 1730 478 1770 ambitio,
511 1731 707 1772 invidiaque
742 1731 862 1763 alienae
898 1729 1024 1770 glorian

323 1781 464 1822 Quippe
476 1781 509 1812 hi
518 1790 623 1823 saepe,
636 1781 792 1822 specioso
802 1779 946 1822 pnblicae
958 1779 1024 1811 nti-

321 1830 427 1862 litatis
444 1836 629 1871 praetextu,
646 1832 749 1863 rebus
774 1831 843 1862 suis
860 1830 1024 1862 student:

322 1887 425 1922 atque
442 1888 479 1914 nt
495 1883 656 1914 militaria
668 1883 822 1924 imperia,
837 1882 1025 1923 dignitates

322 1939 362 1961 ac
380 1931 599 1971 magistratus
614 1937 768 1972 captent,
784 1942 901 1973 pacem
918 1932 1025 1972 impe-

322 1977 436 2017 diunt,
446 1980 561 2012 turbas
576 1979 706 2020 fovent,
716 1982 849 2020 populis
864 1982 1025 2025 illudunt,

318 2029 507 2068 perniciem
522 2030 646 2060 civium
660 2030 854 2060 moliuntur.

365 2081 382 2108 l
406 2077 527 2117 Navis]
561 2079 661 2110 Bruti
686 2088 766 2118 pars
788 2078 933 2118 intelligi
963 2087 1022 2117 po-

321 2132 403 2167 test,
427 2129 518 2159 sicut
545 2128 763 2169 Pompeianae
791 2131 906 2167 partes
931 2127 1022 2157 Navi

305 2177 545 2219 ‚designantur
570 2178 660 2219 apud
687 2177 759 2209 Cic.
782 2176 894 2217 Epist.
923 2185 966 2208 ιι.
988 2179 1020 2207 5.

321 2232 358 2259 et
372 2236 438 2259 xu.
456 2231 510 2260 25.

366 2276 592 2318 Novifluctm]
615 2277 768 2308 Primum
779 2276 881 2308 civile
897 2275 1022 2307 bellum

321 2327 451 2358 exarsit
479 2326 649 2358 Caesarem
674 2327 765 2358 inter
794 2330 830 2357 et
858 2326 1020 2365 Magnum

321 2376 524 2417 Pompeium
539 2387 548 2415 ;
572 2377 714 2408 alterum
725 2377 816 2408 inter
830 2375 1021 2416 Augustum

321 2429 591 2469 Antoniumque,
617 2433 653 2459 et
678 2427 822 2460 Caesaris
845 2436 1020 2468 percusso-

322 2486 377 2508 res
394 2477 545 2509 Cassium
559 2483 595 2508 et
607 2477 751 2508 Brutum
762 2487 772 2515 ;
786 2477 923 2507 tertium
934 2476 1029 2518 inter·

321 2527 463 2558 Sextum
493 2527 695 2568 Pompeium
721 2525 839 2567 Magni
861 2524 967 2556 filium
987 2528 1023 2556 et

325 2577 536 2618 Augustum3
559 2577 602 2608 de
630 2577 751 2618 quibus
779 2577 854 2607 vide
877 2574 1024 2617 Appian.

322 2626 383 2656 lib.
400 2636 449 2657 ιν.
466 2627 638 2658 Plutarch.
655 2629 720 2658 &m

365 2677 386 2705 2
413 2675 465 2706 O!
494 2677 569 2716 quid
591 2676 678 2716 agis]
713 2676 848 2717 Nempe
874 2673 1023 2706 Antonio

323 2724 419 2757 hoste
433 2726 562 2756 Patriae
579 2726 750 2767 judicato,
770 2725 945 2766 literisque
962 2733 1022 2765 per

323 2774 486 2809 Senatum
514 2775 601 2806 datis
627 2775 668 2807 ad
694 2775 779 2808 Julii
805 2774 947 2806 Caesaris
973 2774 1021 2805 in-

1084 1180 1291 1213 terfectores
1305 1181 1348 1213 de
1366 1179 1596 1222 recuperanda
1608 1179 1783 1223 libertate,

1081 1231 1163 1273 qnid
1192 1230 1286 1262 aliud
1314 1240 1414 1272 quam
1449 1230 1644 1262 incenditur
1679 1239 1783 1271 grave

1082 1281 1221 1322 bellum,
1250 1291 1291 1312 ac
1322 1281 1511 1312 Romanum
1545 1280 1784 1321 pessumdatur

1082 1331 1269 1372 Imperium
1281 1332 1293 1363 ?

1123 1381 1268 1413 Fortiter
1280 1390 1392 1421 occupa
1407 1380 1558 1421 Portum]
1575 1379 1653 1411 Una
1663 1379 1782 1411 salutis

1081 1430 1169 1461 ratio
1185 1435 1238 1461 est
1252 1440 1260 1460 ε
1289 1423 1456 1470 compone
1472 1438 1594 1470 pacem
1618 1438 1696 1461 cum
1712 1429 1784 1461 Oc-

1081 1485 1152 1512 tav.
1166 1479 1337 1521 Augusto,
1349 1479 1403 1511 cui
1417 1478 1481 1510 nisi
1495 1488 1658 1511 summam
1668 1477 1783 1510 defers

1080 1539 1205 1569 rerum,
1237 1538 1409 1571 nunquam
1437 1538 1519 1560 sane
1548 1529 1782 1570 conquiesces.

1079 1579 1321 1620 Conjectnram
1337 1577 1552 1610 audaciorem
1568 1578 1783 1620 quorundam

1078 1630 1262 1661 retundere
1278 1629 1414 1660 videtur
1429 1629 1494 1660 iste
1509 1630 1614 1661 locus.
1639 1629 1715 1662 Nec
1730 1634 1785 1661 est

1081 1679 1172 1720 quod
1186 1683 1245 1710 aut
1255 1679 1413 1710 Muretus
1430 1678 1644 1712 Quintiliano
1657 1679 1784 1712 dormi-

1082 1731 1246 1762 tationem
1256 1731 1304 1762 ita
1311 1730 1527 1771 objiciat‚aut
1538 1731 1648 1763 Faber
1659 1731 1783 1764 Critic.

1081 1780 1192 1821 Epist.
1207 1783 1260 1812 54.
1277 1781 1435 1821 alterque
1449 1779 1482 1812 ei
1497 1781 1702 1821 astipulatus
1716 1781 1784 1813 sibi

1081 1830 1249 1871 plaudant
1264 1835 1301 1862 et
1323 1831 1626 1862 acclament-velut
1641 1830 1782 1864 invento

1080 1880 1164 1921 Api,
1190 1880 1408 1912 exultantes:
1443 1878 1624 1922 εὑρήκαμεν,
1647 1880 1783 1921 συγχαί-

1078 1940 1186 1971 ρωμεν,
1222 1929 1408 1960 Enimvero
1422 1929 1462 1966 si,
1479 1929 1569 1970 quod
1586 1930 1704 1962 volunt
1718 1931 1784 1972 illi,

1080 1980 1170 2010 citra
1204 1978 1445 2020 Metapboram
1481 1985 1542 2011 aut
1572 1979 1782 2022 Allegoriam

1081 2027 1210 2058 scribat
1234 2027 1278 2058 ad
1298 2036 1374 2058 eam
1389 2028 1517 2070 navim,
1533 2038 1600 2070 qua
1615 2030 1666 2062 sui
1682 2030 1783 2062 amici

1077 2076 1202 2106 iratum
1227 2074 1420 2114 Augustum
1443 2083 1636 2110 metuentes
1659 2078 1782 2120 fugere

1078 2123 1325 2165 properabant,
1351 2125 1448 2165 sique
1473 2126 1535 2157 hac
1559 2127 1638 2158 Ode
1661 2138 1782 2160 secun·

1076 2173 1153 2205 dam
1171 2173 1203 2204 ei
1216 2173 1466 2213 navigationem
1480 2180 1700 2217 apprecatur,
1713 2187 1782 2209 non

1077 2234 1175 2256 secus
1211 2233 1251 2255 ac
1288 2225 1365 2256 navi
1411 2226 1562 2258 Athenas
1598 2228 1781 2270 Virgilium

1079 2273 1326 2314 transvehemi,
1342 2274 1411 2306 Od.
1431 2284 1489 2307 111.
1516 2286 1583 2318 quo
1607 2286 1707 2312 sensu
1730 2277 1782 2309 di-

1078 2330 1174 2356 ceret
1210 2325 1265 2357 hic
1279 2336 1287 2356 :
1323 2326 1460 2364 sortiter
1494 2337 1608 2368 occupa
1642 2332 1780 2369 pomum.

1075 2374 1185 2406 Immo
1214 2384 1295 2406 vero
1321 2375 1498 2408 debuisset
1526 2377 1710 2409 inclamare
1736 2378 1781 2410 ad

1077 2425 1318 2457 immorantes:
1351 2425 1494 2457 ‘solvite
1518 2427 1705 2467 profluus?
1735 2427 1780 2459 ad

1077 2475 1189 2506 navim
1206 2480 1319 2506 autem
1334 2486 1342 2506 z
1367 2475 1377 2492 ‘
1390 2481 1523 2516 portum
1535 2476 1624 2508 hunc
1639 2477 1708 2508 cito
1723 2477 1781 2509 de-

1078 2534 1155 2555 sere
1172 2534 1237 2555 non
1264 2529 1395 2564 tutum3
1428 2525 1576 2556 statione
1601 2526 1687 2557 male
1712 2526 1780 2558 fida

1078 2575 1192 2605 statim
1207 2574 1307 2614 cede,
1319 2575 1355 2606 in
1367 2585 1431 2616 qua
1440 2575 1664 2615 periculosius
1677 2586 1778 2618 quam

1076 2623 1111 2656 in
1127 2624 1196 2654 alto
1212 2623 1297 2654 mari
1314 2623 1512 2656 versarere!

1119 2677 1138 2704 5
1162 2672 1291 2713 Africo]
1329 2674 1442 2704 Vento
1475 2673 1706 2716 Meridionali‚
1735 2674 1778 2707 de

1077 2733 1145 2766 quo
1159 2723 1283 2763 virgil.
1298 2723 1432 2755 AEneid.
1451 2733 1476 2755 1.
1494 2726 1546 2757 89.
1567 2726 1577 2743 ⁴
1591 2723 1777 2767 creberque

1077 2774 1244 2816 procellis
1253 2772 1413 2805 Africus)
