1916 3190
272 232 356 274 142

749 246 792 289 Q.
824 244 1034 275 HORATn
1071 245 1246 281 unaco!

445 338 599 380 Fertur
617 338 908 380 Prometheus
930 338 1092 381 addere
1111 340 1303 394 principi

443 405 571 446 Limo
593 408 775 447 coactus
796 405 1055 459 particulam
1073 406 1265 460 undique

499 471 749 522 Desectam,
769 476 811 512 et
829 471 974 513 insani
994 472 1136 513 leonis

1668 474 1726 517 15

554 539 661 580 Vim
683 539 909 581 stomacho
931 540 1202 594 apposuisse
1222 544 1388 582 nostro.

441 606 526 649 Irae
546 606 771 661 Thyesten
793 607 930 648 exitio
952 607 1076 660 gravi

442 675 664 725 Stravere‚
684 678 727 716 et
748 674 853 716 altis
871 675 1060 715 urbibus
1081 674 1246 716 ultimae-

496 742 662 784 Stetere
682 754 831 783 causae
853 755 929 783 cur
949 743 1138 795 perirent

555 810 786 860 Funditus,
806 809 1164 864 imprimeretque
1184 809 1319 851 muris

260 940 406 979 fragore.
450 940 581 973 Dicitur
594 940 803 971 Prometheus
820 938 973 979 primario
997 940 1063 970 luto
1085 938 1252 971 obstrietus

1602 803 1724 854 ‘20

1272 940 1440 980 adiungere
1459 940 1634 980 portionem
1652 939 1725 970 hine

268 987 298 1013 et
313 983 384 1014 inde
398 984 587 1023 decerptam,
601 982 720 1022 pectori
732 984 837 1012 nostro
853 980 1003 1012 indidisse
1017 982 1238 1013 tenementum
1242 982 1387 1020 furentis
1400 983 1509 1015 leonis.
1552 981 1723 1013 Iracundia

270 1025 434 1066 Thyestem
455 1024 597 1066 perdidit
620 1033 712 1055 exem·
713 1025 794 1054 anda
815 1026 953 1062 stroge;
986 1026 1077 1062 utque
1101 1027 1256 1054 extremas
1289 1024 1423 1064 proebuit
1448 1034 1558 1056 causus
1577 1023 1726 1056 maximis

266 1067 458 1108 civitatibus,
471 1070 506 1098 ut
517 1076 646 1107 prorsus
657 1065 880 1102 diruerentur;
902 1075 939 1096 ac
953 1064 1103 1096 maenibus
1115 1065 1263 1104 infestum
1274 1069 1416 1098 aratrum
1437 1066 1606 1107 uppIioaret
1619 1074 1726 1107 super-

874 1161 952 1174 ON‘
956 1161 1114 1174 oeeoaeeee

272 1229 314 1258 14
338 1226 453 1257 Bentl.
467 1225 633 1266 Scaligeri
651 1226 794 1267 argutiis
810 1230 937 1266 motus,
954 1226 1042 1267 conj.
1055 1229 1192 1258 coactam
1215 1226 1256 1269 (i.
1275 1235 1305 1258 e.
1318 1225 1516 1268 collectam)
1537 1226 1724 1267 partie-ulma

266 1269 414 1311 undique,
428 1269 610 1309 Desectam,
627 1270 681 1309 ᾅτ.
705 1274 741 1300 et
757 1269 805 1300 sic
820 1268 931 1303 edidit
945 1268 1069 1301 Sanad.
1072 1271 1158 1300 —16
1185 1269 1257 1302 Vim
1278 1273 1319 1301 st.
1339 1269 1519 1310 imposuisse
1536 1269 1632 1301 Harl.
1647 1271 1679 1301 4.
1681 1285 1724 1292 —

924 1365 1066 1398 NOTAE

307 1433 349 1462 13
376 1429 490 1461 Fertur
508 1429 806 1470 Prometheus,&c.]
833 1428 966 1469 Ampli-

265 1478 381 1511 frcatio
410 1484 463 1510 est
489 1488 548 1520 per
567 1489 733 1510 amoenam
760 1488 872 1510 causae
899 1479 965 1509 dis-

266 1529 503 1570 quisitionem3
527 1528 618 1560 unde
637 1538 759 1570 nempe
773 1529 900 1560 homini
916 1529 966 1560 sic

266 1578 464 1610 dominetur
485 1579 555 1610 ira:
582 1577 812 1621 fabellamque
839 1578 968 1610 confin-

267 1629 331 1669 git,
351 1630 405 1661 vel
429 1629 569 1670 intexit,
591 1629 634 1661 de
663 1629 883 1666 Prometheo,
910 1629 967 1670 qui

266 1678 415 1711 formans
430 1679 602 1711 hominem
620 1679 731 1711 varias
751 1680 783 1711 ei
804 1679 969 1712 indiderit

265 1728 466 1762 affectiones
496 1729 640 1760 diversis
670 1738 713 1760 ex
743 1729 969 1761 animantibus

265 1780 476 1820 depromtas,
491 1783 530 1810 ut
547 1779 657 1820 vulpis
672 1779 846 1821 astutiam,
861 1779 968 1811 leonis

265 1829 475 1861 iracundiam
495 1827 754 1869 ferventemque
771 1828 886 1868 bilem,
900 1831 967 1860 ὅτε.

266 1881 417 1921 Coactus]
447 1880 538 1912 Quia
555 1889 632 1911 cum
654 1879 689 1910 in
704 1878 874 1920 fingendis
889 1879 969 1910 bru-

265 1930 308 1960 tis
332 1939 446 1960 omnes
473 1934 602 1960 naturae
626 1929 810 1961 facultates
837 1929 968 1960 absum-

265 1978 380 2016 sisset,
395 1982 536 2009 coactus
552 1982 606 2008 est
622 1978 758 2008 demum
782 1987 801 2008 e
825 1978 966 2022 singulis

266 2027 394 2069 aliquid
418 2027 620 2068 decerpere,
644 2027 733 2067 quod
760 2028 884 2058 homini
908 2028 965 2058 da-

266 2081 331 2108 ret.
353 2076 440 2108 Vide
453 2077 614 2116 Fulgent.
626 2076 818 2117 Mytholog.
835 2076 895 2108 lib.
908 2085 965 2108 111.

264 2135 339 2167 cap.
355 2125 399 2158 de
415 2126 536 2158 Peleo.

301 2176 446 2220 Brincipi
458 2175 563 2216 Linw]
581 2175 741 2207 Homini:
759 2175 816 2217 qui
833 2175 914 2207 licet
925 2185 967 2206 ex

265 2226 387 2266 argilla
408 2230 444 2258 et
469 2226 547 2257 limo
574 2235 639 2257 non
663 2235 761 2256 secus
785 2235 824 2256 ac
848 2230 966 2256 cetera

266 2275 454 2307 animantia
463 2274 684 2315 conflatus‚in
698 2284 738 2306 ea
750 2280 862 2306 tamen
876 2275 980 2315 prin-⁸

265 2327 419 2366 cipatnm
433 2325 577 2357 obtinet.
600 2325 687 2356 Vide
706 2326 846 2357 Lucret.
859 2324 918 2356 lib.
931 2334 963 2357 v·

265 2375 412 2407 Diodor.
428 2374 533 2406 Sicul.
549 2384 574 2406 r.
590 2378 620 2407 1.
637 2377 702 2407 &c-

310 2428 350 2457 17
374 2425 439 2456 Iroe
460 2425 625 2466 Thyesten,
645 2425 713 2466 &fc-J
734 2423 889 2457 Effectus
905 2425 963 2456 irae

265 2475 493 2516 persequitur.
516 2476 573 2506 De
585 2475 730 2516 Thyeste
742 2481 843 2517 atque
856 2474 965 2507 Atreo

240 2556 245 2559 ,
264 2524 425 2556 fratribus
441 2528 511 2556 tam
528 2523 669 2556 infanda
678 2525 713 2556 in
729 2534 804 2556 sese
817 2525 965 2557 invicem

267 2574 557 2616 perpetrantibus,
569 2579 606 2607 ut
619 2575 675 2607 Sol
688 2579 863 2607 aversatus
875 2582 965 2607 retro

268 2631 452 2654 conversus
477 2624 534 2665 sit,
552 2625 708 2656 omnibus
732 2624 904 2657 auditum:
929 2628 966 2657 et

262 2673 335 2714 jam
359 2673 487 2704 dictum
511 2681 576 2711 est,
600 2675 668 2707 Od.
687 2684 737 2707 vr.
753 2678 788 2706 8.
812 2674 854 2706 ad
879 2677 965 2706 ‘sae-

268 2733 345 2755 vam
374 2722 514 2763 Pelopis
543 2725 704 2766 domum‚'
727 2735 803 2767 quae
828 2725 964 2767 quidem

269 2782 330 2817 per
346 2772 430 2812 iram
448 2774 580 2813 perdita
596 2781 631 2808 et
643 2781 820 2808 consumta
835 2775 963 2807 interiit

1019 1430 1030 1447 ‘
1040 1429 1145 1461 exitio
1158 1429 1254 1470 gravi
1269 1428 1291 1461 ε’
1309 1438 1370 1462 seu
1386 1438 1464 1460 cum
1479 1428 1647 1469 Thyestes
1661 1439 1723 1470 ap-

1020 1480 1166 1520 positum
1189 1479 1232 1511 ab
1254 1480 1364 1510 Atreo
1389 1478 1495 1509 filium
1518 1478 1720 1517 devoravit;

1018 1539 1079 1561 seu
1103 1539 1179 1561 cum
1196 1529 1240 1562 ob
1255 1529 1412 1561 vitiatam
1435 1537 1576 1560 uxorem
1592 1528 1722 1560 Atreus

1021 1579 1216 1611 execranda
1237 1579 1296 1611 illa
1319 1578 1450 1610 ratione
1475 1578 1638 1610 ultionem
1661 1588 1721 1620 pe-

1022 1628 1092 1667 tiit,
1108 1629 1173 1660 διο.

1065 1680 1106 1709 18
1117 1677 1207 1709 Altis
1218 1677 1344 1709 urbibus
1353 1677 1472 1709 ultimoe
1485 1676 1609 1708 Stetere
1618 1687 1721 1709 causoe

1022 1737 1078 1758 cur
1087 1727 1227 1768 perirent
1237 1725 1409 1766 Funditus]
1425 1726 1604 1758 Interdum
1620 1727 1721 1760 urbes

1023 1781 1264 1819 expugnantur
1284 1787 1352 1809 non
1377 1777 1469 1818 odio,
1491 1777 1553 1808 sed
1578 1777 1723 1819 quadam

1022 1837 1080 1858 eas
1104 1827 1244 1859 tenendi
1268 1826 1479 1868 cupiditate:
1503 1831 1541 1859 at
1567 1836 1643 1858 cum
1670 1827 1723 1859 ira

1022 1877 1107 1910 facit
1120 1882 1158 1910 ut
1173 1877 1365 1919 capiantur,
1376 1882 1448 1909 tum
1465 1877 1576 1908 ultimi
1588 1887 1726 1919 quoque

1021 1929 1061 1960 fit
1085 1938 1189 1960 causa
1212 1927 1351 1968 excidii,
1373 1926 1587 1969 impellitque
1605 1927 1648 1959 ad
1664 1937 1722 1960 eas

1021 1989 1042 2009 a
1072 1978 1304 2010 fundamentis
1335 1978 1532 2019 diruendas,
1561 1987 1605 2010 ne
1631 1979 1722 2021 quod

1019 2029 1201 2068 vestigium
1215 2029 1361 2068 supersit
1374 2028 1538 2060 civitatis.

1060 2079 1103 2107 20
1126 2077 1383 2116 Imprimeretque
1398 2077 1495 2107 muris
1511 2077 1637 2108 Hostile
1649 2087 1722 2109 ara·

1019 2128 1115 2165 trum,
1129 2125 1200 2165 fisa]
1225 2125 1295 2156 Per
1309 2125 1392 2155 iram
1409 2125 1519 2156 victor
1533 2127 1637 2157 hostis
1653 2136 1721 2158 non

1019 2176 1125 2206 solum
1141 2174 1242 2205 urbes
1259 2173 1440 2215 aliquando
1456 2174 1649 2216 demolitur,
1660 2176 1721 2207 sed

1020 2230 1055 2256 et
1081 2224 1204 2255 excisis
1230 2222 1396 2254 moenibus
1423 2223 1623 2266 aedibusque
1647 2226 1721 2257 uni-

1020 2275 1138 2310 versis,
1162 2273 1270 2304 solum
1294 2277 1390 2312 arat3
1415 2273 1626 2314 imprimitque
1648 2284 1721 2306 am·

1019 2328 1102 2356 trum
1132 2324 1172 2355 iis
1197 2323 1293 2364 locis,
1316 2323 1350 2354 in
1369 2323 1490 2364 quibus
1513 2329 1611 2356 eraut
1631 2325 1720 2357 muri

1019 2378 1132 2412 autea,
1155 2383 1265 2412 arces,
1289 2373 1460 2415 aedesque.
1497 2373 1590 2406 Hinc
1613 2375 1720 2407 illud:

1017 2426 1027 2442 ‘
1044 2425 1089 2456 Et
1104 2434 1202 2465 seges
1218 2429 1272 2456 est
1285 2423 1343 2455 ubi
1357 2424 1460 2465 Troja
1475 2423 1565 2456 fuit.’
1607 2425 1721 2456 Mani·

1018 2475 1083 2507 lius
1099 2483 1148 2506 xv.
1164 2477 1239 2506 655.
1255 2474 1344 2515 ejus,
1357 2474 1414 2515 qui
1430 2473 1494 2505 sub
1511 2478 1622 2505 ortum
1639 2484 1719 2506 cau-

1018 2525 1071 2557 dae
1087 2524 1220 2566 Scorpii
1237 2524 1343 2555 fuerit
1359 2530 1616 2564 natns‚gravem
1633 2524 1717 2555 iram

1017 2578 1054 2606 et
1066 2574 1247 2606 victoriam
1263 2573 1312 2605 ita
1328 2573 1504 2614 praesagit:
1521 2574 1531 2590 ‘
1543 2572 1619 2604 Aut
1631 2578 1716 2605 ster-

1017 2628 1076 2655 net
1092 2624 1222 2664 positas
1239 2623 1352 2663 urbes,
1364 2623 1464 2664 inque
1478 2632 1559 2654 arva
1575 2623 1718 2656 reducet

1019 2673 1171 2715 Oppida,
1193 2678 1229 2705 et
1252 2672 1287 2704 in
1303 2672 1457 2704 domibus
1473 2677 1625 2704 maturas
1642 2673 1718 2704 red-

1017 2725 1076 2756 det
1088 2723 1230 2756 aristas.’
1253 2724 1410 2755 Socrates
1424 2723 1624 2754 Ecclesiast.
1635 2723 1716 2755 His-

1015 2780 1082 2807 tor.
1103 2783 1152 2806 iv,
1175 2777 1227 2806 31.
1255 2773 1297 2805 de
1328 2773 1474 2806 Valente
1500 2772 1714 2813 Imperatore
