1916 3190
271 246 356 287 506
746 256 789 295 Q.
822 256 1029 287 nomi-1⁹11
1065 255 1239 286 puscet

443 348 592 391 Velox
613 354 758 391 mente
779 350 918 390 nova!
951 350 1111 402 quibus

494 414 645 458 Antris
664 416 825 469 egregii
847 415 1040 457 Caesaris
1062 415 1213 456 audiar

439 483 665 524 AEternum
686 482 902 523 meditans
925 482 1063 523 decus
1684 483 1713 523 5

494 549 643 592 Stellis
662 550 852 603 inserere
873 554 920 590 et
939 550 1130 590 concilio
1150 547 1179 590 J
1183 547 1304 590 ovis!

262 669 333 707 pior
345 669 459 709 spiritu
473 669 639 701 insolenti?
684 669 802 704 Quibus
813 669 965 709 speluncis
980 669 1150 700 meditabor
1163 668 1352 700 immortales
1365 669 1495 700 honores
1510 667 1660 707 Augusti,
1673 670 1710 698 ut

265 710 377 755 audiar
389 711 525 743 inserens
539 712 627 743 illum
641 711 793 743 sideribus
815 721 851 742 nc
871 712 964 742 Jovis
978 712 1129 742 concilio?
1175 711 1294 742 Canum
1316 711 1494 751 splendores
1514 720 1619 750 novos,
1640 719 1709 741 nec-

867 784 1104 796 eeeeeeeeeeee

267 833 306 857 ut
322 825 382 867 ibi,
406 827 454 858 ita
476 831 590 859 nostro
607 827 629 859 1.
648 827 753 867 priori
775 827 875 858 etiam
893 827 1169 868 praepositionem
1185 826 1332 858 allevet-e
1348 826 1581 860 Grammatici.
1626 829 1710 859 Mox

265 871 298 898 et
312 877 386 909 quos
403 869 516 910 plures
532 869 649 900 Lamb.
666 879 706 900 ac
721 870 821 901 Torr.
843 869 973 910 aliquot
998 869 1115 900 Bentl.
1137 869 1315 900 Pulmanni
1335 869 1469 900 Diesth.
1484 870 1600 902 Rasin.
1615 873 1710 902 1527.

265 912 319 942 31.
335 914 389 942 55.
412 911 539 943 Muret.
557 911 659 942 Fabr.
674 912 770 943 Torr.
787 911 889 950 Rntg.
913 914 968 942 aut
982 921 1012 950 q.
1028 910 1111 941 Acr.
1127 914 1198 941 tres
1215 910 1331 941 Lamb.
1347 911 1414 942 duo
1434 911 1533 943 Torr.
1547 911 1710 943 Pulmau-

266 952 301 983 ni
316 951 494 985 Gemblac.
512 955 542 985 1.
555 955 587 983 2.
610 957 646 984 et
660 953 788 984 Beller.
805 962 889 983 uuus
903 953 1036 983 Bersm.
1060 961 1175 982 omues
1196 952 1302 992 Cruq.
1314 957 1351 983 et
1366 957 1492 992 praeter
1505 958 1574 985 tres
1588 954 1709 993 nostri,

265 994 416 1026 Bentleii
440 995 556 1027 Graev.
583 994 679 1026 Leid.
706 994 828 1034 Regin.
853 995 990 1035 aliique,
1017 994 1156 1025 Venett.
1187 993 1330 1024 Loeher.
1354 993 1438 1027 Asc.
1463 995 1581 1026 Lamb.
1607 995 1712 1038 Cruq.

265 1037 385 1077 Steph.
401 1036 521 1068 Heius.
539 1036 623 1067 Fab.
641 1037 764 1067 Dacer.
780 1037 881 1067 Baxt.
895 1036 975 1068 Jon.
990 1036 1106 1067 Bentl.
1122 1036 1200 1067 San.
1242 1035 1394 1067 Praestat
1411 1035 1515 1076 igitur
1528 1040 1583 1068 aut
1596 1042 1712 1069 aucto-

266 1079 384 1110 ritate.
422 1079 548 1110 Similis
565 1079 659 1109 locus
671 1078 769 1119 Virg.
786 1079 861 1110 Ecl.
881 1087 916 1110 x.
931 1081 962 1110 9.
1004 1077 1074 1109 Sed
1089 1077 1213 1117 fateor,
1225 1077 1304 1108 mibi
1321 1077 1404 1109 illud
1420 1081 1490 1116 unt,
1504 1079 1585 1110 licet
1601 1079 1710 1112 minus

263 1120 474 1160 languidum,
489 1130 588 1162 quam
612 1123 655 1161 et,
673 1125 786 1152 tamen
803 1121 911 1162 ipsum
926 1120 1030 1151 etiam
1046 1120 1089 1151 ab
1104 1120 1166 1151 hoc
1181 1120 1401 1151 enthusiasmi
1423 1120 1635 1161 rapidissimo
1649 1121 1710 1154 im·

264 1168 347 1203 petu
364 1163 465 1203 plane
481 1163 642 1202 alienum,
654 1172 694 1194 ac
710 1163 808 1194 nimis
823 1163 969 1195 otiosum
985 1163 1186 1203 tardumque
1201 1171 1336 1202 semper
1350 1163 1457 1194 visum
1473 1162 1590 1195 fuisse·
1624 1163 1711 1196 Tum

263 1214 375 1246 neque
388 1206 428 1236 ad
441 1205 645 1237 seutentiam
658 1205 737 1237 satis
748 1206 844 1246 justa
856 1205 1080 1246 interrogatio
1095 1214 1158 1246 per
1172 1204 1469 1237 distributionem:
1493 1206 1504 1223 ⁴
1520 1215 1594 1247 quoe
1607 1205 1641 1237 in
1657 1215 1715 1238 ne·

262 1256 356 1278 mora
371 1247 471 1279 autin
487 1257 570 1289 quos
586 1248 730 1288 specus?
743 1247 751 1261 '
796 1248 919 1290 Itaque
938 1257 957 1279 e
973 1257 1073 1279 sensu
1085 1248 1190 1288 lyrico
1206 1255 1285 1278 vera
1302 1247 1416 1287 lectio,
1431 1252 1466 1278 et
1479 1248 1658 1280 sententiae
1674 1252 1712 1280 et

262 1288 391 1321 fervori
409 1289 543 1331 poetico
558 1290 747 1331 aptissima,
762 1300 863 1332 quam
890 1290 987 1322 dedit
1015 1290 1161 1329 Cuning.
1184 1288 1235 1331 (et
1253 1294 1332 1329 post
1346 1299 1422 1322 eum
1446 1288 1543 1331 Jon.)
1567 1300 1712 1332 quaeque

259 1331 332 1371 jam
348 1338 399 1364 est
414 1333 447 1364 in
463 1342 530 1364 uno
546 1333 679 1365 Bersm.
695 1333 886 1374 nostrisque
902 1333 1046 1364 Mentel.
1065 1332 1211 1364 Helmst.
1228 1332 1327 1363 Dess.
1341 1334 1374 1364 2.
1396 1341 1465 1373 quoe
1478 1341 1614 1370 nemora,
1637 1342 1713 1374 quos

263 1384 292 1403 a.
308 1375 341 1404 in
354 1384 400 1414 sp.
447 1374 548 1406 Haud
564 1373 667 1407 dubie
694 1375 738 1406 de
762 1381 871 1407 metro
894 1374 1019 1406 soliciti
1033 1374 1257 1406 Grammatici
1272 1374 1355 1405 illud
1371 1378 1402 1406 et
1417 1384 1444 1406 s.
1459 1378 1515 1406 aut
1530 1375 1712 1406 intrusere.

262 1416 328 1446 Sed
344 1415 411 1446 vid.
427 1416 470 1447 V.
486 1417 523 1447 L.
539 1426 613 1457 sup.
627 1415 669 1446 ad
687 1425 763 1448 xvr.
777 1420 829 1448 26.
873 1416 962 1447 Item
978 1417 1144 1457 suspicor,
1159 1417 1194 1448 in
1211 1416 1355 1456 plurium
1373 1416 1465 1447 libris
1483 1425 1596 1448 veram
1611 1417 1711 1448 istum

263 1457 444 1489 lectionem
461 1458 630 1498 extitisse,
653 1458 712 1488 sed
738 1467 804 1488 non
822 1458 863 1489 ab
879 1459 945 1488 illis
961 1463 1125 1495 notatam,
1140 1458 1219 1498 quia
1236 1467 1297 1495 pro
1313 1467 1429 1489 errore
1455 1457 1583 1489 librarii
1608 1458 1710 1490 liabe—

264 1505 341 1530 rent
366 1500 575 1531 omissionem
606 1499 804 1539 particulae!
825 1500 916 1531 Jani.
964 1500 1044 1536 Qaae
1066 1508 1190 1530 nemora
1221 1497 1317 1529 Harl.
1331 1501 1364 1530 3.
1399 1499 1538 1539 Bipont.
1567 1500 1709 1532 Mitsch.

264 1542 419 1581 Francis,
434 1541 573 1573 Wetzel.
598 1540 734 1573 Wakef.
754 1541 858 1573 Kidd.
874 1545 910 1572 et
925 1541 1045 1573 Comb.
1092 1541 1170 1576 Quoe
1183 1541 1217 1571 in
1231 1549 1357 1572 nemora
1373 1540 1471 1572 Harl.
1489 1543 1520 1573 1.
1536 1544 1568 1574 2.
1582 1544 1614 1573 4.
1628 1546 1660 1574 5.
1675 1545 1709 1574 6.

267 1584 393 1624 Delph.
417 1583 528 1614 Bond.
561 1588 597 1615 et
623 1583 796 1615 Sem-evei.
821 1588 852 1615 et
879 1592 954 1623 quos
977 1583 1118 1614 Venett.
1148 1591 1204 1622 ap.
1230 1581 1338 1613 Zeuu.
1367 1583 1540 1615 Schrevel.
1563 1589 1600 1615 et
1626 1584 1709 1616 Gla-

265 1635 359 1656 rean.
389 1629 445 1656 aut
478 1635 551 1665 quos
585 1625 683 1657 Harl.
707 1628 738 1656 1.
761 1627 793 1656 2.
821 1627 853 1657 8.
881 1628 915 1657 4.
936 1628 968 1657 5.
995 1627 1027 1656 6.
1062 1624 1190 1662 Delph.
1225 1624 1366 1655 Mitscli.
1401 1625 1541 1658 wetzel.
1574 1625 1710 1658 Wakef.

264 1667 370 1699 Kidd.
404 1672 441 1698 et
476 1667 593 1700 Comb.
650 1667 935 1708 Conjunctionem
972 1666 1091 1698 delent
1127 1666 1266 1697 Francis
1296 1671 1333 1696 et
1368 1666 1511 1706 Bipout.
1547 1667 1641 1709 Lips.
1677 1671 1710 1700 2.

263 1708 1119 1793 ZgY‘Afii'”Lossii'ififffissssffiticssfflfnoss&1322
1135 1707 1712 1799 ⁶.‡55.‘3,·.,f‡³53'”;‚‘::‚.’?;':¹“5÷2331

264 1795 346 1825 tiam
372 1793 521 1826 fabulam
549 1804 569 1825 a
594 1794 745 1826 Baxtero
770 1798 1004 1831 memoratam,
1027 1792 1087 1824 sed
1114 1802 1194 1833 qma
1221 1791 1318 1825 Jovis
1343 1793 1520 1824 consilium
1544 1792 1593 1825 ibi
1615 1794 1714 1826 liabe-

265 1837 343 1868 tur.¹
367 1837 534 1878 Heynead
556 1837 648 1875 Virg.
667 1837 783 1876 Geor-g.
801 1845 826 1868 i.
841 1838 895 1867 25.
918 1834 1044 1867 consilio
1070 1835 1258 1875 comment.
1286 1838 1322 1866 et
1347 1834 1445 1867 codd.
1470 1844 1586 1867 omnes
1610 1836 1712 1878 Cruq.

266 1880 381 1918 plures
410 1880 568 1911 Torreut.
594 1879 740 1910 Mentel.
766 1878 866 1910 Fran.
887 1878 1034 1910 Helmst.
1061 1877 1154 1917 Lips.
1182 1880 1212 1908 1.
1236 1878 1270 1908 2.
1294 1879 1326 1907 3.
1359 1877 1472 1917 (Lips.
1493 1880 1527 1909 4.
1549 1879 1711 1919 conscilio)

264 1922 409 1953 Venett.
427 1924 521 1953 1478.
537 1923 630 1954 1492.
647 1922 789 1953 Locher.
804 1920 908 1952 Basil.
923 1923 1018 1951 1555.
1034 1922 1108 1951 580.
1124 1917 1231 1950 Laud.
1244 1920 1343 1951 Torr.
1359 1919 1464 1960 Cruq.
1477 1919 1579 1951 Baxt.
1591 1920 1647 1953 ed.
1661 1929 1712 1960 pr.

265 1964 392 1995 concilio
409 1963 505 1996 Harl.
520 1966 550 1995 1.
561 1964 598 1996 2.
612 1966 645 1995 8.
661 1967 692 1996 4.
706 1968 737 1995 5.
752 1966 785 1995 6.
808 1963 876 2002 ulii,
890 1972 968 1994 cum
984 1961 1062 1993 edd.
1077 1960 1187 1992 Bond.
1206 1961 1330 2001 Delph.
1346 1960 1517 1994 Schrevel.
1538 1961 1635 2004 sani,
1651 1962 1711 1994 Bi·

267 2010 361 2044 pont.
377 2006 515 2037 Mitscli.
530 2006 675 2038 Wetzel.
686 2004 821 2037 Wakef.
833 2005 984 2043 Francis,
995 2003 1114 2035 eomb.
1129 2008 1167 2035 et
1182 2002 1287 2034 Kidd.
1306 2005 1316 2020 ‘
1332 2003 1536 2035 Habuerunt
1549 2003 1639 2055 hvid
1649 2003 1712 2035 du·

265 2046 321 2077 bie
335 2052 372 2077 et
388 2048 484 2078 multi
500 2047 578 2079 libri
596 2047 711 2080 Lamb.
727 2055 763 2080 et
775 2047 890 2079 Bentl.
911 2047 1050 2086 consilio,
1065 2044 1126 2077 sed
1140 2045 1366 2086 neglexerunt
1383 2046 1444 2077 viri
1456 2045 1563 2078 docti.
1608 2046 1711 2088 Equi-

214 2089 222 2092 “
266 2087 343 2119 dem
360 2089 541 2120 lectionem
558 2090 643 2122 hanc
667 2091 812 2131 priscam
838 2089 1064 2120 revocandam
1087 2087 1203 2119 censui
1230 2097 1293 2128 pro
1320 2088 1458 2128 vulgatu
1480 2088 1620 2128 concilio,
1632 2088 1713 2130 quin

264 2129 335 2168 illa,
351 2134 478 2170 praeter
492 2135 621 2162 tantam
634 2141 654 2162 e
669 2132 769 2163 codd.
785 2131 1037 2170 auctoritatem,
1060 2134 1097 2162 et
1120 2129 1253 2160 doctior
1278 2133 1342 2168 est,
1366 2135 1403 2161 et
1424 2129 1665 2170 sublimiorem,
1683 2130 1712 2161 si

266 2171 346 2212 quid
363 2171 472 2209 video,
487 2171 596 2202 ideam
615 2173 758 2211 praebet.
804 2174 892 2204 Nam
915 2173 1075 2204 consilium
1102 2171 1140 2213 (ἦ
1161 2169 1295 2212 Bonam)
1316 2170 1425 2210 Jovis,
1437 2181 1612 2213 supremos
1633 2172 1710 2203 illos

266 2213 431 2253 coelestes,
447 2213 503 2254 qui
519 2213 550 2244 ei
565 2213 601 2244 in
616 2222 727 2244 rerum
744 2214 1039 2246 administratione
1055 2222 1240 2244 assessores
1253 2218 1332 2245 sunt
1344 2219 1381 2245 et
1394 2214 1591 2255 consiliarii,
1603 2213 1710 2255 desig-

266 2256 347 2294 nat}
371 2265 447 2296 quae
463 2256 558 2287 notio
574 2255 607 2286 in
622 2255 751 2286 concilio
766 2263 833 2285 non
850 2256 951 2286 inest.
968 2255 1036 2285 vid.
1051 2256 1157 2287 Gesn.
1172 2256 1274 2287 Thes.
1295 2261 1332 2287 et
1354 2256 1489 2288 Ernest.
1513 2256 1565 2288 cl.
1588 2256 1661 2288 Cic.
1675 2264 1710 2288 v.

265 2298 438 2329 consilium.
482 2297 674 2338 Saepissime
690 2306 712 2328 a
725 2295 871 2328 librariis
888 2301 1082 2336 permutata
1096 2297 1256 2327 consitium
1273 2302 1309 2328 et
1329 2298 1503 2337 concilium,
1519 2302 1557 2329 ut
1571 2297 1713 2330 notum.'

310 2426 329 2455 3
345 2423 454 2455 Mente
465 2422 559 2463 nova]
581 2422 709 2454 Divino
723 2421 901 2461 instinctu,
911 2420 962 2452 di·
1015 2430 1086 2461 sus,
1115 2419 1236 2462 quibus
1265 2419 1359 2451 illum
1385 2420 1472 2451 coelo
1501 2429 1710 2452 consecrem.

268 2473 368 2505 cendi
396 2471 561 2504 facultate
593 2472 772 2513 plusquam
806 2471 963 2502 humana.
1014 2468 1104 2500 Vide
1119 2477 1222 2510 supra
1237 2467 1305 2500 Od.
1320 2476 1355 2498 v.
1379 2467 1517 2509 Stropb.
1539 2471 1570 2501 1.
1593 2467 1711 2511 ibique

268 2521 438 2561 Adverte,
471 2521 619 2552 studiose
651 2521 788 2555 Lector,
824 2519 963 2566 incisam
1015 2518 1101 2550 Not.

269 2571 395 2612 passim
424 2570 624 2602 orationem.
669 2569 758 2601 Talis
787 2569 878 2601 enim
904 2577 963 2600 en·
1058 2570 1079 2599 6
1104 2566 1243 2598 Concilio
1270 2566 1376 2607 Joois]
1417 2567 1565 2598 Deorum
1595 2567 1712 2602 coetui.

271 2621 386 2652 tlieum
399 2619 514 2652 decet.
1017 2617 1167 2657 Fingnnt
1191 2614 1279 2647 euim
1301 2615 1422 2648 Jovem
1443 2615 1479 2647 iu
1496 2616 1710 2656 gravioribus
1756 2630 1761 2633 -

314 2669 436 2705 Quibus
449 2669 573 2709 Amris,
588 2668 657 2710 ξω]
683 2667 815 2702 Quibus
829 2667 865 2700 iu
880 2667 965 2700 locis
1018 2669 1112 2699 Deos
1131 2674 1319 2698 convocare
1342 2670 1378 2698 et
1399 2667 1586 2700 consulere.
1621 2665 1710 2700 vide

270 2729 291 2750 a
307 2718 407 2749 turba
421 2719 571 2759 semotis,
584 2718 770 2759 sacrisque,
786 2718 898 2749 animo
912 2727 966 2749 so·
1020 2717 1159 2749 Homer.
1177 2714 1277 2747 Iliad.
1292 2718 1327 2747 T.

268 2768 340 2801 luto
362 2766 551 2800 meditabor
571 2768 693 2809 dignos
718 2766 872 2809 Augusto
894 2777 967 2800 ver·
