1916 3190
736 271 780 309 Q.
814 271 1028 302 HORATn
1064 271 1243 302 FLAccl

548 364 725 407 Natalis
745 367 884 416 horae,
908 380 989 408 seu
1011 372 1225 421 tyrannus

608 434 845 488 Hesperiae
868 433 1169 488 Capricornus
1188 434 1347 487 undae3

1665 436 1723 478 20

490 499 737 555 Utrumque
759 506 957 543 nostrum
977 503 1229 544 incredibili
1248 502 1383 545 modo

491 568 725 611 Consentit
747 575 912 611 astrum
930 584 940 622 ;
972 577 1013 611 te
1032 570 1062 613 J
1066 572 1165 613 ovis
1187 572 1323 626 impio

547 637 708 679 Tutela
728 638 917 680 Saturno
938 639 1162 690 refulgens

606 705 798 759 Eripuit,
821 707 1103 761 volucrisque
1130 708 1231 748 Fati

262 824 409 864 temporis
424 824 568 856 natalitii
590 825 803 865 periculosior,
828 826 894 856 sive
925 826 1136 866 Capricornus
1159 826 1360 858 occidentalis
1378 825 1495 858 Oceani
1514 829 1623 866 potem
1635 836 1647 863 ;
1670 825 1727 856 vix

261 867 403 898 credibili
417 868 536 898 ratione
551 868 694 899 convenit
709 867 797 899 sidus
810 869 911 899 nostri
925 868 1095 900 amborum.
1144 868 1187 900 Te
1200 879 1219 900 α
1234 869 1352 901 crudeli
1368 868 1504 901 Saturno
1515 869 1656 908 dqsendit
1667 869 1726 898 Jo-

261 909 428 951 vissulgor
440 910 615 951 propitius;
638 914 731 951 atque
746 910 815 948 fati
829 910 1003 951 praecipitis
1017 912 1154 942 volatum
1168 914 1342 943 remoratus
1356 915 1416 952 est,
1436 913 1556 953 quando
1569 911 1655 953 plebs
1668 920 1727 942 nu-

877 994 996 1007 eeeeee

998 994 1115 1006 eeeeee

263 1050 413 1082 Blandd.
432 1051 573 1091 Cruquii
600 1055 637 1082 et
664 1050 808 1092 Franeq.
840 1050 971 1093 Loetalis
995 1052 1080 1082 horoe
1109 1051 1205 1083 Harl.
1222 1053 1338 1082 1.—21
1370 1051 1512 1092 Urinque
1535 1050 1630 1091 Lips.
1653 1053 1730 1082 8.—

263 1096 305 1125 22
331 1094 496 1124 Consensit
515 1102 583 1123 var.
611 1094 692 1125 lect.
719 1103 775 1134 ap.
790 1093 909 1126 Jones.
936 1099 971 1125 et
1002 1094 1052 1125 sic
1079 1094 1182 1125 etiam
1207 1093 1305 1125 Harl.
1320 1095 1440 1125 3.-24
1463 1093 1610 1127 Quidam
1626 1091 1729 1125 codd.

264 1135 438 1173 Lambini,
463 1145 548 1166 unus
576 1136 794 1174 Bersmanni‚
819 1137 913 1177 Lips.
929 1140 959 1168 l.
985 1137 1094 1168 ceteri
1120 1146 1175 1176 ap.
1201 1135 1297 1173 Jani,
1318 1137 1556 1168 Venet.1492.
1583 1136 1727 1167 Locher.

263 1177 410 1209 Ascens.
425 1179 540 1210 Bentl.
554 1183 590 1210 et
608 1179 714 1210 Kidd.
727 1180 936 1219 volucresque.
951 1181 961 1198 ‘
974 1179 1086 1211 Codd.
1103 1180 1151 1210 nil
1163 1178 1306 1210 definire
1320 1183 1487 1220 apparet:
1501 1179 1560 1210 sed
1577 1178 1729 1220 exquisi-

265 1221 333 1252 tius
350 1226 386 1252 et
403 1221 596 1262 elegantius
621 1231 696 1252 esse
713 1223 848 1253 volucris
863 1222 942 1254 Fati
958 1232 1059 1263 quam
1077 1223 1214 1253 volucres
1228 1222 1297 1253 alas
1311 1221 1417 1253 facile
1433 1222 1593 1253 sentitur.
1638 1219 1731 1252 Vide

269 1263 417 1305 Cuniug.
433 1264 618 1296 AnimadV.
635 1274 713 1306 cap.
730 1274 789 1296 xv.
806 1275 839 1306 p.
855 1264 942 1297 2723
965 1266 1058 1296 Jam'.
1104 1265 1208 1297 Multi
1232 1264 1389 1297 scribunt
1406 1264 1490 1305 sati,
1505 1265 1614 1306 prima
1627 1263 1731 1296 litera

932 1341 964 1373 N
971 1340 1075 1372 OTAE

265 1408 359 1436 astro
372 1408 408 1435 et
423 1404 614 1445 horoscopo
628 1404 732 1436 vitam
746 1414 820 1436 esse
834 1404 969 1436 brevio—

265 1464 350 1487 rem.

309 1509 351 1538 19
375 1506 440 1537 Seu
454 1509 609 1547 tyrannus
624 1504 787 1546 Hesper-icc
804 1505 970 1545 Capricor-

263 1565 324 1587 nus
339 1554 444 1594 unda]
467 1554 548 1586 Sive
579 1554 691 1595 prodii
715 1555 749 1586 in
772 1555 886 1586 lucem
907 1555 969 1587 sub

266 1604 472 1646 Capricorni
499 1603 627 1644 sidere,
651 1604 741 1646 quod
759 1614 836 1636 cum
853 1606 970 1637 Satur-

265 1664 329 1686 nus
355 1654 500 1693 obtinet,
531 1663 654 1695 graves
683 1654 813 1686 excitat
836 1655 971 1696 pluvias

265 1709 372 1747 atque
390 1710 615 1746 tempestates
633 1705 666 1736 in
683 1705 766 1736 mari
779 1706 971 1745 praesertim

263 1755 431 1794 occid-103
450 1761 540 1786 teste
565 1755 685 1787 Servio
709 1755 742 1786 in
769 1755 932 1796 Georgic.
948 1764 973 1787 1.

266 1806 325 1839 cit.
371 1807 416 1838 Et
443 1805 563 1838 Manil.
587 1805 646 1838 lib.
674 1814 724 1836 iv.
748 1807 835 1844 ‘'rti,
851 1806 974 1847 Capri-

266 1867 382 1898 come,
411 1857 501 1897 regis
530 1856 695 1898 quicquid
721 1857 783 1889 sub
809 1857 890 1889 Sole
916 1866 974 1888 ca-

266 1907 397 1948 dente‚’
412 1909 476 1939 &c.
522 1907 685 1948 Propert.
701 1915 752 1940 ιν.
767 1910 797 1939 1.
814 1910 868 1939 88.
884 1909 894 1925 ⁴
910 1908 974 1939 Lo-

267 1963 322 1990 tus
356 1963 394 1990 et
421 1959 595 1999 Hesperia
631 1959 712 1999 quid
744 1953 985 1999 Capricornus¹

267 2007 394 2049 aqua?
437 2008 621 2039 Decimum
654 2009 717 2040 hoc
744 2008 877 2049 signum
909 2010 974 2041 Zo-

267 2058 358 2089 diaci
385 2058 566 2090 solstitium
588 2057 774 2089 Decembri
791 2067 908 2090 mense
924 2051 974 2090 fe-

268 2109 319 2140 cit
347 2108 559 2149 hybernum:
593 2107 684 2138 uude
713 2107 782 2139 Cic.
813 2107 857 2138 de
888 2108 974 2140 Nat.

270 2159 379 2190 Deor.
408 2167 449 2189 11.
472 2157 581 2189 ‘Tum
611 2158 762 2198 gelidum
791 2158 903 2189 valido
931 2159 975 2190 de

272 2214 416 2251 pectore
442 2207 549 2249 frigus
565 2208 741 2248 anhelam,
753 2207 904 2247 Corpore
922 2218 975 2239 se-

268 2250 406 2301 mifero,
423 2268 545 2299 magno
569 2257 798 2298 Capricornus
818 2257 852 2288 in
869 2258 974 2290 orbe:

270 2311 383 2344 Quem
399 2319 474 2342 cum
492 2314 664 2350 perpetuo
682 2307 826 2339 vestivit
849 2308 975 2339 lumine

268 2361 386 2402 Titan,
407 2359 562 2392 Brumali
592 2357 739 2390 flectens
768 2362 976 2399 contorquet

271 2416 427 2452 tempore
445 2408 606 2441 currum.¹

314 2465 356 2494 21
385 2462 557 2501 Utrumque
569 2463 710 2491 nostrum
720 2457 898 2490 incredibili
911 2468 976 2490 πιο-

271 2514 311 2545 do
327 2512 493 2544 Consentit
503 2509 639 2550 astrum]
661 2510 788 2542 Sensus
801 2513 873 2541 est:
899 2509 976 2541 Etsi

271 2574 338 2596 non
355 2569 408 2595 est
424 2563 516 2595 idem
540 2561 633 2600 mibi,
655 2560 712 2602 qui
728 2559 792 2592 tibi
817 2559 977 2591 horosco-

272 2625 358 2655 pus;
388 2618 424 2645 ut
448 2616 543 2645 certe
567 2621 689 2652 magna
710 2614 747 2643 et
766 2609 976 2642 incredibilis

272 2666 362 2696 inter
376 2674 487 2696 meum
503 2664 697 2696 natalitium
714 2663 809 2695 sidus
823 2672 864 2694 ac
881 2668 977 2695 tuum

273 2716 452 2750 consensio
468 2720 536 2755 est,
552 2714 806 2754 convenientia,
822 2713 978 2745 similitu·

274 2766 339 2798 do:
372 2771 582 2807 quapropter
612 2770 650 2797 ut
685 2769 820 2796 mutuus
850 2763 977 2795 dudum

275 2816 401 2849 coaluit
418 2816 507 2846 inter
522 2824 582 2847 uos
597 2823 704 2855 amor,
720 2819 758 2846 ut
769 2814 873 2846 etiarn
890 2822 977 2846 mor-

1025 1405 1068 1435 tis
1086 1404 1215 1444 pariter
1230 1403 1412 1449 effugimus
1429 1404 1640 1446 periculum;
1662 1406 1731 1437 ista

1025 1454 1162 1495 quidem
1179 1453 1353 1486 efficiente
1385 1453 1573 1486 coelestium
1601 1455 1657 1494 vi;
1680 1456 1731 1488 sic

1025 1504 1108 1536 licet
1123 1505 1305 1546 spondere,
1325 1505 1471 1536 alterum
1488 1504 1531 1537 ab
1544 1506 1654 1537 altero
1665 1515 1731 1538 nec

1023 1556 1057 1587 in
1070 1563 1179 1587 morte
1189 1555 1419 1597 sejungendos
1430 1560 1491 1588 aut
1501 1555 1730 1589 divellendos.

1025 1606 1180 1647 Persius,
1198 1605 1337 1638 Horatii
1352 1610 1541 1647 perpetuus
1566 1606 1732 1646 imitator,

1025 1656 1089 1688 hoc
1113 1656 1189 1687 loco
1211 1656 1370 1687 videatur
1394 1665 1587 1696 superasse,
1605 1657 1678 1689 Sat.
1695 1666 1731 1689 v.

1026 1709 1079 1738 45.
1100 1707 1109 1723 ‘
1127 1706 1205 1738 Non
1222 1705 1382 1748 equidem
1405 1705 1471 1738 hoc
1491 1705 1642 1747 dubites,
1661 1716 1733 1739 am·

1008 1768 1013 1771 ¹
1027 1756 1148 1789 borum
1165 1755 1294 1787 foedere
1315 1760 1413 1788 certo
1429 1755 1630 1788 Consentire
1646 1756 1734 1801 dies,

1029 1812 1065 1838 et
1081 1806 1123 1838 ab
1137 1816 1202 1838 uno
1218 1805 1331 1837 sidere
1347 1804 1455 1837 duci!

1072 1859 1114 1888 22
1141 1857 1183 1888 Te
1209 1857 1302 1888 Jovis
1320 1855 1417 1898 impio
1437 1856 1559 1897 Tutela,
1574 1855 1645 1898 qiu]
1667 1856 1736 1888 Be-

1028 1909 1149 1951 nignus
1161 1909 1260 1943 Jovis
1274 1912 1434 1950 aspectus
1447 1908 1586 1940 Saturni
1602 1908 1660 1951 (ut
1673 1907 1736 1951 fit)

1029 1960 1278 2001 malignitatem
1316 1959 1470 1991 correxit
1509 1957 1735 2001 infregitque,

1029 2015 1149 2043 contra
1166 2009 1342 2050 fulgendo,
1354 2010 1388 2040 in
1400 2008 1483 2041 hora
1494 2008 1614 2041 natali.
1636 2008 1733 2040 Pers.

1029 2060 1088 2091 cit.
1114 2069 1207 2099 mox,
1225 2069 1273 2091 vs.
1294 2062 1347 2091 50.
1371 2059 1646 2101 ‘Saturnumque
1661 2067 1736 2098 gra-

1029 2119 1104 2142 vem
1121 2114 1237 2141 nostro
1252 2109 1341 2142 Jove
1357 2108 1543 2150 frangimus
1558 2109 1649 2142 nna!

1072 2160 1174 2201 Impia
1198 2159 1354 2200 Saturno]
1391 2160 1604 2192 Fabulantur
1635 2160 1734 2192 nimi-

1028 2220 1100 2241 rum
1117 2211 1301 2242 Saturnum
1327 2210 1483 2251 proprios
1501 2209 1681 2242 devorasse
1694 2209 1734 2241 fi-

1029 2260 1118 2292 lios:
1143 2261 1219 2291 hinc
1246 2265 1284 2292 et
1313 2260 1410 2292 aiunt
1435 2259 1496 2291 sub
1518 2259 1595 2300 ejus
1618 2258 1733 2291 sidere

1029 2311 1165 2350 genitos
1181 2320 1288 2341 saevos
1312 2315 1350 2342 et
1365 2310 1486 2350 impios
1503 2309 1604 2341 effici.
1647 2309 1734 2340 Pro-

1029 2360 1161 2401 pertius
1173 2366 1207 2390 et
1221 2360 1319 2391 Pers.
1331 2360 1391 2392 cit.
1434 2360 1618 2391 Saturnum
1634 2359 1644 2377 ‘
1658 2369 1733 2401 gra·

1030 2408 1129 2448 vem‚'
1145 2408 1323 2441 Juvenalis
1351 2410 1360 2426 ‘
1373 2407 1523 2439 tristem'
1543 2409 1709 2450 appellat.

1071 2461 1113 2491 24
1137 2458 1282 2500 Eripuit]
1315 2459 1344 2490 E
1360 2458 1456 2500 gravi
1472 2458 1591 2490 morbo
1607 2459 1736 2491 incolu-

1030 2519 1119 2541 mem
1143 2509 1320 2551 praestitit‚
1339 2517 1379 2540 ac
1404 2508 1511 2540 veluti
1532 2509 1646 2550 rapuit
1665 2510 1735 2541 vio·

1030 2560 1144 2592 lentiae
1161 2560 1301 2591 Saturni
1319 2558 1441 2591 falcem
1456 2558 1530 2599 jam
1554 2557 1620 2590 tibi
1638 2568 1735 2591 snam

1031 2609 1237 2642 intentantis
1254 2609 1296 2641 ad
1312 2610 1413 2641 vitam
1430 2608 1712 2642 intercidendam.

1080 2660 1277 2700 Vulneraque
1294 2659 1369 2691 Fati
1386 2659 1536 2691 Tardavit
1549 2658 1633 2700 alas]
1661 2658 1736 2691 Ad-

1031 2710 1387 2751 volantem-propere,
1408 2715 1445 2742 ut
1466 2709 1567 2750 solet,
1589 2713 1734 2741 mortem

1031 2762 1234 2795 retardavit.
