1916 3190
294 235 379 278 242
626 226 634 231 ⁶
892 249 1156 282 Excunsus

334 341 420 372 Tum
434 340 537 373 facile
553 346 695 383 apparet
711 342 829 381 etiam,
843 351 905 373 cur
920 343 1134 383 Eloquentiae
1151 344 1268 384 praesit
1290 345 1494 387 Mercurius,
1507 348 1610 388 atque
1633 347 1742 389 inpri-

292 394 355 425 mis
371 394 575 426 nobilissimo
597 396 671 436 ejus
699 395 827 436 generi,
843 395 959 435 Poesi,
975 396 1007 426 in
1026 406 1095 437 qua
1110 401 1278 438 praeterea
1305 408 1434 430 summa
1456 399 1584 440 ingenii
1605 401 1742 432 humani

290 446 411 487 gloria,
432 447 732 489 antiquissimaque
757 447 927 488 sapientia
949 452 1001 479 est
1016 447 1101 490 (vid.
1119 458 1143 481 1.
1159 449 1228 481 Od.
1244 453 1274 482 l.
1289 450 1370 492 29.).
1415 452 1488 483 Cic.
1507 452 1550 484 de
1567 452 1628 484 Or.
1647 463 1672 485 1.
1687 456 1740 486 46.

289 500 301 517 ‘
318 500 400 541 Ejus
415 500 498 532 artis
513 499 763 543 (Eloquentiae)
778 523 786 531 .
801 523 810 532 .
823 524 831 532 .
847 501 946 543 cujus
965 510 1042 534 cum
1059 501 1135 543 ipsa
1149 507 1274 534 natura
1289 513 1445 545 magnam
1461 504 1584 536 homini
1596 505 1740 537 faculta-

292 557 360 585 tem
376 553 488 595 daret,
505 558 621 586 tamen
636 563 711 586 esse
738 555 832 585 Dens
856 559 1010 596 putatur,
1026 561 1066 586 ut
1089 559 1125 586 et
1148 555 1270 597 ipsum,
1292 556 1382 598 quod
1399 561 1474 589 erat
1496 558 1638 590 hominis
1662 567 1742 599 pro·

289 607 412 647 prium,
427 610 496 638 non
522 614 657 647 partum
681 616 744 648 per
770 617 844 647 nos,
861 607 920 638 sed
945 607 1106 639 divinitus
1125 608 1168 639 ad
1197 618 1256 640 nos
1281 609 1428 641 delatum
1447 610 1650 642 videretur!
1691 610 1739 643 Et

287 659 357 691 vid.
374 654 499 692 Horat.
515 669 556 691 11.
572 661 639 692 Od.
656 663 707 691 17.
723 663 777 691 29.

312 714 453 754 -Ῥοιϊο,
469 723 546 745 cum
562 718 598 745 et
613 713 814 745 Prudentiae
829 723 855 745 s.
873 714 1059 755 Sapientiae
1075 714 1186 745 civilis
1202 718 1237 746 et
1252 722 1333 746 vero
1346 715 1560 757 Eloquentiae
1577 716 1622 754 vi,
1636 717 1737 750 nrbes

287 776 328 799 ac
343 766 502 799 civitates
518 767 782 806 constituantur,
795 767 903 807 leges,
917 767 1063 807 judicia,
1076 768 1158 807 jura
1173 768 1422 807 describantur,
1436 768 1524 800 bella
1540 778 1581 801 ac
1597 769 1738 804 dissidia

285 823 548 859 componantur,
569 818 747 850 firmentur
768 819 966 860 societates,
983 829 1050 859 pax
1065 823 1237 860 quaeratur
1252 823 1288 851 et
1306 825 1528 852 conservetur
1539 832 1548 859 ;
1571 822 1738 854 Mercurii

287 871 322 903 in
337 872 386 903 his
402 871 557 903 omnibus
572 872 721 912 insignes
739 876 854 912 partes
871 881 946 902 esse
962 873 1157 912 oportebat.
1191 873 1282 904 Hinc
1297 875 1307 891 ⁴
1320 873 1512 905 Mercurius
1528 873 1664 906 Pacifer
1675 874 1684 888 ’
1699 875 1736 906 in

283 924 439 964 nummis,
453 934 529 956 cum
550 924 714 964 caduceo,
734 924 932 956 dirimendae
948 925 1141 957 Diseordiae
1156 926 1384 958 instrumento
1407 926 1496 968 (vid.
1510 926 1634 958 Isidor.
1650 936 1736 960 viu.

285 976 369 1017 11.)‚
386 977 468 1008 item
485 986 562 1008 oum
578 976 667 1007 oliva
685 976 774 1018 (vid.
792 976 995 1008 Oiselssrab.
1007 986 1114 1009 xmu.
1130 988 1163 1009 n.
1178 981 1210 1009 7.
1225 976 1297 1018 8.);
1313 979 1391 1010 hinc
1408 979 1610 1011 Securitatis
1626 979 1734 1020 publi-

283 1040 334 1061 cae
351 1034 486 1067 custos;
510 1033 546 1060 et
562 1028 640 1059 hinc
658 1029 821 1069 deinceps
844 1029 854 1046 ‘
872 1029 1018 1060 viarum'
1033 1039 1073 1062 ac
1087 1031 1097 1048 ‘
1113 1030 1420 1071 peregrinantium’
1442 1035 1535 1063 tutor
1556 1031 1643 1072 (vid.
1658 1032 1736 1073 Lip-

282 1086 372 1124 pert.
388 1082 527 1122 Dactyl.
543 1080 631 1112 Mill.
648 1090 673 1112 1.
690 1081 730 1112 Ρ.
745 1090 770 1112 1.
789 1080 894 1122 142.).

327 1133 474 1172 Deinde,
489 1143 565 1165 cum
582 1133 683 1174 prisci
699 1133 861 1174 homines,
876 1133 996 1165 durum
1013 1143 1133 1175 genus,
1150 1134 1250 1167 bruto
1264 1135 1392 1176 furore,
1407 1136 1515 1168 instar
1531 1136 1733 1177 belluarum,

281 1188 371 1219 bella
387 1187 476 1218 inter
490 1196 526 1218 se
543 1190 716 1227 gererent,
734 1190 825 1227 post,
840 1195 915 1217 cum
932 1186 975 1218 ad
991 1187 1232 1219 humanitatem
1248 1187 1472 1228 tingerentur,
1483 1189 1607 1221 sensim
1620 1198 1733 1230 coepe-

280 1245 360 1271 runt
376 1243 412 1271 et
426 1239 505 1271 dolo
521 1247 561 1270 ac
577 1243 824 1280 strategemate
842 1240 906 1279 uti,
922 1244 958 1270 et
974 1241 1168 1271 exercendo
1193 1250 1315 1281 corpus
1338 1240 1469 1282 tingere
1495 1242 1652 1284 viresque
1677 1241 1733 1274 tir·

278 1302 384 1332 mare,
400 1302 467 1333 quo
483 1296 599 1324 essent
615 1291 820 1323 adversariis
839 1291 873 1322 in
891 1300 972 1322 vera
989 1301 1104 1332 pugna
1119 1293 1326 1333 superiores.
1370 1293 1458 1326 Haec
1475 1294 1570 1335 origo
1583 1295 1593 1311 ‘
1604 1295 1734 1326 Palaes·

277 1347 366 1376 trae.y
408 1344 509 1377 Quod
526 1349 705 1385 utrumque
730 1353 806 1375 cum
826 1344 870 1375 ad
894 1343 1088 1376 formandos
1104 1345 1255 1376 homines
1271 1346 1457 1386 pertineat,
1472 1347 1505 1377 in
1521 1356 1630 1388 eoque
1653 1356 1732 1388 pru-

277 1396 396 1428 dentia
414 1397 523 1428 civilis
546 1401 721 1436 cernatur,
746 1396 825 1427 inde
855 1400 891 1426 et
915 1396 983 1427 doli
1003 1396 1116 1428 bellici
1141 1402 1176 1428 et
1201 1398 1379 1429 Palaestrae
1396 1398 1554 1430 inventor
1569 1403 1731 1440 tutorque

276 1449 470 1481 Mercurius
492 1452 556 1480 est.
602 1449 711 1480 Erant
735 1452 769 1479 et
796 1448 830 1478 in
857 1448 1013 1480 omnibus
1031 1449 1179 1480 Graeciae
1201 1449 1402 1481 civitatibus
1425 1449 1514 1481 bene
1531 1450 1730 1482 constitutis

274 1502 466 1543 gymnasia,
482 1502 517 1533 in
532 1501 654 1544 quibus
672 1501 846 1533 Mercurio
861 1502 990 1542 templa
1004 1506 1040 1533 et
1055 1506 1177 1534 statnae
1193 1503 1371 1534 collocatae
1387 1507 1516 1535 esseut.

318 1555 525 1586 Mercaturae
541 1554 660 1594 etiam,
674 1563 752 1595 quae
774 1557 810 1585 et
835 1554 878 1584 ad
901 1554 1176 1595 conjunctionem
1193 1564 1233 1586 ac
1248 1555 1450 1586 societatem
1465 1555 1637 1587 hominum
1653 1564 1730 1596 per-

275 1607 396 1647 tineat,
409 1611 447 1638 et
461 1608 569 1638 multa
585 1607 710 1648 ingenii
730 1606 870 1639 solertia
892 1616 978 1646 opus
999 1607 1139 1647 habeat,
1161 1611 1286 1648 praeest
1301 1607 1506 1647 Mercurius,
1522 1608 1606 1640 lucri
1621 1608 1728 1640 Deus.

274 1660 376 1692 Unde
400 1660 433 1691 in
459 1669 641 1693 monumm.
669 1659 820 1691 occurrit
846 1664 958 1691 rostro
985 1659 1096 1691 navali
1121 1660 1278 1691 insistens
1303 1660 1421 1702 (Lipp.
1443 1660 1568 1701 Suppl.
1584 1661 1686 1694 Dset.
1702 1670 1728 1692 1.

273 1714 380 1755 200.),
397 1723 474 1745 cum
492 1714 643 1745 Fortuna
664 1713 815 1744 sociatur
837 1712 978 1754 (Causei
995 1713 1087 1744 Mus.
1104 1714 1199 1745 Rom.
1214 1717 1295 1745 tom.
1313 1723 1339 1745 1.
1361 1713 1444 1745 Tab.
1461 1722 1620 1755 xnvt.,p.
1635 1713 1724 1755 ³²0:

273 1769 338 1800 vid.
357 1768 400 1798 ad
417 1776 442 1798 1.
459 1766 528 1799 Od.
544 1769 596 1798 35.
611 1768 643 1797 6.
659 1766 801 1807 ejusque
816 1765 991 1797 caduceus
1020 1775 1096 1797 cum
1124 1766 1272 1797 anchora
1294 1765 1452 1806 juugitur
1478 1766 1600 1807 (Lipp.
1625 1767 1728 1799 Dact-

273 1822 362 1852 Min.
379 1829 420 1852 n.
439 1820 481 1851 P.
497 1829 523 1851 x.
541 1829 573 1850 n.
590 1821 662 1851 130.
687 1842 694 1851 .

315 1873 483 1905 Quoniam
508 1873 644 1904 omniuo
661 1819 710 1904 gie
726 1872 849 1912 omnia,
869 1872 904 1903 iu
921 1871 1045 1914 quibus
1067 1871 1194 1911 ingenii
1209 1872 1351 1904 solertia
1368 1871 1534 1911 cernitur,
1549 1859 1726 1903 Mercurio

271 1925 374 1958 tribui
394 1925 546 1964 proclive
563 1930 630 1964 est,
655 1925 734 1956 hinc
749 1925 846 1956 Deus
860 1929 914 1956 est
929 1924 1035 1956 omnis
1052 1924 1062 1941 ‘
1075 1923 1159 1955 doli’
1174 1934 1214 1955 ac
1229 1924 1239 1941 ‘
1257 1923 1410 1964 fraudis‚'
1432 1923 1466 1955 in
1481 1933 1548 1965 qua
1562 1923 1725 1956 callidum

272 1986 415 2008 acumen
432 1981 496 2016 est,
512 1986 580 2017 qua
607 1977 794 2017 imponitur
820 1981 856 2008 et
882 1977 1037 2008 illuditur
1057 1977 1143 2016 aliis,
1161 1977 1217 2008 vel
1243 1976 1425 2017 prudentia
1439 1976 1532 2008 civili
1545 1986 1586 2008 ac
1602 1976 1725 2013 bellica

273 2029 480 2069 postulante,
519 2029 573 2059 vel
603 2028 708 2060 animi
738 2032 871 2059 tantum
902 2023 1101 2058 oblectandi
1129 2028 1387 2069 innocentisque
1406 2028 1477 2069 joci
1501 2027 1639 2068 edendi,
1664 2032 1726 2060 aut

269 2081 398 2121 ingenii
424 2081 627 2112 ostendendi
654 2089 777 2112 causa:
814 2089 880 2120 quo
906 2079 1098 2119 referenda,
1124 2089 1155 2111 e.
1179 2090 1210 2120 g.
1242 2080 1334 2110 furta
1361 2081 1495 2121 jocosa,
1524 2080 1722 2122 praestigiae,

268 2133 442 2165 illusiones
472 2142 645 2173 sensuum,
669 2134 737 2164 διο.
783 2132 884 2164 Quod
910 2132 1099 2163 universum
1124 2141 1201 2163 cum
1222 2132 1337 2163 Graeci
1361 2132 1496 2172 κλοπὴν,
1519 2133 1631 2164 Latini
1645 2133 1721 2171 fur-

269 2189 336 2218 tum
358 2186 478 2217 dicant
498 2185 640 2227 ipseque
670 2185 863 2216 Mercurius
886 2184 966 2215 inde
984 2184 1132 2225 ληΐστὴρ,
1157 2185 1298 2224 φιλητῶν
1321 2182 1472 2224 ὄρχαμος,
1496 2184 1571 2225 sur,
1590 2184 1721 2222 furibus

267 2241 371 2280 aptus,
400 2239 452 2278 ξε.
475 2233 616 2277 audiat,
645 2236 800 2276 fuerunt,
828 2237 898 2278 qui,
927 2237 1074 2277 ¹decepti
1111 2237 1364 2274 vocabulorum,
1391 2245 1532 2278 quorum
1558 2236 1720 2268 Graecum

268 2296 306 2324 et
320 2291 477 2323 Latinum
502 2300 600 2323 usum
616 2290 801 2329 nescirent,
821 2289 964 2331 speciali
980 2294 1017 2321 et
1032 2290 1154 2321 notiori
1171 2288 1427 2329 significatione,
1450 2298 1527 2320 eum
1544 2287 1655 2321 furum
1678 2298 1719 2320 ac

267 2345 453 2383 latronum,
477 2343 564 2375 malo
589 2342 834 2385 sensu,5Deum
858 2341 1026 2374 facerent.
1070 2341 1224 2373 Pessime
1246 2339 1330 2372 hoc!
1391 2341 1459 2374 Qui
1487 2341 1596 2381 possit
1624 2341 1718 2372 Deus

268 2401 338 2428 tam
367 2395 488 2427 nobilis
516 2394 658 2436 (κύδιμος
677 2394 822 2435 Ἑρμῆς),
842 2394 995 2425 Deorum
1018 2393 1181 2433 Nuntius,
1206 2394 1303 2424 Deus
1325 2393 1426 2424 Pacis
1448 2402 1487 2424 ac
1514 2393 1717 2426 Securitatis

266 2449 430 2488 publicae,
444 2448 500 2489 qui
515 2453 552 2479 et
568 2452 696 2488 praeest
710 2446 906 2479 civitatibus
921 2446 1009 2479 bene
1025 2446 1275 2478 constituendis
1290 2455 1330 2477 ac
1343 2445 1518 2486 regundis,
1530 2446 1586 2487 qui
1599 2450 1719 2478 auctor

268 2507 321 2534 est
343 2500 543 2541 Religionis,
557 2509 632 2531 esse
650 2499 740 2531 idem
759 2503 852 2533 tutor
868 2503 937 2531 tam
954 2500 1063 2539 turpis
1079 2499 1141 2538 rei,
1154 2502 1224 2530 tam
1240 2498 1507 2539 perniciosorum
1523 2498 1718 2531 hominum?

268 2555 454 2596 Nusquam,
480 2562 591 2594 neque
615 2553 650 2584 in
665 2551 892 2584 monumentis
911 2559 1021 2592 neque
1038 2551 1070 2582 in
1088 2550 1206 2582 Poetis
1222 2550 1383 2591 antiquis,
1399 2554 1494 2582 recte
1511 2550 1648 2592 quidem
1665 2551 1715 2582 in-

267 2607 431 2646 tellectis,
448 2607 538 2638 hunc
554 2606 712 2637 infamem
728 2606 962 2637 characterem
974 2604 1166 2636 Mercurius
1180 2603 1302 2635 habet:
1321 2603 1387 2634 vid.
1399 2603 1526 2644 Spenc.
1543 2604 1714 2645 Polymet.

267 2658 357 2690 Dial.
373 2667 458 2689 viu.
480 2669 514 2699 p.
530 2662 604 2691 108.
650 2658 798 2690 Omnino
819 2662 855 2690 et
876 2658 912 2689 in
935 2656 1055 2689 fraude
1071 2658 1172 2697 mala,
1188 2656 1348 2698 furtoque
1366 2656 1488 2696 vetito,
1503 2656 1652 2688 solertiae
1667 2657 1715 2688 lo·

267 2720 327 2742 cus
344 2715 416 2749 est,
436 2711 494 2742 sed
513 2712 588 2752 quis
605 2711 742 2743 tandem
759 2711 990 2743 characterem
1005 2710 1185 2750 hominum,
1202 2711 1254 2741 vel
1272 2708 1540 2750 praeclarissimis
1555 2707 1711 2741 Numinis

264 2762 408 2803 alicujus
424 2763 520 2796 donis
545 2765 769 2804 abutentium,
795 2764 829 2797 in
854 2764 965 2796 Deum
984 2762 1096 2804 ipsum
1120 2761 1329 2796 transferat?
1373 2762 1501 2794 Verum
1517 2761 1606 2794 idem
1621 2759 1709 2795 acci·
