<?xml version="1.0" encoding="UTF-8"?>
<!DOCTYPE html PUBLIC "-//W3C//DTD XHTML 1.0 Transitional//EN"
    "http://www.w3.org/TR/xhtml1/DTD/xhtml1-transitional.dtd">
<html xmlns="http://www.w3.org/1999/xhtml" xml:lang="en" lang="en">
 <head>
  <title>
</title>
<meta http-equiv="Content-Type" content="text/html;charset=utf-8" />
  <meta name='ocr-system' content='tesseract 3.04.00' />
  <meta name='ocr-capabilities' content='ocr_page ocr_carea ocr_par ocr_line ocrx_word'/>
</head>
<body>
  <div class='ocr_page' id='page_1' title='image "./operazeune01horauoft_0265.png"; bbox 0 0 1916 3190; ppageno 0'>
   <div class='ocr_carea' id='block_1_1' title="bbox 591 222 1150 286">
    <p class='ocr_par' dir='ltr' id='par_1_1' title="bbox 591 222 1150 286">
     <span class='ocr_line' id='line_1_1' title="bbox 591 222 1150 286; baseline -0.007 0"><span class='ocrx_word' id='word_1_1' title='bbox 591 253 862 286; x_wconf 69' lang='lat' dir='ltr'>csnmmtm</span> <span class='ocrx_word' id='word_1_2' title='bbox 900 222 995 284; x_wconf 56' lang='lat'>121&#39;13.</span> <span class='ocrx_word' id='word_1_3' title='bbox 1027 250 1079 283; x_wconf 83' lang='lat'>11.</span> <span class='ocrx_word' id='word_1_4' title='bbox 1109 242 1150 282; x_wconf 95' lang='lat'>1.</span> 
     </span>
    </p>
   </div>
   <div class='ocr_carea' id='block_1_2' title="bbox 378 346 1009 392">
    <p class='ocr_par' dir='ltr' id='par_1_2' title="bbox 378 346 1009 392">
     <span class='ocr_line' id='line_1_2' title="bbox 378 346 1009 392; baseline -0.006 -1"><span class='ocrx_word' id='word_1_5' title='bbox 378 350 482 392; x_wconf 88' lang='lat' dir='ltr'>Non</span> <span class='ocrx_word' id='word_1_6' title='bbox 501 348 811 390; x_wconf 82' lang='lat' dir='ltr'>decoloravere</span> <span class='ocrx_word' id='word_1_7' title='bbox 833 346 1009 388; x_wconf 75' lang='lat' dir='ltr'>csedes‘!</span> 
     </span>
    </p>
   </div>
   <div class='ocr_carea' id='block_1_3' title="bbox 1510 243 1599 386">
    <p class='ocr_par' dir='ltr' id='par_1_3' title="bbox 1510 243 1599 386">
     <span class='ocr_line' id='line_1_3' title="bbox 1510 243 1595 284; baseline -0.012 0"><span class='ocrx_word' id='word_1_8' title='bbox 1510 243 1595 284; x_wconf 77' lang='lat'>257</span> 
     </span>
     <span class='ocr_line' id='line_1_4' title="bbox 1541 345 1599 386; baseline 0 0"><span class='ocrx_word' id='word_1_9' title='bbox 1541 345 1599 386; x_wconf 84' lang='lat'>35</span> 
     </span>
    </p>
   </div>
   <div class='ocr_carea' id='block_1_4' title="bbox 325 411 1216 598">
    <p class='ocr_par' dir='ltr' id='par_1_4' title="bbox 325 411 1216 598">
     <span class='ocr_line' id='line_1_5' title="bbox 436 411 1170 466; baseline -0.008 -8"><span class='ocrx_word' id='word_1_10' title='bbox 436 415 552 466; x_wconf 85' lang='lat' dir='ltr'>Quae</span> <span class='ocrx_word' id='word_1_11' title='bbox 572 419 695 457; x_wconf 85' lang='lat' dir='ltr'>caret</span> <span class='ocrx_word' id='word_1_12' title='bbox 712 427 792 456; x_wconf 77' lang='lat' dir='ltr'>ora</span> <span class='ocrx_word' id='word_1_13' title='bbox 811 424 962 456; x_wconf 87' lang='lat' dir='ltr'>cruore</span> <span class='ocrx_word' id='word_1_14' title='bbox 980 414 1134 454; x_wconf 83' lang='lat' dir='ltr'>nostro</span> <span class='ocrx_word' id='word_1_15' title='bbox 1149 411 1170 452; x_wconf 82' lang='lat' dir='ltr'>‘l</span> 
     </span>
     <span class='ocr_line' id='line_1_6' title="bbox 325 478 1216 536; baseline -0.007 -11"><span class='ocrx_word' id='word_1_16' title='bbox 325 483 416 525; x_wconf 88' lang='lat' dir='ltr'>Sed</span> <span class='ocrx_word' id='word_1_17' title='bbox 435 496 506 533; x_wconf 90' lang='lat' dir='ltr'>ne,</span> <span class='ocrx_word' id='word_1_18' title='bbox 524 482 703 532; x_wconf 87' lang='lat' dir='ltr'>relictis,</span> <span class='ocrx_word' id='word_1_19' title='bbox 725 482 861 524; x_wconf 79' lang='lat' dir='ltr'>Musa</span> <span class='ocrx_word' id='word_1_20' title='bbox 879 493 1066 536; x_wconf 83' lang='lat' dir='ltr'><strong>procax,</strong></span> <span class='ocrx_word' id='word_1_21' title='bbox 1080 478 1216 534; x_wconf 81' lang='lat' dir='ltr'>J‘ociS‚</span> 
     </span>
     <span class='ocr_line' id='line_1_7' title="bbox 327 547 1067 598; baseline -0.005 -7"><span class='ocrx_word' id='word_1_22' title='bbox 327 549 434 593; x_wconf 85' lang='lat' dir='ltr'>Ceae</span> <span class='ocrx_word' id='word_1_23' title='bbox 454 553 666 592; x_wconf 79' lang='lat' dir='ltr'>retractes</span> <span class='ocrx_word' id='word_1_24' title='bbox 682 561 859 591; x_wconf 85' lang='lat' dir='ltr'>munera</span> <span class='ocrx_word' id='word_1_25' title='bbox 877 547 1038 589; x_wconf 82' lang='lat' dir='ltr'>naeniae</span> <span class='ocrx_word' id='word_1_26' title='bbox 1054 559 1067 598; x_wconf 83' lang='lat'><em>3</em></span> 
     </span>
    </p>
   </div>
   <div class='ocr_carea' id='block_1_5' title="bbox 160 682 1607 734">
    <p class='ocr_par' dir='ltr' id='par_1_5' title="bbox 160 682 1607 734">
     <span class='ocr_line' id='line_1_8' title="bbox 160 682 1607 734; baseline -0.01 -7"><span class='ocrx_word' id='word_1_27' title='bbox 160 693 240 728; x_wconf 72' lang='lat' dir='ltr'>Quoe</span> <span class='ocrx_word' id='word_1_28' title='bbox 267 693 355 734; x_wconf 72' lang='lat' dir='ltr'>regio</span> <span class='ocrx_word' id='word_1_29' title='bbox 379 702 441 724; x_wconf 78' lang='lat' dir='ltr'>m</span> <span class='ocrx_word' id='word_1_30' title='bbox 456 692 574 724; x_wconf 71' lang='lat' dir='ltr'>imbuta</span> <span class='ocrx_word' id='word_1_31' title='bbox 594 694 699 723; x_wconf 68' lang='lat' dir='ltr'>nostro</span> <span class='ocrx_word' id='word_1_32' title='bbox 718 689 892 730; x_wconf 67' lang='lat' dir='ltr'>sangnine?</span> <span class='ocrx_word' id='word_1_33' title='bbox 938 687 1064 727; x_wconf 68' lang='lat' dir='ltr'>Ver-mn,</span> <span class='ocrx_word' id='word_1_34' title='bbox 1079 696 1098 717; x_wconf 81' lang='lat' dir='ltr'>o</span> <span class='ocrx_word' id='word_1_35' title='bbox 1118 685 1216 717; x_wconf 72' lang='lat' dir='ltr'>Mssa</span> <span class='ocrx_word' id='word_1_36' title='bbox 1236 684 1395 725; x_wconf 72' lang='lat' dir='ltr'>audacior,</span> <span class='ocrx_word' id='word_1_37' title='bbox 1414 693 1453 715; x_wconf 75' lang='lat' dir='ltr'>ne</span> <span class='ocrx_word' id='word_1_38' title='bbox 1467 682 1607 714; x_wconf 68' lang='lat' dir='ltr'>demissis</span> 
     </span>
    </p>
   </div>
   <div class='ocr_carea' id='block_1_6' title="bbox 767 792 1007 806">
    <p class='ocr_par' dir='ltr' id='par_1_6' title="bbox 767 792 1007 806">
     <span class='ocr_line' id='line_1_9' title="bbox 767 792 1007 806; baseline -0.008 0"><span class='ocrx_word' id='word_1_39' title='bbox 767 792 1007 806; x_wconf 52' lang='lat' dir='ltr'>mauu&amp;</span> 
     </span>
    </p>
   </div>
   <div class='ocr_carea' id='block_1_7' title="bbox 159 864 1610 995">
    <p class='ocr_par' dir='ltr' id='par_1_7' title="bbox 159 864 1610 995">
     <span class='ocr_line' id='line_1_10' title="bbox 160 864 1610 913; baseline -0.006 -10"><span class='ocrx_word' id='word_1_40' title='bbox 160 875 193 904; x_wconf 65' lang='lat' dir='ltr'><em>a</em></span> <span class='ocrx_word' id='word_1_41' title='bbox 203 879 274 913; x_wconf 71' lang='lat' dir='ltr'>quo</span> <span class='ocrx_word' id='word_1_42' title='bbox 286 870 423 913; x_wconf 81' lang='lat' dir='ltr'>quidam</span> <span class='ocrx_word' id='word_1_43' title='bbox 436 869 536 903; x_wconf 88' lang='lat' dir='ltr'>codd.</span> <span class='ocrx_word' id='word_1_44' title='bbox 550 875 586 902; x_wconf 88' lang='lat' dir='ltr'>et</span> <span class='ocrx_word' id='word_1_45' title='bbox 597 869 678 902; x_wconf 88' lang='lat' dir='ltr'>edd.</span> <span class='ocrx_word' id='word_1_46' title='bbox 688 878 742 911; x_wconf 79' lang='lat' dir='ltr'>sp.</span> <span class='ocrx_word' id='word_1_47' title='bbox 753 870 983 910; x_wconf 53' lang='lat' dir='ltr'>owing-ss</span> <span class='ocrx_word' id='word_1_48' title='bbox 1003 869 1071 900; x_wconf 81' lang='lat' dir='ltr'>Nec</span> <span class='ocrx_word' id='word_1_49' title='bbox 1082 868 1312 901; x_wconf 76' lang='lat' dir='ltr'>MenteL—37</span> <span class='ocrx_word' id='word_1_50' title='bbox 1327 867 1338 884; x_wconf 81' lang='lat'><strong>⁴</strong></span> <span class='ocrx_word' id='word_1_51' title='bbox 1351 864 1610 902; x_wconf 87' lang='lat' dir='ltr'>Constructioni</span> 
     </span>
     <span class='ocr_line' id='line_1_11' title="bbox 159 908 1607 956; baseline -0.005 -11"><span class='ocrx_word' id='word_1_52' title='bbox 159 913 260 945; x_wconf 84' lang='lat' dir='ltr'>nimis</span> <span class='ocrx_word' id='word_1_53' title='bbox 274 913 507 954; x_wconf 69' lang='lat' dir='ltr'>incompositae</span> <span class='ocrx_word' id='word_1_54' title='bbox 521 917 626 954; x_wconf 77' lang='lat' dir='ltr'>atque</span> <span class='ocrx_word' id='word_1_55' title='bbox 640 912 748 944; x_wconf 82' lang='lat' dir='ltr'>hianti</span> <span class='ocrx_word' id='word_1_56' title='bbox 765 921 827 952; x_wconf 86' lang='lat' dir='ltr'>per</span> <span class='ocrx_word' id='word_1_57' title='bbox 842 912 1156 953; x_wconf 78' lang='lat' dir='ltr'>interpunctionem</span> <span class='ocrx_word' id='word_1_58' title='bbox 1169 911 1342 942; x_wconf 88' lang='lat' dir='ltr'>meliorem</span> <span class='ocrx_word' id='word_1_59' title='bbox 1353 908 1508 956; x_wconf 69' lang='lat' dir='ltr'>dedimus</span> <span class='ocrx_word' id='word_1_60' title='bbox 1524 916 1607 947; x_wconf 93' lang='lat' dir='ltr'>ope—</span> 
     </span>
     <span class='ocr_line' id='line_1_12' title="bbox 163 950 1609 995; baseline -0.005 -7"><span class='ocrx_word' id='word_1_61' title='bbox 163 965 234 988; x_wconf 77' lang='lat' dir='ltr'>ram</span> <span class='ocrx_word' id='word_1_62' title='bbox 249 956 446 988; x_wconf 78' lang='lat' dir='ltr'>subvenire:</span> <span class='ocrx_word' id='word_1_63' title='bbox 462 954 536 992; x_wconf 73' lang='lat' dir='ltr'>Sed,</span> <span class='ocrx_word' id='word_1_64' title='bbox 550 965 589 987; x_wconf 73' lang='lat' dir='ltr'>ne</span> <span class='ocrx_word' id='word_1_65' title='bbox 601 955 731 994; x_wconf 71' lang='lat' dir='ltr'>relictis,</span> <span class='ocrx_word' id='word_1_66' title='bbox 743 955 839 986; x_wconf 74' lang='lat' dir='ltr'>Musa</span> <span class='ocrx_word' id='word_1_67' title='bbox 851 964 982 995; x_wconf 73' lang='lat' dir='ltr'>procax,</span> <span class='ocrx_word' id='word_1_68' title='bbox 994 954 1078 992; x_wconf 71' lang='lat' dir='ltr'>jocis</span> <span class='ocrx_word' id='word_1_69' title='bbox 1096 954 1168 985; x_wconf 84' lang='lat' dir='ltr'>Ceoe</span> <span class='ocrx_word' id='word_1_70' title='bbox 1177 956 1329 984; x_wconf 67' lang='lat' dir='ltr'>retr-cece</span> <span class='ocrx_word' id='word_1_71' title='bbox 1343 961 1386 982; x_wconf 76' lang='grc' dir='ltr'>ιιι.</span> <span class='ocrx_word' id='word_1_72' title='bbox 1399 959 1526 988; x_wconf 73' lang='lat' dir='ltr'>noeniae,</span> <span class='ocrx_word' id='word_1_73' title='bbox 1538 950 1609 981; x_wconf 79' lang='lat' dir='ltr'>Me·</span> 
     </span>
    </p>
   </div>
   <div class='ocr_carea' id='block_1_8' title="bbox 163 994 1323 1038">
    <p class='ocr_par' dir='ltr' id='par_1_8' title="bbox 163 994 1323 1038">
     <span class='ocr_line' id='line_1_13' title="bbox 163 994 1323 1038; baseline -0.003 -8"><span class='ocrx_word' id='word_1_74' title='bbox 163 999 308 1038; x_wconf 48' lang='lat' dir='ltr'>cumssc.</span> <span class='ocrx_word' id='word_1_75' title='bbox 355 996 453 1030; x_wconf 91' lang='lat' dir='ltr'>Ordo</span> <span class='ocrx_word' id='word_1_76' title='bbox 482 1002 560 1029; x_wconf 85' lang='lat' dir='ltr'>est:</span> <span class='ocrx_word' id='word_1_77' title='bbox 587 997 663 1036; x_wconf 74' lang='lat' dir='ltr'>Sed,</span> <span class='ocrx_word' id='word_1_78' title='bbox 689 998 797 1034; x_wconf 69' lang='lat' dir='ltr'>Musa,</span> <span class='ocrx_word' id='word_1_79' title='bbox 822 1006 924 1037; x_wconf 67' lang='lat' dir='ltr'>quere</span> <span class='ocrx_word' id='word_1_80' title='bbox 947 997 1064 1034; x_wconf 80' lang='lat' dir='ltr'>modos,</span> <span class='ocrx_word' id='word_1_81' title='bbox 1089 1005 1128 1026; x_wconf 76' lang='lat' dir='ltr'>ne</span> <span class='ocrx_word' id='word_1_82' title='bbox 1148 994 1323 1033; x_wconf 76' lang='lat' dir='ltr'>retmctes,&#39;</span> 
     </span>
    </p>
   </div>
   <div class='ocr_carea' id='block_1_9' title="bbox 1348 991 1612 1033">
    <p class='ocr_par' dir='ltr' id='par_1_9' title="bbox 1348 991 1612 1033">
     <span class='ocr_line' id='line_1_14' title="bbox 1348 991 1612 1033; baseline -0.008 -8"><span class='ocrx_word' id='word_1_83' title='bbox 1348 995 1404 1033; x_wconf 62' lang='grc' dir='ltr'>ξι.</span> <span class='ocrx_word' id='word_1_84' title='bbox 1430 991 1612 1024; x_wconf 68' lang='lat' dir='ltr'>Wakefi—</span> 
     </span>
    </p>
   </div>
   <div class='ocr_carea' id='block_1_10' title="bbox 165 1035 1614 1122">
    <p class='ocr_par' dir='ltr' id='par_1_10' title="bbox 165 1035 1614 1122">
     <span class='ocr_line' id='line_1_15' title="bbox 165 1035 1612 1075; baseline -0.004 -5"><span class='ocrx_word' id='word_1_85' title='bbox 165 1042 208 1070; x_wconf 73' lang='lat'>38</span> <span class='ocrx_word' id='word_1_86' title='bbox 230 1040 351 1072; x_wconf 73' lang='lat' dir='ltr'>Multae</span> <span class='ocrx_word' id='word_1_87' title='bbox 373 1039 453 1071; x_wconf 88' lang='lat' dir='ltr'>edd.</span> <span class='ocrx_word' id='word_1_88' title='bbox 469 1044 554 1070; x_wconf 86' lang='lat' dir='ltr'>vett.</span> <span class='ocrx_word' id='word_1_89' title='bbox 573 1039 676 1075; x_wconf 78' lang='lat' dir='ltr'><em>Coeae;</em></span> <span class='ocrx_word' id='word_1_90' title='bbox 699 1039 758 1070; x_wconf 86' lang='lat' dir='ltr'>sed</span> <span class='ocrx_word' id='word_1_91' title='bbox 784 1039 848 1069; x_wconf 87' lang='lat' dir='ltr'>Gr.</span> <span class='ocrx_word' id='word_1_92' title='bbox 862 1043 915 1069; x_wconf 85' lang='lat' dir='ltr'>est</span> <span class='ocrx_word' id='word_1_93' title='bbox 929 1039 1032 1073; x_wconf 78' lang='grc' dir='ltr'><strong>Κεῖος.</strong></span> <span class='ocrx_word' id='word_1_94' title='bbox 1046 1036 1150 1073; x_wconf 80' lang='grc' dir='ltr'><strong><em>Κήῖος.</em></strong></span> <span class='ocrx_word' id='word_1_95' title='bbox 1185 1037 1291 1067; x_wconf 79' lang='lat' dir='ltr'>munia</span> <span class='ocrx_word' id='word_1_96' title='bbox 1315 1036 1428 1067; x_wconf 73' lang='lat' dir='ltr'>mia</span> <span class='ocrx_word' id='word_1_97' title='bbox 1444 1044 1515 1066; x_wconf 83' lang='lat' dir='ltr'>var.</span> <span class='ocrx_word' id='word_1_98' title='bbox 1530 1035 1612 1065; x_wconf 80' lang='lat' dir='ltr'>lect.</span> 
     </span>
     <span class='ocr_line' id='line_1_16' title="bbox 166 1076 1614 1122; baseline -0.003 -10"><span class='ocrx_word' id='word_1_99' title='bbox 166 1091 224 1122; x_wconf 83' lang='lat' dir='ltr'>ap.</span> <span class='ocrx_word' id='word_1_100' title='bbox 235 1081 353 1114; x_wconf 86' lang='lat' dir='ltr'>Jones.</span> <span class='ocrx_word' id='word_1_101' title='bbox 367 1081 486 1119; x_wconf 70' lang='lat' dir='ltr'>sunem</span> <span class='ocrx_word' id='word_1_102' title='bbox 500 1081 612 1112; x_wconf 75' lang='lat' dir='ltr'>noenioe</span> <span class='ocrx_word' id='word_1_103' title='bbox 627 1081 718 1121; x_wconf 87' lang='lat' dir='ltr'>conj.</span> <span class='ocrx_word' id='word_1_104' title='bbox 735 1080 813 1112; x_wconf 85' lang='lat' dir='ltr'>Nic.</span> <span class='ocrx_word' id='word_1_105' title='bbox 829 1079 1013 1118; x_wconf 80' lang='lat' dir='ltr'>Heinsius3</span> <span class='ocrx_word' id='word_1_106' title='bbox 1035 1080 1164 1111; x_wconf 58' lang='lat' dir='ltr'>vanem</span> <span class='ocrx_word' id='word_1_107' title='bbox 1188 1079 1299 1109; x_wconf 64' lang='grc' dir='ltr'>παίω</span> <span class='ocrx_word' id='word_1_108' title='bbox 1320 1077 1429 1110; x_wconf 84' lang='lat' dir='ltr'>codex</span> <span class='ocrx_word' id='word_1_109' title='bbox 1456 1086 1512 1118; x_wconf 86' lang='lat' dir='ltr'>ap.</span> <span class='ocrx_word' id='word_1_110' title='bbox 1529 1076 1614 1107; x_wconf 80' lang='lat' dir='ltr'>Cha·</span> 
     </span>
    </p>
   </div>
   <div class='ocr_carea' id='block_1_11' title="bbox 240 1195 965 1235">
    <p class='ocr_par' dir='ltr' id='par_1_11' title="bbox 240 1195 965 1235">
     <span class='ocr_line' id='line_1_17' title="bbox 240 1195 965 1235; baseline -0.018 5"><span class='ocrx_word' id='word_1_111' title='bbox 240 1227 261 1235; x_wconf 90' lang='lat'>-</span> <span class='ocrx_word' id='word_1_112' title='bbox 826 1195 965 1229; x_wconf 75' lang='lat' dir='ltr'>NOTAE</span> 
     </span>
    </p>
   </div>
   <div class='ocr_carea' id='block_1_12' title="bbox 171 1291 895 2868">
    <p class='ocr_par' dir='ltr' id='par_1_12' title="bbox 172 1291 867 1431">
     <span class='ocr_line' id='line_1_18' title="bbox 213 1291 865 1333; baseline -0.002 -10"><span class='ocrx_word' id='word_1_113' title='bbox 213 1294 253 1323; x_wconf 72' lang='lat'>8⁵</span> <span class='ocrx_word' id='word_1_114' title='bbox 277 1291 501 1323; x_wconf 72' lang='lat' dir='ltr'>Decolor-anm</span> <span class='ocrx_word' id='word_1_115' title='bbox 521 1292 634 1333; x_wconf 70' lang='lat' dir='ltr'>cedes]</span> <span class='ocrx_word' id='word_1_116' title='bbox 669 1291 797 1323; x_wconf 83' lang='lat' dir='ltr'>Lucan.</span> <span class='ocrx_word' id='word_1_117' title='bbox 823 1301 865 1322; x_wconf 87' lang='lat' dir='ltr'>n.</span> 
     </span>
     <span class='ocr_line' id='line_1_19' title="bbox 172 1339 867 1385; baseline 0.001 -13"><span class='ocrx_word' id='word_1_118' title='bbox 172 1341 249 1373; x_wconf 62' lang='lat'>214.</span> <span class='ocrx_word' id='word_1_119' title='bbox 270 1344 280 1359; x_wconf 87' lang='lat'><em>‘</em></span> <span class='ocrx_word' id='word_1_120' title='bbox 293 1339 359 1372; x_wconf 79' lang='lat' dir='ltr'>Hic</span> <span class='ocrx_word' id='word_1_121' title='bbox 379 1341 524 1382; x_wconf 86' lang='lat' dir='ltr'>primum</span> <span class='ocrx_word' id='word_1_122' title='bbox 543 1341 659 1374; x_wconf 87' lang='lat' dir='ltr'>rubuit</span> <span class='ocrx_word' id='word_1_123' title='bbox 676 1341 769 1385; x_wconf 69' lang='lat' dir='ltr'>cirili</span> <span class='ocrx_word' id='word_1_124' title='bbox 792 1351 867 1373; x_wconf 84' lang='lat' dir='ltr'>san-</span> 
     </span>
     <span class='ocr_line' id='line_1_20' title="bbox 172 1388 453 1431; baseline -0.007 -9"><span class='ocrx_word' id='word_1_125' title='bbox 172 1389 276 1431; x_wconf 77' lang='lat' dir='ltr'>guiue</span> <span class='ocrx_word' id='word_1_126' title='bbox 292 1388 453 1421; x_wconf 60' lang='lat' dir='ltr'>»verenae</span> 
     </span>
    </p>

    <p class='ocr_par' dir='ltr' id='par_1_13' title="bbox 171 1438 877 1874">
     <span class='ocr_line' id='line_1_21' title="bbox 213 1438 867 1480; baseline 0 -10"><span class='ocrx_word' id='word_1_127' title='bbox 213 1440 257 1470; x_wconf 72' lang='lat'>⁸⁶</span> <span class='ocrx_word' id='word_1_128' title='bbox 280 1438 359 1475; x_wconf 74' lang='lat' dir='ltr'>Quae</span> <span class='ocrx_word' id='word_1_129' title='bbox 373 1442 459 1471; x_wconf 75' lang='lat' dir='ltr'>earet</span> <span class='ocrx_word' id='word_1_130' title='bbox 480 1449 535 1471; x_wconf 77' lang='lat' dir='ltr'>om</span> <span class='ocrx_word' id='word_1_131' title='bbox 549 1449 655 1472; x_wconf 73' lang='lat' dir='ltr'>cruore</span> <span class='ocrx_word' id='word_1_132' title='bbox 667 1438 786 1480; x_wconf 70' lang='lat' dir='ltr'>nostro]</span> <span class='ocrx_word' id='word_1_133' title='bbox 808 1439 867 1471; x_wconf 89' lang='lat' dir='ltr'>Vi-</span> 
     </span>
     <span class='ocr_line' id='line_1_22' title="bbox 171 1488 868 1529; baseline 0 -9"><span class='ocrx_word' id='word_1_134' title='bbox 171 1488 216 1520; x_wconf 76' lang='lat' dir='ltr'>de</span> <span class='ocrx_word' id='word_1_135' title='bbox 236 1497 342 1529; x_wconf 75' lang='lat' dir='ltr'>snpra</span> <span class='ocrx_word' id='word_1_136' title='bbox 363 1488 448 1520; x_wconf 81' lang='lat' dir='ltr'>Not.</span> <span class='ocrx_word' id='word_1_137' title='bbox 471 1489 515 1520; x_wconf 78' lang='lat' dir='ltr'>ad</span> <span class='ocrx_word' id='word_1_138' title='bbox 541 1499 588 1520; x_wconf 83' lang='lat' dir='ltr'>vs.</span> <span class='ocrx_word' id='word_1_139' title='bbox 605 1493 636 1521; x_wconf 79' lang='lat'>2.</span> <span class='ocrx_word' id='word_1_140' title='bbox 658 1489 715 1521; x_wconf 91' lang='lat' dir='ltr'>ubi</span> <span class='ocrx_word' id='word_1_141' title='bbox 732 1499 751 1522; x_wconf 84' lang='lat' dir='ltr'>e</span> <span class='ocrx_word' id='word_1_142' title='bbox 767 1489 868 1521; x_wconf 87' lang='lat' dir='ltr'>Floro</span> 
     </span>
     <span class='ocr_line' id='line_1_23' title="bbox 173 1538 870 1571; baseline 0.001 -1"><span class='ocrx_word' id='word_1_143' title='bbox 173 1538 280 1570; x_wconf 78' lang='lat' dir='ltr'>verba</span> <span class='ocrx_word' id='word_1_144' title='bbox 312 1538 388 1570; x_wconf 80' lang='lat' dir='ltr'>baec</span> <span class='ocrx_word' id='word_1_145' title='bbox 425 1539 547 1571; x_wconf 86' lang='lat' dir='ltr'>retuli:</span> <span class='ocrx_word' id='word_1_146' title='bbox 584 1540 593 1557; x_wconf 90' lang='lat'>‘</span> <span class='ocrx_word' id='word_1_147' title='bbox 609 1539 745 1571; x_wconf 90' lang='lat' dir='ltr'>Bellum</span> <span class='ocrx_word' id='word_1_148' title='bbox 781 1539 870 1571; x_wconf 82' lang='lat' dir='ltr'>intra</span> 
     </span>
     <span class='ocr_line' id='line_1_24' title="bbox 173 1587 870 1629; baseline 0 -9"><span class='ocrx_word' id='word_1_149' title='bbox 173 1587 322 1624; x_wconf 79' lang='lat' dir='ltr'>Italiam,</span> <span class='ocrx_word' id='word_1_150' title='bbox 346 1587 427 1619; x_wconf 87' lang='lat' dir='ltr'>inde</span> <span class='ocrx_word' id='word_1_151' title='bbox 452 1598 489 1620; x_wconf 79' lang='lat' dir='ltr'>se</span> <span class='ocrx_word' id='word_1_152' title='bbox 512 1588 547 1619; x_wconf 91' lang='lat' dir='ltr'>in</span> <span class='ocrx_word' id='word_1_153' title='bbox 573 1588 722 1620; x_wconf 80' lang='lat' dir='ltr'>Galliam</span> <span class='ocrx_word' id='word_1_154' title='bbox 744 1588 870 1629; x_wconf 82' lang='lat' dir='ltr'>Hispa·</span> 
     </span>
     <span class='ocr_line' id='line_1_25' title="bbox 175 1636 871 1679; baseline 0 -11"><span class='ocrx_word' id='word_1_155' title='bbox 175 1637 332 1679; x_wconf 77' lang='lat' dir='ltr'>niamque</span> <span class='ocrx_word' id='word_1_156' title='bbox 362 1636 523 1677; x_wconf 77' lang='lat' dir='ltr'>deflexit3</span> <span class='ocrx_word' id='word_1_157' title='bbox 561 1647 799 1679; x_wconf 83' lang='lat' dir='ltr'>reversumque</span> <span class='ocrx_word' id='word_1_158' title='bbox 828 1638 871 1669; x_wconf 81' lang='lat' dir='ltr'>ab</span> 
     </span>
     <span class='ocr_line' id='line_1_26' title="bbox 177 1686 872 1729; baseline 0 -11"><span class='ocrx_word' id='word_1_159' title='bbox 177 1695 317 1726; x_wconf 77' lang='lat' dir='ltr'>occasu,</span> <span class='ocrx_word' id='word_1_160' title='bbox 346 1686 380 1718; x_wconf 91' lang='lat' dir='ltr'>in</span> <span class='ocrx_word' id='word_1_161' title='bbox 398 1687 503 1727; x_wconf 83' lang='lat' dir='ltr'>Epiro</span> <span class='ocrx_word' id='word_1_162' title='bbox 526 1687 772 1729; x_wconf 76' lang='lat' dir='ltr'>Thessaliaque</span> <span class='ocrx_word' id='word_1_163' title='bbox 794 1696 872 1719; x_wconf 88' lang='lat' dir='ltr'>con-</span> 
     </span>
     <span class='ocr_line' id='line_1_27' title="bbox 178 1734 875 1777; baseline 0.003 -12"><span class='ocrx_word' id='word_1_164' title='bbox 178 1734 291 1766; x_wconf 82' lang='lat' dir='ltr'>sedit:</span> <span class='ocrx_word' id='word_1_165' title='bbox 326 1735 405 1767; x_wconf 82' lang='lat' dir='ltr'>hinc</span> <span class='ocrx_word' id='word_1_166' title='bbox 437 1735 471 1766; x_wconf 86' lang='lat' dir='ltr'>in</span> <span class='ocrx_word' id='word_1_167' title='bbox 504 1735 701 1777; x_wconf 75' lang='lat' dir='ltr'>AEgyptum,</span> <span class='ocrx_word' id='word_1_168' title='bbox 732 1736 812 1767; x_wconf 90' lang='lat' dir='ltr'>inde</span> <span class='ocrx_word' id='word_1_169' title='bbox 839 1737 875 1768; x_wconf 92' lang='lat' dir='ltr'>in</span> 
     </span>
     <span class='ocr_line' id='line_1_28' title="bbox 179 1782 877 1825; baseline 0.003 -11"><span class='ocrx_word' id='word_1_170' title='bbox 179 1782 310 1820; x_wconf 83' lang='lat' dir='ltr'>Asiam,</span> <span class='ocrx_word' id='word_1_171' title='bbox 325 1793 523 1825; x_wconf 86' lang='lat' dir='ltr'>rursumque</span> <span class='ocrx_word' id='word_1_172' title='bbox 548 1783 775 1824; x_wconf 57' lang='lat' dir='ltr'>inffAfricam,</span> <span class='ocrx_word' id='word_1_173' title='bbox 801 1794 877 1825; x_wconf 83' lang='lat' dir='ltr'>pos·</span> 
     </span>
     <span class='ocr_line' id='line_1_29' title="bbox 179 1833 872 1874; baseline 0.003 -11"><span class='ocrx_word' id='word_1_174' title='bbox 179 1838 288 1864; x_wconf 89' lang='lat' dir='ltr'>tremo</span> <span class='ocrx_word' id='word_1_175' title='bbox 303 1833 338 1863; x_wconf 87' lang='lat' dir='ltr'>in</span> <span class='ocrx_word' id='word_1_176' title='bbox 353 1833 554 1873; x_wconf 81' lang='lat' dir='ltr'>Hispaniam</span> <span class='ocrx_word' id='word_1_177' title='bbox 569 1834 792 1874; x_wconf 85' lang='lat' dir='ltr'>remigravit‚&#39;</span> <span class='ocrx_word' id='word_1_178' title='bbox 806 1837 872 1865; x_wconf 74' lang='lat' dir='ltr'>&amp;c-</span> 
     </span>
    </p>

    <p class='ocr_par' dir='ltr' id='par_1_14' title="bbox 182 1881 886 2511">
     <span class='ocr_line' id='line_1_30' title="bbox 223 1881 877 1923; baseline 0.002 -10"><span class='ocrx_word' id='word_1_179' title='bbox 223 1884 265 1913; x_wconf 72' lang='lat'>37</span> <span class='ocrx_word' id='word_1_180' title='bbox 288 1881 353 1913; x_wconf 79' lang='lat' dir='ltr'>Sed</span> <span class='ocrx_word' id='word_1_181' title='bbox 372 1891 422 1921; x_wconf 76' lang='lat' dir='ltr'>ne,</span> <span class='ocrx_word' id='word_1_182' title='bbox 436 1882 566 1922; x_wconf 73' lang='lat' dir='ltr'>relictis,</span> <span class='ocrx_word' id='word_1_183' title='bbox 583 1884 678 1914; x_wconf 77' lang='lat' dir='ltr'>Musa</span> <span class='ocrx_word' id='word_1_184' title='bbox 687 1892 818 1923; x_wconf 75' lang='lat' dir='ltr'>procax,</span> <span class='ocrx_word' id='word_1_185' title='bbox 826 1883 877 1922; x_wconf 73' lang='lat' dir='ltr'>jo-</span> 
     </span>
     <span class='ocr_line' id='line_1_31' title="bbox 182 1930 880 1972; baseline 0.006 -10"><span class='ocrx_word' id='word_1_186' title='bbox 182 1932 241 1968; x_wconf 75' lang='lat' dir='ltr'>cis,</span> <span class='ocrx_word' id='word_1_187' title='bbox 255 1931 325 1972; x_wconf 54' lang='grc' dir='ltr'>ἔμω]</span> <span class='ocrx_word' id='word_1_188' title='bbox 347 1930 401 1963; x_wconf 82' lang='lat' dir='ltr'>Ad</span> <span class='ocrx_word' id='word_1_189' title='bbox 417 1932 563 1972; x_wconf 82' lang='lat' dir='ltr'>seipsum</span> <span class='ocrx_word' id='word_1_190' title='bbox 582 1934 793 1965; x_wconf 81' lang='lat' dir='ltr'>convertitur</span> <span class='ocrx_word' id='word_1_191' title='bbox 807 1934 880 1966; x_wconf 86' lang='lat' dir='ltr'>Ho-</span> 
     </span>
     <span class='ocr_line' id='line_1_32' title="bbox 182 1982 880 2025; baseline 0.004 -12"><span class='ocrx_word' id='word_1_192' title='bbox 182 1982 290 2014; x_wconf 75' lang='lat' dir='ltr'>ratius</span> <span class='ocrx_word' id='word_1_193' title='bbox 305 1993 316 2013; x_wconf 77' lang='grc' dir='ltr'><em>τ</em></span> <span class='ocrx_word' id='word_1_194' title='bbox 347 1992 415 2024; x_wconf 83' lang='lat' dir='ltr'>qno</span> <span class='ocrx_word' id='word_1_195' title='bbox 439 1993 519 2015; x_wconf 85' lang='lat' dir='ltr'>vero</span> <span class='ocrx_word' id='word_1_196' title='bbox 547 1985 777 2025; x_wconf 82' lang='lat' dir='ltr'>progrederis,</span> <span class='ocrx_word' id='word_1_197' title='bbox 804 1994 880 2016; x_wconf 79' lang='lat' dir='ltr'>mea</span> 
     </span>
     <span class='ocr_line' id='line_1_33' title="bbox 184 2030 880 2075; baseline 0.003 -11"><span class='ocrx_word' id='word_1_198' title='bbox 184 2033 313 2064; x_wconf 73' lang='lat' dir='ltr'>Musa?</span> <span class='ocrx_word' id='word_1_199' title='bbox 334 2033 457 2075; x_wconf 85' lang='lat' dir='ltr'>inquit.</span> <span class='ocrx_word' id='word_1_200' title='bbox 475 2030 637 2067; x_wconf 61' lang='lat' dir='ltr'>“Quidve</span> <span class='ocrx_word' id='word_1_201' title='bbox 658 2033 800 2066; x_wconf 77' lang='lat' dir='ltr'>resi-icas</span> <span class='ocrx_word' id='word_1_202' title='bbox 820 2035 880 2066; x_wconf 72' lang='lat' dir='ltr'>ob-</span> 
     </span>
     <span class='ocr_line' id='line_1_34' title="bbox 186 2082 882 2117; baseline 0.006 -4"><span class='ocrx_word' id='word_1_203' title='bbox 186 2082 291 2114; x_wconf 83' lang='lat' dir='ltr'>ducta</span> <span class='ocrx_word' id='word_1_204' title='bbox 315 2083 476 2114; x_wconf 84' lang='lat' dir='ltr'>vulnera?</span> <span class='ocrx_word' id='word_1_205' title='bbox 509 2083 555 2115; x_wconf 89' lang='lat' dir='ltr'>Et</span> <span class='ocrx_word' id='word_1_206' title='bbox 576 2092 638 2115; x_wconf 87' lang='lat' dir='ltr'>cnr</span> <span class='ocrx_word' id='word_1_207' title='bbox 659 2084 702 2116; x_wconf 82' lang='lat' dir='ltr'>ab</span> <span class='ocrx_word' id='word_1_208' title='bbox 723 2085 882 2117; x_wconf 86' lang='lat' dir='ltr'>instituto</span> 
     </span>
     <span class='ocr_line' id='line_1_35' title="bbox 185 2131 882 2174; baseline 0.004 -12"><span class='ocrx_word' id='word_1_209' title='bbox 185 2131 402 2163; x_wconf 72' lang='lat' dir='ltr'>recedimus?</span> <span class='ocrx_word' id='word_1_210' title='bbox 433 2131 500 2168; x_wconf 82' lang='lat' dir='ltr'>Ne,</span> <span class='ocrx_word' id='word_1_211' title='bbox 530 2132 655 2164; x_wconf 83' lang='lat' dir='ltr'>relictis</span> <span class='ocrx_word' id='word_1_212' title='bbox 681 2133 770 2174; x_wconf 89' lang='lat' dir='ltr'>jocis</span> <span class='ocrx_word' id='word_1_213' title='bbox 801 2134 882 2165; x_wconf 89' lang='lat' dir='ltr'>mihi</span> 
     </span>
     <span class='ocr_line' id='line_1_36' title="bbox 184 2179 885 2220; baseline 0.001 -7"><span class='ocrx_word' id='word_1_214' title='bbox 184 2179 418 2220; x_wconf 75' lang='lat' dir='ltr'>familiaribus,</span> <span class='ocrx_word' id='word_1_215' title='bbox 441 2185 478 2212; x_wconf 88' lang='lat' dir='ltr'>et</span> <span class='ocrx_word' id='word_1_216' title='bbox 502 2181 684 2213; x_wconf 74' lang='lat' dir='ltr'>cantilenis</span> <span class='ocrx_word' id='word_1_217' title='bbox 705 2181 826 2214; x_wconf 83' lang='lat' dir='ltr'>facetis</span> <span class='ocrx_word' id='word_1_218' title='bbox 848 2187 885 2214; x_wconf 91' lang='lat' dir='ltr'>et</span> 
     </span>
     <span class='ocr_line' id='line_1_37' title="bbox 189 2229 884 2271; baseline 0.004 -10"><span class='ocrx_word' id='word_1_219' title='bbox 189 2229 372 2266; x_wconf 76' lang='lat' dir='ltr'>amatoriis,</span> <span class='ocrx_word' id='word_1_220' title='bbox 386 2230 429 2261; x_wconf 85' lang='lat' dir='ltr'>sd</span> <span class='ocrx_word' id='word_1_221' title='bbox 440 2231 596 2271; x_wconf 82' lang='lat' dir='ltr'>graviora</span> <span class='ocrx_word' id='word_1_222' title='bbox 609 2231 738 2271; x_wconf 80' lang='lat' dir='ltr'>pariter</span> <span class='ocrx_word' id='word_1_223' title='bbox 753 2241 792 2264; x_wconf 82' lang='lat' dir='ltr'>ac</span> <span class='ocrx_word' id='word_1_224' title='bbox 808 2232 884 2264; x_wconf 85' lang='lat' dir='ltr'>tris·</span> 
     </span>
     <span class='ocr_line' id='line_1_38' title="bbox 187 2278 885 2324; baseline 0.007 -14"><span class='ocrx_word' id='word_1_225' title='bbox 187 2281 273 2311; x_wconf 82' lang='lat' dir='ltr'>tion</span> <span class='ocrx_word' id='word_1_226' title='bbox 283 2278 516 2312; x_wconf 84' lang='lat' dir='ltr'>deflectamus.</span> <span class='ocrx_word' id='word_1_227' title='bbox 541 2281 632 2322; x_wconf 79' lang='lat' dir='ltr'>Ergo</span> <span class='ocrx_word' id='word_1_228' title='bbox 644 2282 813 2314; x_wconf 82' lang='lat' dir='ltr'>tenuiores</span> <span class='ocrx_word' id='word_1_229' title='bbox 827 2292 885 2324; x_wconf 86' lang='lat' dir='ltr'>po-</span> 
     </span>
     <span class='ocr_line' id='line_1_39' title="bbox 189 2329 886 2372; baseline 0.006 -11"><span class='ocrx_word' id='word_1_230' title='bbox 189 2330 257 2362; x_wconf 84' lang='lat' dir='ltr'>tins</span> <span class='ocrx_word' id='word_1_231' title='bbox 276 2329 429 2362; x_wconf 85' lang='lat' dir='ltr'>modulos</span> <span class='ocrx_word' id='word_1_232' title='bbox 443 2337 547 2372; x_wconf 83' lang='lat' dir='ltr'>atque</span> <span class='ocrx_word' id='word_1_233' title='bbox 556 2331 725 2371; x_wconf 82' lang='lat' dir='ltr'>jocularia</span> <span class='ocrx_word' id='word_1_234' title='bbox 739 2335 886 2365; x_wconf 83' lang='lat' dir='ltr'>carmina</span> 
     </span>
     <span class='ocr_line' id='line_1_40' title="bbox 189 2383 885 2415; baseline 0.006 -4"><span class='ocrx_word' id='word_1_235' title='bbox 189 2389 283 2412; x_wconf 88' lang='lat' dir='ltr'>more</span> <span class='ocrx_word' id='word_1_236' title='bbox 299 2385 415 2412; x_wconf 83' lang='lat' dir='ltr'>nostro</span> <span class='ocrx_word' id='word_1_237' title='bbox 427 2386 672 2414; x_wconf 84' lang='lat' dir='ltr'>consectemur.</span> <span class='ocrx_word' id='word_1_238' title='bbox 718 2383 822 2415; x_wconf 88' lang='lat' dir='ltr'>Certe</span> <span class='ocrx_word' id='word_1_239' title='bbox 837 2383 885 2415; x_wconf 74' lang='lat' dir='ltr'>le·</span> 
     </span>
     <span class='ocr_line' id='line_1_41' title="bbox 191 2431 886 2472; baseline 0.006 -11"><span class='ocrx_word' id='word_1_240' title='bbox 191 2431 286 2462; x_wconf 79' lang='lat' dir='ltr'>viora</span> <span class='ocrx_word' id='word_1_241' title='bbox 315 2431 381 2462; x_wconf 80' lang='lat' dir='ltr'>ista</span> <span class='ocrx_word' id='word_1_242' title='bbox 406 2431 525 2463; x_wconf 90' lang='lat' dir='ltr'>minori</span> <span class='ocrx_word' id='word_1_243' title='bbox 549 2432 702 2472; x_wconf 86' lang='lat' dir='ltr'>periculo</span> <span class='ocrx_word' id='word_1_244' title='bbox 723 2433 886 2465; x_wconf 82' lang='lat' dir='ltr'>tractabi-</span> 
     </span>
     <span class='ocr_line' id='line_1_42' title="bbox 193 2487 279 2511; baseline 0.012 -1"><span class='ocrx_word' id='word_1_245' title='bbox 193 2487 279 2511; x_wconf 86' lang='lat' dir='ltr'>mus.</span> 
     </span>
    </p>

    <p class='ocr_par' dir='ltr' id='par_1_15' title="bbox 195 2530 895 2820">
     <span class='ocr_line' id='line_1_43' title="bbox 235 2530 887 2573; baseline 0.005 -14"><span class='ocrx_word' id='word_1_246' title='bbox 235 2530 278 2560; x_wconf 73' lang='grc'>88</span> <span class='ocrx_word' id='word_1_247' title='bbox 301 2530 372 2560; x_wconf 83' lang='lat' dir='ltr'>Ceoe</span> <span class='ocrx_word' id='word_1_248' title='bbox 398 2539 526 2561; x_wconf 76' lang='lat' dir='ltr'>munera</span> <span class='ocrx_word' id='word_1_249' title='bbox 549 2531 674 2573; x_wconf 58' lang='grc' dir='ltr'>παρήιε]</span> <span class='ocrx_word' id='word_1_250' title='bbox 697 2533 887 2564; x_wconf 83' lang='lat' dir='ltr'>Luctuosos</span> 
     </span>
     <span class='ocr_line' id='line_1_44' title="bbox 195 2579 889 2623; baseline 0.006 -15"><span class='ocrx_word' id='word_1_251' title='bbox 195 2586 313 2622; x_wconf 72' lang='lat' dir='ltr'>versus</span> <span class='ocrx_word' id='word_1_252' title='bbox 325 2579 418 2610; x_wconf 80' lang='lat' dir='ltr'>velut</span> <span class='ocrx_word' id='word_1_253' title='bbox 432 2579 556 2612; x_wconf 86' lang='lat' dir='ltr'>inditos</span> <span class='ocrx_word' id='word_1_254' title='bbox 575 2590 594 2611; x_wconf 84' lang='lat' dir='ltr'>a</span> <span class='ocrx_word' id='word_1_255' title='bbox 606 2581 730 2612; x_wconf 84' lang='lat' dir='ltr'>Naenia</span> <span class='ocrx_word' id='word_1_256' title='bbox 743 2582 828 2623; x_wconf 82' lang='lat' dir='ltr'>Des,</span> <span class='ocrx_word' id='word_1_257' title='bbox 845 2581 889 2612; x_wconf 89' lang='lat' dir='ltr'>de</span> 
     </span>
     <span class='ocr_line' id='line_1_45' title="bbox 197 2627 892 2672; baseline 0.006 -15"><span class='ocrx_word' id='word_1_258' title='bbox 197 2635 264 2667; x_wconf 87' lang='lat' dir='ltr'>qua</span> <span class='ocrx_word' id='word_1_259' title='bbox 279 2627 363 2658; x_wconf 88' lang='lat' dir='ltr'>Coel.</span> <span class='ocrx_word' id='word_1_260' title='bbox 378 2627 525 2670; x_wconf 82' lang='lat' dir='ltr'>Rhodig.</span> <span class='ocrx_word' id='word_1_261' title='bbox 553 2638 646 2662; x_wconf 86' lang='lat' dir='ltr'>xxn.</span> <span class='ocrx_word' id='word_1_262' title='bbox 663 2634 695 2662; x_wconf 81' lang='lat'>3.</span> <span class='ocrx_word' id='word_1_263' title='bbox 716 2632 769 2663; x_wconf 87' lang='lat' dir='ltr'>vel</span> <span class='ocrx_word' id='word_1_264' title='bbox 789 2632 892 2672; x_wconf 77' lang='lat' dir='ltr'>lugu-</span> 
     </span>
     <span class='ocr_line' id='line_1_46' title="bbox 198 2677 893 2720; baseline 0.004 -12"><span class='ocrx_word' id='word_1_265' title='bbox 198 2677 259 2708; x_wconf 89' lang='lat' dir='ltr'>bre</span> <span class='ocrx_word' id='word_1_266' title='bbox 291 2685 440 2715; x_wconf 77' lang='lat' dir='ltr'>csrmen,</span> <span class='ocrx_word' id='word_1_267' title='bbox 475 2679 564 2719; x_wconf 87' lang='lat' dir='ltr'>quod</span> <span class='ocrx_word' id='word_1_268' title='bbox 600 2681 728 2720; x_wconf 88' lang='lat' dir='ltr'>primns</span> <span class='ocrx_word' id='word_1_269' title='bbox 761 2680 893 2712; x_wconf 84' lang='lat' dir='ltr'>invexit</span> 
     </span>
     <span class='ocr_line' id='line_1_47' title="bbox 201 2725 893 2769; baseline 0.004 -12"><span class='ocrx_word' id='word_1_270' title='bbox 201 2725 339 2766; x_wconf 79' lang='lat' dir='ltr'>Lyricus</span> <span class='ocrx_word' id='word_1_271' title='bbox 363 2725 475 2756; x_wconf 60' lang='lat' dir='ltr'>Poeta</span> <span class='ocrx_word' id='word_1_272' title='bbox 497 2727 702 2769; x_wconf 77' lang='lat' dir='ltr'>simonides,</span> <span class='ocrx_word' id='word_1_273' title='bbox 717 2740 736 2762; x_wconf 92' lang='lat' dir='ltr'>e</span> <span class='ocrx_word' id='word_1_274' title='bbox 759 2731 830 2762; x_wconf 87' lang='lat' dir='ltr'>Cea</span> <span class='ocrx_word' id='word_1_275' title='bbox 845 2730 893 2761; x_wconf 87' lang='lat' dir='ltr'>in-</span> 
     </span>
     <span class='ocr_line' id='line_1_48' title="bbox 202 2774 895 2820; baseline 0.006 -14"><span class='ocrx_word' id='word_1_276' title='bbox 202 2775 274 2807; x_wconf 86' lang='lat' dir='ltr'>sula</span> <span class='ocrx_word' id='word_1_277' title='bbox 289 2774 473 2813; x_wconf 77' lang='lat' dir='ltr'>oriundus3</span> <span class='ocrx_word' id='word_1_278' title='bbox 498 2786 571 2817; x_wconf 80' lang='lat' dir='ltr'>qnae</span> <span class='ocrx_word' id='word_1_279' title='bbox 588 2779 721 2818; x_wconf 83' lang='lat' dir='ltr'>quidem</span> <span class='ocrx_word' id='word_1_280' title='bbox 738 2790 756 2812; x_wconf 89' lang='lat' dir='ltr'>e</span> <span class='ocrx_word' id='word_1_281' title='bbox 773 2780 895 2820; x_wconf 83' lang='lat' dir='ltr'>Cycla-</span> 
     </span>
    </p>

    <p class='ocr_par' dir='ltr' id='par_1_16' title="bbox 289 2828 646 2868">
     <span class='ocr_line' id='line_1_49' title="bbox 289 2828 646 2868; baseline 0.008 -10"><span class='ocrx_word' id='word_1_282' title='bbox 289 2828 406 2868; x_wconf 73' lang='lat' dir='ltr'>Delph.</span> <span class='ocrx_word' id='word_1_283' title='bbox 421 2832 451 2859; x_wconf 80' lang='lat' dir='ltr'>et</span> <span class='ocrx_word' id='word_1_284' title='bbox 471 2828 545 2859; x_wconf 72' lang='grc' dir='ltr'>ναν.</span> <span class='ocrx_word' id='word_1_285' title='bbox 560 2831 646 2861; x_wconf 78' lang='lat' dir='ltr'>Clas.</span> 
     </span>
    </p>
   </div>
   <div class='ocr_carea' id='block_1_13' title="bbox 919 1289 1639 2720">
    <p class='ocr_par' dir='ltr' id='par_1_17' title="bbox 919 1289 1631 2222">
     <span class='ocr_line' id='line_1_50' title="bbox 920 1289 1618 1330; baseline 0 -8"><span class='ocrx_word' id='word_1_286' title='bbox 920 1290 1018 1322; x_wconf 87' lang='lat' dir='ltr'>dibus</span> <span class='ocrx_word' id='word_1_287' title='bbox 1035 1295 1100 1323; x_wconf 83' lang='lat' dir='ltr'>est.</span> <span class='ocrx_word' id='word_1_288' title='bbox 1144 1291 1248 1323; x_wconf 80' lang='lat' dir='ltr'>Ovid.</span> <span class='ocrx_word' id='word_1_289' title='bbox 1264 1289 1406 1322; x_wconf 85' lang='lat' dir='ltr'>Heroid.</span> <span class='ocrx_word' id='word_1_290' title='bbox 1423 1290 1535 1330; x_wconf 83' lang='lat' dir='ltr'>Epist.</span> <span class='ocrx_word' id='word_1_291' title='bbox 1551 1298 1618 1322; x_wconf 82' lang='lat' dir='ltr'>xx.</span> 
     </span>
     <span class='ocr_line' id='line_1_51' title="bbox 919 1339 1619 1381; baseline -0.001 -9"><span class='ocrx_word' id='word_1_292' title='bbox 919 1342 996 1372; x_wconf 74' lang='lat'>222.</span> <span class='ocrx_word' id='word_1_293' title='bbox 1029 1341 1039 1359; x_wconf 87' lang='lat'>‘</span> <span class='ocrx_word' id='word_1_294' title='bbox 1052 1340 1209 1381; x_wconf 74' lang='lat' dir='ltr'>Cingitur</span> <span class='ocrx_word' id='word_1_295' title='bbox 1236 1339 1352 1380; x_wconf 74' lang='lat' dir='ltr'>AEgoeo</span> <span class='ocrx_word' id='word_1_296' title='bbox 1381 1339 1515 1370; x_wconf 88' lang='lat' dir='ltr'>nomine</span> <span class='ocrx_word' id='word_1_297' title='bbox 1546 1339 1619 1371; x_wconf 78' lang='lat' dir='ltr'>Cea</span> 
     </span>
     <span class='ocr_line' id='line_1_52' title="bbox 920 1388 1620 1422; baseline 0 -1"><span class='ocrx_word' id='word_1_298' title='bbox 920 1389 1029 1422; x_wconf 58' lang='lat' dir='ltr'>muri?</span> <span class='ocrx_word' id='word_1_299' title='bbox 1072 1390 1233 1421; x_wconf 82' lang='lat' dir='ltr'>Doricam</span> <span class='ocrx_word' id='word_1_300' title='bbox 1248 1389 1306 1421; x_wconf 90' lang='lat' dir='ltr'>ille</span> <span class='ocrx_word' id='word_1_301' title='bbox 1320 1393 1457 1420; x_wconf 86' lang='lat' dir='ltr'>secutus</span> <span class='ocrx_word' id='word_1_302' title='bbox 1469 1393 1524 1420; x_wconf 85' lang='lat' dir='ltr'>est</span> <span class='ocrx_word' id='word_1_303' title='bbox 1539 1388 1620 1421; x_wconf 87' lang='lat' dir='ltr'>Dia-</span> 
     </span>
     <span class='ocr_line' id='line_1_53' title="bbox 921 1438 1621 1474; baseline -0.001 -3"><span class='ocrx_word' id='word_1_304' title='bbox 921 1440 1059 1472; x_wconf 84' lang='lat' dir='ltr'>lectum.</span> <span class='ocrx_word' id='word_1_305' title='bbox 1090 1439 1236 1474; x_wconf 83' lang='lat' dir='ltr'>Quintil.</span> <span class='ocrx_word' id='word_1_306' title='bbox 1251 1443 1287 1471; x_wconf 68' lang='lat' dir='ltr'>x.</span> <span class='ocrx_word' id='word_1_307' title='bbox 1300 1443 1331 1471; x_wconf 86' lang='lat' dir='ltr'>l.</span> <span class='ocrx_word' id='word_1_308' title='bbox 1345 1439 1392 1471; x_wconf 83' lang='lat' dir='ltr'>sic</span> <span class='ocrx_word' id='word_1_309' title='bbox 1406 1438 1531 1470; x_wconf 84' lang='lat' dir='ltr'>habet:</span> <span class='ocrx_word' id='word_1_310' title='bbox 1548 1443 1558 1457; x_wconf 80' lang='lat'><em>⁶</em></span> <span class='ocrx_word' id='word_1_311' title='bbox 1569 1439 1621 1471; x_wconf 91' lang='lat' dir='ltr'>Si-</span> 
     </span>
     <span class='ocr_line' id='line_1_54' title="bbox 924 1489 1620 1530; baseline -0.001 -9"><span class='ocrx_word' id='word_1_312' title='bbox 924 1490 1076 1521; x_wconf 83' lang='lat' dir='ltr'>monides</span> <span class='ocrx_word' id='word_1_313' title='bbox 1092 1490 1215 1530; x_wconf 74' lang='lat' dir='ltr'>tenuis,</span> <span class='ocrx_word' id='word_1_314' title='bbox 1228 1489 1355 1530; x_wconf 81' lang='lat' dir='ltr'>alioqui</span> <span class='ocrx_word' id='word_1_315' title='bbox 1371 1498 1526 1520; x_wconf 77' lang='lat' dir='ltr'>sermone</span> <span class='ocrx_word' id='word_1_316' title='bbox 1541 1498 1620 1530; x_wconf 86' lang='lat' dir='ltr'>pro-</span> 
     </span>
     <span class='ocr_line' id='line_1_55' title="bbox 926 1539 1622 1581; baseline -0.001 -10"><span class='ocrx_word' id='word_1_317' title='bbox 926 1540 1015 1581; x_wconf 87' lang='lat' dir='ltr'>prio,</span> <span class='ocrx_word' id='word_1_318' title='bbox 1040 1545 1078 1571; x_wconf 90' lang='lat' dir='ltr'>et</span> <span class='ocrx_word' id='word_1_319' title='bbox 1106 1539 1325 1581; x_wconf 83' lang='lat' dir='ltr'>jucunditate</span> <span class='ocrx_word' id='word_1_320' title='bbox 1354 1539 1499 1580; x_wconf 85' lang='lat' dir='ltr'>quadam</span> <span class='ocrx_word' id='word_1_321' title='bbox 1531 1549 1622 1571; x_wconf 88' lang='lat' dir='ltr'>com-</span> 
     </span>
     <span class='ocr_line' id='line_1_56' title="bbox 925 1588 1622 1630; baseline -0.003 -10"><span class='ocrx_word' id='word_1_322' title='bbox 925 1588 1078 1620; x_wconf 80' lang='lat' dir='ltr'>mendari</span> <span class='ocrx_word' id='word_1_323' title='bbox 1113 1593 1231 1630; x_wconf 86' lang='lat' dir='ltr'>potest</span> <span class='ocrx_word' id='word_1_324' title='bbox 1245 1599 1253 1619; x_wconf 74' lang='grc' dir='ltr'><strong>ε</strong></span> <span class='ocrx_word' id='word_1_325' title='bbox 1295 1588 1472 1629; x_wconf 83' lang='lat' dir='ltr'>praecipna</span> <span class='ocrx_word' id='word_1_326' title='bbox 1509 1594 1622 1619; x_wconf 79' lang='lat' dir='ltr'>tamen</span> 
     </span>
     <span class='ocr_line' id='line_1_57' title="bbox 924 1637 1625 1679; baseline 0 -11"><span class='ocrx_word' id='word_1_327' title='bbox 924 1639 999 1679; x_wconf 87' lang='lat' dir='ltr'>ejus</span> <span class='ocrx_word' id='word_1_328' title='bbox 1013 1638 1047 1669; x_wconf 88' lang='lat' dir='ltr'>in</span> <span class='ocrx_word' id='word_1_329' title='bbox 1061 1637 1305 1669; x_wconf 85' lang='lat' dir='ltr'>commovenda</span> <span class='ocrx_word' id='word_1_330' title='bbox 1326 1638 1542 1670; x_wconf 82' lang='lat' dir='ltr'>miseratione</span> <span class='ocrx_word' id='word_1_331' title='bbox 1559 1638 1625 1668; x_wconf 87' lang='lat' dir='ltr'>vir-</span> 
     </span>
     <span class='ocr_line' id='line_1_58' title="bbox 927 1687 1625 1728; baseline 0.001 -10"><span class='ocrx_word' id='word_1_332' title='bbox 927 1691 995 1726; x_wconf 73' lang='lat' dir='ltr'>tus,</span> <span class='ocrx_word' id='word_1_333' title='bbox 1011 1692 1046 1718; x_wconf 89' lang='lat' dir='ltr'>ut</span> <span class='ocrx_word' id='word_1_334' title='bbox 1062 1687 1199 1728; x_wconf 84' lang='lat' dir='ltr'>quidam</span> <span class='ocrx_word' id='word_1_335' title='bbox 1217 1688 1250 1718; x_wconf 92' lang='lat' dir='ltr'>in</span> <span class='ocrx_word' id='word_1_336' title='bbox 1265 1688 1329 1719; x_wconf 82' lang='lat' dir='ltr'>hac</span> <span class='ocrx_word' id='word_1_337' title='bbox 1348 1697 1423 1718; x_wconf 77' lang='lat' dir='ltr'>euni</span> <span class='ocrx_word' id='word_1_338' title='bbox 1440 1692 1538 1728; x_wconf 80' lang='lat' dir='ltr'>parte</span> <span class='ocrx_word' id='word_1_339' title='bbox 1554 1697 1625 1719; x_wconf 90' lang='lat' dir='ltr'>om·</span> 
     </span>
     <span class='ocr_line' id='line_1_59' title="bbox 929 1736 1626 1777; baseline -0.001 -8"><span class='ocrx_word' id='word_1_340' title='bbox 929 1737 1028 1769; x_wconf 66' lang='lat' dir='ltr'>nibus</span> <span class='ocrx_word' id='word_1_341' title='bbox 1041 1736 1194 1777; x_wconf 85' lang='lat' dir='ltr'>ejusdem</span> <span class='ocrx_word' id='word_1_342' title='bbox 1207 1737 1320 1777; x_wconf 87' lang='lat' dir='ltr'>operis</span> <span class='ocrx_word' id='word_1_343' title='bbox 1330 1737 1526 1767; x_wconf 83' lang='lat' dir='ltr'>auctoribus</span> <span class='ocrx_word' id='word_1_344' title='bbox 1539 1746 1626 1777; x_wconf 81' lang='lat' dir='ltr'>prae-</span> 
     </span>
     <span class='ocr_line' id='line_1_60' title="bbox 929 1784 1626 1826; baseline 0.001 -10"><span class='ocrx_word' id='word_1_345' title='bbox 929 1784 1064 1816; x_wconf 86' lang='lat' dir='ltr'>serant.&#39;</span> <span class='ocrx_word' id='word_1_346' title='bbox 1108 1785 1184 1816; x_wconf 78' lang='lat' dir='ltr'>Hoc</span> <span class='ocrx_word' id='word_1_347' title='bbox 1209 1785 1464 1817; x_wconf 84' lang='lat' dir='ltr'>idem&#39;teststur</span> <span class='ocrx_word' id='word_1_348' title='bbox 1478 1786 1626 1826; x_wconf 84' lang='lat' dir='ltr'>Dionys.</span> 
     </span>
     <span class='ocr_line' id='line_1_61' title="bbox 933 1833 1628 1867; baseline 0.001 -1"><span class='ocrx_word' id='word_1_349' title='bbox 933 1834 1163 1866; x_wconf 78' lang='lat' dir='ltr'>Haucamass.</span> <span class='ocrx_word' id='word_1_350' title='bbox 1186 1833 1306 1865; x_wconf 86' lang='lat' dir='ltr'>Refert</span> <span class='ocrx_word' id='word_1_351' title='bbox 1320 1834 1442 1866; x_wconf 83' lang='lat' dir='ltr'>Snidas</span> <span class='ocrx_word' id='word_1_352' title='bbox 1455 1835 1628 1867; x_wconf 84' lang='lat' dir='ltr'>Stesicho-</span> 
     </span>
     <span class='ocr_line' id='line_1_62' title="bbox 933 1884 1629 1926; baseline 0.001 -11"><span class='ocrx_word' id='word_1_353' title='bbox 933 1893 972 1915; x_wconf 90' lang='lat' dir='ltr'>ro</span> <span class='ocrx_word' id='word_1_354' title='bbox 1003 1884 1237 1925; x_wconf 77' lang='lat' dir='ltr'>posteriorem,</span> <span class='ocrx_word' id='word_1_355' title='bbox 1266 1884 1469 1916; x_wconf 80' lang='lat' dir='ltr'>Melicerten</span> <span class='ocrx_word' id='word_1_356' title='bbox 1502 1894 1629 1926; x_wconf 78' lang='lat' dir='ltr'>cogno·</span> 
     </span>
     <span class='ocr_line' id='line_1_63' title="bbox 932 1933 1630 1975; baseline 0.001 -10"><span class='ocrx_word' id='word_1_357' title='bbox 932 1934 1097 1965; x_wconf 81' lang='lat' dir='ltr'>minatum</span> <span class='ocrx_word' id='word_1_358' title='bbox 1138 1933 1182 1966; x_wconf 92' lang='lat' dir='ltr'>ob</span> <span class='ocrx_word' id='word_1_359' title='bbox 1210 1934 1429 1975; x_wconf 75' lang='lat' dir='ltr'>suavitatem,</span> <span class='ocrx_word' id='word_1_360' title='bbox 1462 1934 1630 1974; x_wconf 80' lang='lat' dir='ltr'>Threnos,</span> 
     </span>
     <span class='ocr_line' id='line_1_64' title="bbox 932 1981 1630 2023; baseline 0 -10"><span class='ocrx_word' id='word_1_361' title='bbox 932 1982 1108 2022; x_wconf 79' lang='lat' dir='ltr'>Encomia‚</span> <span class='ocrx_word' id='word_1_362' title='bbox 1123 1981 1336 2022; x_wconf 80' lang='lat' dir='ltr'>Trsgoedias,</span> <span class='ocrx_word' id='word_1_363' title='bbox 1351 1987 1386 2014; x_wconf 90' lang='lat' dir='ltr'>et</span> <span class='ocrx_word' id='word_1_364' title='bbox 1402 1984 1467 2014; x_wconf 79' lang='lat' dir='ltr'>alis</span> <span class='ocrx_word' id='word_1_365' title='bbox 1479 1983 1630 2023; x_wconf 84' lang='lat' dir='ltr'>scripsis-</span> 
     </span>
     <span class='ocr_line' id='line_1_65' title="bbox 934 2030 1631 2071; baseline 0.001 -9"><span class='ocrx_word' id='word_1_366' title='bbox 934 2040 984 2071; x_wconf 88' lang='lat' dir='ltr'>se,</span> <span class='ocrx_word' id='word_1_367' title='bbox 1003 2032 1067 2063; x_wconf 87' lang='lat' dir='ltr'>&amp;c.</span> <span class='ocrx_word' id='word_1_368' title='bbox 1096 2030 1255 2063; x_wconf 84' lang='lat' dir='ltr'>Meminit</span> <span class='ocrx_word' id='word_1_369' title='bbox 1275 2037 1311 2063; x_wconf 90' lang='lat' dir='ltr'>et</span> <span class='ocrx_word' id='word_1_370' title='bbox 1332 2032 1471 2063; x_wconf 78' lang='lat' dir='ltr'>alterins</span> <span class='ocrx_word' id='word_1_371' title='bbox 1488 2032 1631 2064; x_wconf 87' lang='lat' dir='ltr'>Simoni—</span> 
     </span>
     <span class='ocr_line' id='line_1_66' title="bbox 934 2081 1630 2122; baseline 0 -9"><span class='ocrx_word' id='word_1_372' title='bbox 934 2081 987 2113; x_wconf 85' lang='lat' dir='ltr'>dis</span> <span class='ocrx_word' id='word_1_373' title='bbox 1003 2081 1092 2122; x_wconf 89' lang='lat' dir='ltr'>Ceii,</span> <span class='ocrx_word' id='word_1_374' title='bbox 1105 2082 1163 2122; x_wconf 90' lang='lat' dir='ltr'>qui</span> <span class='ocrx_word' id='word_1_375' title='bbox 1180 2082 1304 2122; x_wconf 88' lang='lat' dir='ltr'>prioris</span> <span class='ocrx_word' id='word_1_376' title='bbox 1319 2081 1425 2114; x_wconf 83' lang='lat' dir='ltr'>fuerit</span> <span class='ocrx_word' id='word_1_377' title='bbox 1446 2091 1465 2113; x_wconf 92' lang='lat' dir='ltr'>e</span> <span class='ocrx_word' id='word_1_378' title='bbox 1483 2081 1553 2113; x_wconf 79' lang='lat' dir='ltr'>fllia</span> <span class='ocrx_word' id='word_1_379' title='bbox 1573 2091 1630 2113; x_wconf 90' lang='lat' dir='ltr'>ne-</span> 
     </span>
     <span class='ocr_line' id='line_1_67' title="bbox 936 2131 1631 2174; baseline 0.003 -12"><span class='ocrx_word' id='word_1_380' title='bbox 936 2141 1011 2173; x_wconf 88' lang='lat' dir='ltr'>pos,</span> <span class='ocrx_word' id='word_1_381' title='bbox 1034 2135 1070 2163; x_wconf 88' lang='lat' dir='ltr'>et</span> <span class='ocrx_word' id='word_1_382' title='bbox 1086 2131 1262 2172; x_wconf 79' lang='lat' dir='ltr'>scripserit</span> <span class='ocrx_word' id='word_1_383' title='bbox 1280 2132 1447 2174; x_wconf 69' lang='lat' dir='ltr'>quaedam,</span> <span class='ocrx_word' id='word_1_384' title='bbox 1459 2137 1539 2164; x_wconf 84' lang='lat' dir='ltr'>ante</span> <span class='ocrx_word' id='word_1_385' title='bbox 1562 2132 1631 2164; x_wconf 87' lang='lat' dir='ltr'>bel-</span> 
     </span>
     <span class='ocr_line' id='line_1_68' title="bbox 937 2181 1364 2222; baseline -0.002 -8"><span class='ocrx_word' id='word_1_386' title='bbox 937 2182 1006 2214; x_wconf 88' lang='lat' dir='ltr'>lum</span> <span class='ocrx_word' id='word_1_387' title='bbox 1021 2181 1364 2222; x_wconf 66' lang='lat' dir='ltr'>Peloponnesiacum.</span> 
     </span>
    </p>

    <p class='ocr_par' dir='ltr' id='par_1_18' title="bbox 939 2231 1639 2720">
     <span class='ocr_line' id='line_1_69' title="bbox 981 2231 1633 2272; baseline 0 -10"><span class='ocrx_word' id='word_1_388' title='bbox 981 2231 1123 2272; x_wconf 74' lang='lat' dir='ltr'>Naenioe]</span> <span class='ocrx_word' id='word_1_389' title='bbox 1146 2232 1199 2262; x_wconf 81' lang='lat' dir='ltr'>Ex</span> <span class='ocrx_word' id='word_1_390' title='bbox 1216 2232 1305 2264; x_wconf 83' lang='lat' dir='ltr'>Non.</span> <span class='ocrx_word' id='word_1_391' title='bbox 1319 2232 1476 2264; x_wconf 82' lang='lat' dir='ltr'>Marcell.</span> <span class='ocrx_word' id='word_1_392' title='bbox 1497 2241 1633 2263; x_wconf 81' lang='lat' dir='ltr'>carmen</span> 
     </span>
     <span class='ocr_line' id='line_1_70' title="bbox 939 2281 1635 2323; baseline 0 -12"><span class='ocrx_word' id='word_1_393' title='bbox 939 2286 991 2312; x_wconf 88' lang='lat' dir='ltr'>est</span> <span class='ocrx_word' id='word_1_394' title='bbox 1020 2281 1231 2312; x_wconf 82' lang='lat' dir='ltr'>inconditum</span> <span class='ocrx_word' id='word_1_395' title='bbox 1258 2282 1348 2323; x_wconf 89' lang='lat' dir='ltr'>quod</span> <span class='ocrx_word' id='word_1_396' title='bbox 1389 2282 1510 2312; x_wconf 88' lang='lat' dir='ltr'>mulier</span> <span class='ocrx_word' id='word_1_397' title='bbox 1540 2281 1635 2312; x_wconf 77' lang='lat' dir='ltr'>dicta</span> 
     </span>
     <span class='ocr_line' id='line_1_71' title="bbox 939 2329 1634 2371; baseline 0 -11"><span class='ocrx_word' id='word_1_398' title='bbox 939 2329 1080 2370; x_wconf 71' lang='lat' dir='ltr'>praefica</span> <span class='ocrx_word' id='word_1_399' title='bbox 1107 2330 1247 2362; x_wconf 80' lang='lat' dir='ltr'>exhibet</span> <span class='ocrx_word' id='word_1_400' title='bbox 1267 2331 1331 2370; x_wconf 77' lang='lat' dir='ltr'>liis,</span> <span class='ocrx_word' id='word_1_401' title='bbox 1353 2330 1475 2371; x_wconf 86' lang='lat' dir='ltr'>quibus</span> <span class='ocrx_word' id='word_1_402' title='bbox 1493 2330 1634 2360; x_wconf 84' lang='lat' dir='ltr'>mortuis</span> 
     </span>
     <span class='ocr_line' id='line_1_72' title="bbox 939 2379 1636 2421; baseline -0.001 -10"><span class='ocrx_word' id='word_1_403' title='bbox 939 2380 1123 2421; x_wconf 89' lang='lat' dir='ltr'>propinqui</span> <span class='ocrx_word' id='word_1_404' title='bbox 1145 2389 1211 2411; x_wconf 91' lang='lat' dir='ltr'>non</span> <span class='ocrx_word' id='word_1_405' title='bbox 1238 2384 1364 2410; x_wconf 82' lang='lat' dir='ltr'>essent.</span> <span class='ocrx_word' id='word_1_406' title='bbox 1408 2380 1461 2410; x_wconf 85' lang='lat' dir='ltr'>Ex</span> <span class='ocrx_word' id='word_1_407' title='bbox 1480 2379 1636 2410; x_wconf 86' lang='lat' dir='ltr'>Varrone</span> 
     </span>
     <span class='ocr_line' id='line_1_73' title="bbox 939 2427 1636 2468; baseline -0.001 -8"><span class='ocrx_word' id='word_1_408' title='bbox 939 2437 992 2460; x_wconf 84' lang='lat' dir='ltr'>lv.</span> <span class='ocrx_word' id='word_1_409' title='bbox 1008 2429 1052 2460; x_wconf 87' lang='lat' dir='ltr'>de</span> <span class='ocrx_word' id='word_1_410' title='bbox 1067 2429 1151 2459; x_wconf 88' lang='lat' dir='ltr'>Vita</span> <span class='ocrx_word' id='word_1_411' title='bbox 1165 2428 1290 2468; x_wconf 89' lang='lat' dir='ltr'>Populi</span> <span class='ocrx_word' id='word_1_412' title='bbox 1309 2428 1450 2458; x_wconf 81' lang='lat' dir='ltr'>Romani</span> <span class='ocrx_word' id='word_1_413' title='bbox 1466 2427 1509 2458; x_wconf 85' lang='lat' dir='ltr'>ad</span> <span class='ocrx_word' id='word_1_414' title='bbox 1535 2427 1636 2460; x_wconf 83' lang='lat' dir='ltr'>tibias</span> 
     </span>
     <span class='ocr_line' id='line_1_74' title="bbox 940 2476 1638 2518; baseline -0.001 -9"><span class='ocrx_word' id='word_1_415' title='bbox 940 2483 977 2509; x_wconf 87' lang='lat' dir='ltr'>et</span> <span class='ocrx_word' id='word_1_416' title='bbox 990 2477 1075 2508; x_wconf 84' lang='lat' dir='ltr'>fides</span> <span class='ocrx_word' id='word_1_417' title='bbox 1091 2478 1221 2509; x_wconf 84' lang='lat' dir='ltr'>cantari</span> <span class='ocrx_word' id='word_1_418' title='bbox 1236 2477 1379 2508; x_wconf 84' lang='lat' dir='ltr'>solebat.</span> <span class='ocrx_word' id='word_1_419' title='bbox 1410 2476 1482 2508; x_wconf 91' lang='lat' dir='ltr'>Cic.</span> <span class='ocrx_word' id='word_1_420' title='bbox 1496 2477 1540 2508; x_wconf 86' lang='lat' dir='ltr'>de</span> <span class='ocrx_word' id='word_1_421' title='bbox 1556 2477 1638 2518; x_wconf 78' lang='lat' dir='ltr'>Leg.</span> 
     </span>
     <span class='ocr_line' id='line_1_75' title="bbox 942 2524 1638 2567; baseline 0 -9"><span class='ocrx_word' id='word_1_422' title='bbox 942 2537 983 2559; x_wconf 87' lang='lat'>11.</span> <span class='ocrx_word' id='word_1_423' title='bbox 999 2537 1032 2558; x_wconf 86' lang='lat' dir='ltr'>n.</span> <span class='ocrx_word' id='word_1_424' title='bbox 1047 2529 1100 2558; x_wconf 82' lang='lat'>61.</span> <span class='ocrx_word' id='word_1_425' title='bbox 1122 2527 1132 2543; x_wconf 81' lang='lat'>⁴</span> <span class='ocrx_word' id='word_1_426' title='bbox 1145 2524 1420 2565; x_wconf 88' lang='lat' dir='ltr'>Honoratorum‚’</span> <span class='ocrx_word' id='word_1_427' title='bbox 1433 2526 1557 2567; x_wconf 87' lang='lat' dir='ltr'>inquit,</span> <span class='ocrx_word' id='word_1_428' title='bbox 1571 2528 1638 2558; x_wconf 82' lang='lat' dir='ltr'>‘vi-</span> 
     </span>
     <span class='ocr_line' id='line_1_76' title="bbox 943 2575 1638 2609; baseline 0 0"><span class='ocrx_word' id='word_1_429' title='bbox 943 2586 1055 2609; x_wconf 83' lang='lat' dir='ltr'>rorum</span> <span class='ocrx_word' id='word_1_430' title='bbox 1074 2575 1190 2607; x_wconf 86' lang='lat' dir='ltr'>laudes</span> <span class='ocrx_word' id='word_1_431' title='bbox 1214 2576 1247 2606; x_wconf 91' lang='lat' dir='ltr'>in</span> <span class='ocrx_word' id='word_1_432' title='bbox 1271 2576 1434 2608; x_wconf 87' lang='lat' dir='ltr'>concione</span> <span class='ocrx_word' id='word_1_433' title='bbox 1449 2586 1638 2609; x_wconf 80' lang='lat' dir='ltr'>memoran-</span> 
     </span>
     <span class='ocr_line' id='line_1_77' title="bbox 944 2627 1639 2668; baseline 0.001 -8"><span class='ocrx_word' id='word_1_434' title='bbox 944 2634 1021 2667; x_wconf 89' lang='lat' dir='ltr'>tur;</span> <span class='ocrx_word' id='word_1_435' title='bbox 1046 2637 1171 2668; x_wconf 85' lang='lat' dir='ltr'>easque</span> <span class='ocrx_word' id='word_1_436' title='bbox 1197 2627 1239 2658; x_wconf 84' lang='lat' dir='ltr'>ad</span> <span class='ocrx_word' id='word_1_437' title='bbox 1265 2632 1384 2659; x_wconf 83' lang='lat' dir='ltr'>cantus</span> <span class='ocrx_word' id='word_1_438' title='bbox 1406 2632 1441 2659; x_wconf 86' lang='lat' dir='ltr'>et</span> <span class='ocrx_word' id='word_1_439' title='bbox 1465 2628 1639 2661; x_wconf 87' lang='lat' dir='ltr'>tibicinem</span> 
     </span>
     <span class='ocr_line' id='line_1_78' title="bbox 947 2677 1639 2720; baseline 0.003 -12"><span class='ocrx_word' id='word_1_440' title='bbox 947 2680 1211 2719; x_wconf 85' lang='lat' dir='ltr'>prosequuntur,</span> <span class='ocrx_word' id='word_1_441' title='bbox 1225 2677 1279 2708; x_wconf 89' lang='lat' dir='ltr'>cni</span> <span class='ocrx_word' id='word_1_442' title='bbox 1297 2686 1417 2708; x_wconf 83' lang='lat' dir='ltr'>nomen</span> <span class='ocrx_word' id='word_1_443' title='bbox 1433 2678 1639 2720; x_wconf 69' lang='lat' dir='ltr'>naeniae‚qno</span> 
     </span>
    </p>
   </div>
   <div class='ocr_carea' id='block_1_14' title="bbox 948 2726 1640 2808">
    <p class='ocr_par' dir='ltr' id='par_1_19' title="bbox 948 2726 1640 2808">
     <span class='ocr_line' id='line_1_79' title="bbox 949 2726 1640 2770; baseline 0.003 -13"><span class='ocrx_word' id='word_1_444' title='bbox 949 2726 1114 2758; x_wconf 85' lang='lat' dir='ltr'>vocabulo</span> <span class='ocrx_word' id='word_1_445' title='bbox 1138 2727 1240 2757; x_wconf 75' lang='lat' dir='ltr'>etiam</span> <span class='ocrx_word' id='word_1_446' title='bbox 1264 2726 1377 2759; x_wconf 72' lang='lat' dir='ltr'>Graeci</span> <span class='ocrx_word' id='word_1_447' title='bbox 1402 2734 1522 2760; x_wconf 88' lang='lat' dir='ltr'>cantus</span> <span class='ocrx_word' id='word_1_448' title='bbox 1545 2729 1640 2770; x_wconf 84' lang='lat' dir='ltr'>lngu-</span> 
     </span>
     <span class='ocr_line' id='line_1_80' title="bbox 948 2777 1239 2808; baseline 0 0"><span class='ocrx_word' id='word_1_449' title='bbox 948 2778 1025 2808; x_wconf 83' lang='lat' dir='ltr'>bres</span> <span class='ocrx_word' id='word_1_450' title='bbox 1041 2777 1239 2808; x_wconf 85' lang='lat' dir='ltr'>nominant.&#39;</span> 
     </span>
    </p>
   </div>
   <div class='ocr_carea' id='block_1_15' title="bbox 891 2830 1557 2861">
    <p class='ocr_par' dir='ltr' id='par_1_20' title="bbox 891 2830 1557 2861">
     <span class='ocr_line' id='line_1_81' title="bbox 891 2830 1557 2861; baseline 0.002 -1"><span class='ocrx_word' id='word_1_451' title='bbox 891 2830 1008 2861; x_wconf 77' lang='lat' dir='ltr'>Horat.</span> <span class='ocrx_word' id='word_1_452' title='bbox 1527 2832 1557 2861; x_wconf 80' lang='lat' dir='ltr'>R</span> 
     </span>
    </p>
   </div>
  </div>
 </body>
</html>
