1916 3190
637 246 907 281 oAnmnun
941 243 1036 281 mit.
1066 250 1118 280 ιι.
1149 241 1190 282 l.

372 337 504 389 Juno,
525 343 572 380 et
592 340 784 382 Deorum
801 342 1003 397 quisquis
1025 344 1209 390 amicior

1557 246 1645 288 255

369 403 492 445 Afris
510 405 650 447 inulta
669 414 864 449 cesserat
879 409 1102 463 impotens

425 470 618 522 Tellure,
639 473 855 515 victorum
876 481 1064 529 nepotes

483 537 657 580 Retulit
672 539 853 582 inferias
872 541 904 583 J
907 543 1118 596 ugurthae.

198 657 282 689 tonis
303 658 405 690 anino
426 659 556 692 invicto.
599 661 686 694 Juuo
711 662 828 702 aliique
840 662 900 694 Da·
920 662 1085 702 Africanis
1097 664 1244 702 faventes
1265 666 1480 705 demigrarent
1493 667 1638 708 impares,

198 701 284 731 terr«
297 700 354 732 itl-
366 710 427 732 ποι
439 701 597 734 vin-dim«
610 712 622 739 ,·
641 706 677 734 ae
690 705 780 735 modo
800 704 954 735 victorum
971 708 1112 746 postem
1129 707 1301 745 augurum
1314 712 1539 748 representat
1559 709 1639 749 inse-

787 787 825 799 00
830 772 1026 801 ΟΜΜΟΟ

193 843 262 875 ἀοι
274 844 354 878 Var.
369 847 466 879 Lect.
479 857 534 888 ap.
549 848 768 884 sonem—26.
790 855 832 884 27
855 853 942 885 Post

957 854 1051 894 Asn‘s
1065 864 1210 895 comma,
1232 859 1269 887 et
1294 860 1371 900 post
1388 857 1511 889 Tellure
1533 858 1638 899 majo-

195 893 267 917 rem
289 886 543 921 distinctionem
571 897 702 932 ponunt
726 895 843 926 multae
873 895 951 927 edd.
979 901 1065 928 vett.
1090 907 1166 928 cum
1194 898 1314 929 Lamb.
1342 899 1448 940 Cruq.
1471 900 1636 931 Torreat.

183 926 315 960 ‘netum
338 930 380 961 R.
406 938 443 962 et
467 931 512 963 H.
536 932 656 973 Steph.
677 935 803 975 Delplt.
830 938 942 969 Bond.
966 939 1142 970 Schrevcl.
1167 939 1271 971 Baxt.
1296 940 1415 972 Comb.
1443 946 1479 972 et
1504 941 1638 973 Wakef.

195 968 206 985 ⁸
217 970 320 1002 male:
346 981 412 1004 una
426 975 596 1006 sententia
611 975 686 1008 est!
698 978 877 1010 hana—28
900 980 1051 1021 Rettulit,
1064 985 1101 1012 ut
1117 981 1198 1012 alias
1220 983 1230 999 ‘
1245 982 1401 1023 relligio‚'
1424 987 1433 1000 ¹
1445 983 1637 1025 relliquiae‚’

839 1063 979 1096 NOTAE

191 1115 285 1149 flecti
300 1118 462 1158 nescium,
483 1120 631 1163 denique
648 1122 768 1156 Portia
783 1130 884 1166 gente

192 1175 232 1198 ac
247 1169 431 1200 severitate
446 1170 639 1210 superbum.

233 1219 274 1248 25
295 1217 393 1258 Jm,
407 1221 437 1249 et
452 1219 591 1251 Deorum
604 1221 744 1261 quinquie
755 1224 883 1255 amicior·

190 1265 292 1303 Afris,
305 1265 376 1306 qen]
397 1267 455 1298 Dii
473 1269 532 1309 qni
556 1270 713 1303 Numidis
735 1273 771 1303 in
793 1273 882 1305 bello

187 1313 394 1354 Jugurthino
418 1314 587 1358 faverant,
610 1329 686 1351 cum
715 1325 797 1353 tunc
823 1332 880 1354 eos

187 1360 371 1397 defendere
398 1376 466 1399 non
500 1373 652 1409 possent,
679 1372 880 1411 urgentibus

186 1412 341 1446 nimirum
355 1413 449 1455 fatis,
464 1425 608 1458 cumque
623 1418 766 1450 amicam
781 1421 879 1452 ulcis·

186 1461 219 1493 ci
233 1466 357 1494 terram
372 1472 413 1495 ac
426 1469 563 1503 gentem
587 1467 687 1499 modo
709 1477 774 1499 non
798 1469 879 1501 lice-

186 1515 251 1551 ret,
263 1521 360 1544 suum
374 1513 409 1544 in
424 1514 594 1546 Romanos
609 1515 724 1548 odium
740 1517 879 1550 distule-

185 1565 276 1602 runt,
291 1561 495 1604 tandemque
510 1564 750 1605 expleverunt,
772 1577 878 1608 quan·

185 1609 229 1641 do
245 1611 391 1643 victores
407 1612 496 1653 ipsos
519 1618 579 1645 aut
601 1624 717 1646 eorum
732 1622 876 1656 nepotes

186 1660 279 1692 velut
299 1660 426 1692 hostias
441 1667 646 1702 mactarunt,
663 1669 767 1705 atque
788 1665 875 1696 infe-

150 1735 153 1737 .
184 1709 250 1740 rias
276 1710 452 1750 Jugurthae
478 1716 515 1742 et
541 1710 697 1744 Afrorum
723 1714 875 1745 manibus

183 1758 218 1788 in
247 1757 366 1790 Africa
394 1759 467 1800 ipsa
491 1760 660 1792 dederunt
684 1772 724 1794 ac
751 1764 875 1794 retule-

183 1812 284 1847 runt;
307 1811 379 1839 tum
401 1819 523 1850 nempe
545 1819 620 1840 cum
642 1810 684 1841 ad
705 1812 875 1852 Thapsum

182 1855 299 1886 urbem
328 1855 456 1888 Afriea’o
490 1859 692 1890 maritimam
728 1861 875 1903 quinque

181 1905 327 1937 hostium
357 1907 528 1948 myriadas
555 1908 727 1941 interfecit
749 1912 874 1949 Caesar,

181 1955 360 1986 annitente
387 1956 523 1997 quidem
552 1957 674 1990 Asinio
704 1959 873 2000 Pollione,

182 2012 250 2034 una
279 2004 336 2035 die
359 2005 466 2036 tribus
494 2006 702 2038 exercitibus
730 2018 868 2049 supera-

182 2052 238 2092 tis,
266 2051 506 2085 Consularibus
534 2063 576 2085 ac
611 2054 790 2087 Pretoriis
819 2058 868 2088 vi-

180 2101 228 2132 ris
247 2101 476 2142 compluribus
497 2107 557 2133 aut
579 2104 691 2144 captis
713 2109 773 2136 aut
803 2115 869 2137 οω-

178 2149 236 2188 sis,
249 2154 309 2182 aut
329 2150 373 2181 ad
396 2150 618 2183 voluntariam
635 2162 752 2185 necem
769 2155 870 2187 ndac-

177 2197 242 2237 tis3
265 2198 366 2230 victis
393 2198 540 2241 denique
568 2201 740 2242 Scipione,
770 2203 870 2235 Afra-

176 2247 246 2286 nio,
260 2247 520 2289 submentoue.
550 2251 728 2284 Plutarch.
741 2253 775 2284 in
787 2255 870 2286 Vita

175 2296 215 2328 C.
226 2297 384 2337 Caesaris,
400 2299 532 2339 Florus,
545 2301 610 2332 ἀο.

215 2347 317 2388 Jaao]
338 2348 458 2388 Virgil.
485 2348 619 2381 AEneid.
639 2359 660 2382 ι.
690 2354 740 2382 16.
786 2352 867 2384 Car-

176 2394 346 2436 thaginem
374 2397 501 2429 Junoni
528 2398 689 2430 dilectam
716 2402 867 2433 ostendit

111 2445 118 2449 “
174 2443 225 2475 his
241 2445 374 2477 verbis:
390 2447 764 2489 ‘Carthago‚...Quam
774 2451 866 2483 Jnno

174 2491 285 2524 fertur
314 2495 413 2525 terris
439 2497 544 2535 magis
584 2498 738 2530 omnibus
765 2509 864 2530 unam

173 2540 374 2574 Posthabita
388 2544 531 2577 coluisse
553 2546 675 2578 Samo:
698 2547 752 2579 hic
774 2548 864 2580 illius

174 2598 281 2628 arma,
302 2591 371 2623 Hic
395 2602 514 2625 currus
535 2593 620 2626 fuit:
644 2595 708 2626 hoc
725 2606 862 2637 regnum

174 2638 253 2668 Dea
264 2640 421 2678 gentibus
431 2651 516 2681 esse,
529 2643 564 2674 Si
577 2653 644 2684 qua
657 2643 729 2675 fata
741 2646 864 2686 sinant,

168 2687 243 2728 jam
260 2693 332 2719 tum
348 2691 538 2733 tenditque,
551 2693 737 2735 fovetque:

216 2738 258 2767 26
275 2738 433 2779 cesserat]
451 2739 669 2782 Demigrarat
686 2743 778 2783 inde,
795 2746 862 2776 vel-

938 1132 976 1159 ut
991 1129 1152 1160 resistere
1170 1127 1250 1160 fatis
1275 1129 1456 1169 impotens.
1500 1130 1552 1161 Ex
1575 1140 1633 1162 ve-

937 1177 1000 1208 teri
1016 1187 1116 1218 porro
1137 1179 1385 1210 consuetudine
1402 1173 1633 1211 Romanorum

934 1227 1166 1259 evocabuntur
1189 1237 1232 1259 ex
1250 1228 1395 1259 obsessis
1419 1229 1558 1260 urbibus
1574 1229 1632 1260 Dii

934 1284 1048 1306 earum
1063 1276 1254 1308 Tutelares.
1289 1278 1437 1309 Solenne
1453 1279 1536 1309 illud
1553 1288 1632 1310 evo·

932 1324 1077 1356 cationis
1103 1334 1240 1357 carmen
1266 1326 1375 1358 refert
1395 1327 1550 1358 Macrob.
1574 1328 1632 1358 Sa-

933 1378 1021 1404 turn.
1035 1382 1092 1404 ιιι.
1105 1376 1138 1406 9.
1159 1375 1170 1393 ‘
1182 1374 1217 1405 si
1231 1375 1342 1415 Deus,
1356 1376 1384 1406 si
1401 1376 1479 1407 Dea
1494 1381 1561 1414 est,
1573 1376 1631 1407 cui

932 1421 1077 1461 populus
1114 1421 1304 1464 civitasque
1340 1423 1630 1465 Carthaginiensis

931 1475 986 1502 est
1014 1471 1048 1502 in
1079 1473 1202 1511 tutela,
1234 1475 1339 1514 teque
1379 1473 1525 1504 maxime
1558 1474 1629 1510 ille,

930 1519 989 1560 qui
1020 1519 1113 1551 urbis
1142 1520 1240 1561 hujus
1270 1521 1455 1563 populique
1484 1522 1629 1553 tutelam

929 1569 1103 1610 recepisti,
1115 1579 1237 1610 precor
1249 1580 1473 1611 venerorque,
1484 1571 1628 1602 veniam·

929 1627 994 1658 qne
1009 1627 1028 1648 a
1043 1617 1137 1648 vobis
1154 1622 1246 1658 peto,
1268 1625 1306 1650 ut
1330 1629 1387 1650 vos
1405 1621 1565 1660 populum
1581 1621 1628 1651 ci-

930 1665 1139 1707 vitatemque
1154 1666 1469 1707 Carthaginiensem
1486 1669 1624 1700 desera-

929 1714 996 1753 tis;
1017 1715 1105 1754 loca,
1131 1716 1272 1755 templa,
1303 1725 1413 1754 sacra,
1439 1717 1625 1758 urbemque

929 1757 1140 1804 rinnquatis,
1153 1763 1280 1804 absque
1295 1764 1346 1795 his
1359 1765 1507 1796 abeatis:
1525 1767 1626 1807 eique

929 1812 1055 1852 populo
1081 1812 1280 1853 civitatique
1305 1818 1445 1853 metum,
1469 1813 1624 1850 fonnidi·

928 1870 1019 1899 nem,
1047 1861 1254 1893 oblivionem
1278 1862 1458 1904 injiciatis;
1480 1864 1622 1904 proditi-

928 1919 994 1952 que
1007 1910 1145 1941 Romam
1159 1910 1202 1942 ad
1218 1920 1271 1942 me
1284 1921 1444 1953 meosque
1462 1914 1624 1954 veniatis;

926 1964 1110 2000 nostraque
1132 1959 1229 1991 vobis
1250 1961 1337 1996 loca,
1363 1963 1494 2003 templa
1511 1973 1622 2000 sacra,

920 2008 1002 2040 urbs
1015 2009 1192 2050 acceptior
1208 2011 1454 2054 probatiorque
1469 2014 1532 2046 sit:
1557 2017 1620 2047 mi-

921 2059 954 2090 hi
969 2069 1117 2100 quoque,
1133 2061 1328 2102 populoque
1346 2062 1512 2103 Romano,
1531 2065 1620 2096 mili-

922 2108 1081 2149 tibusque
1096 2109 1179 2146 meis
1196 2110 1371 2150 praepositi
1389 2111 1476 2148 sitis,
1489 2118 1526 2144 ut
1537 2115 1621 2145 scia-

922 2167 996 2188 mus
1012 2157 1318 2199 intelligamusque.
1362 2160 1399 2191 Si
1426 2161 1475 2192 ita
1495 2161 1618 2194 feceri-

922 2207 978 2243 tis,
993 2216 1100 2238 voveo
1117 2192 1214 2238 vobis
1228 2209 1358 2249 templa
1370 2209 1530 2251 ludosque
1547 2210 1617 2243 fac-

923 2256 1063 2287 turum.’

963 2308 1004 2337 27
1022 2305 1184 2338 Victorum
1194 2308 1334 2347 nepotes]
1346 2307 1516 2347 Scipionis
1526 2307 1617 2338 Afri-

920 2356 1010 2394 cani,
1025 2356 1081 2396 qui
1098 2356 1189 2387 victo
1204 2355 1398 2386 Hannibale
1415 2357 1615 2395 vectigalem

919 2405 1054 2444 Populo
1087 2405 1239 2435 Romano
1275 2402 1403 2434 fecerat
1436 2405 1615 2444 Carthagi-

919 2462 1012 2492 nem,
1035 2461 1141 2491 nepos
1156 2451 1200 2483 Q.
1215 2451 1330 2490 Scipio
1348 2451 1455 2490 primo
1476 2453 1612 2493 quidem

918 2502 952 2532 in
978 2500 1187 2531 Caesarianos
1205 2499 1330 2530 bellum
1347 2510 1411 2530 non
1429 2501 1612 2534 infeliciter

917 2559 1050 2590 gerens,
1074 2548 1116 2579 ab
1131 2548 1171 2579 iis
1189 2549 1322 2579 demum
1339 2549 1540 2591 profligatus
1553 2563 1611 2586 oc-

916 2598 1053 2635 cubuit;
1076 2601 1113 2627 ut
1129 2602 1208 2627 ante
1223 2597 1304 2627 dixi.
1338 2597 1482 2639 Appian.
1496 2601 1554 2632 lib.
1568 2611 1610 2635 n.

957 2649 1000 2677 28
1024 2645 1146 2677 Retulit
1168 2644 1314 2684 inferias]
1336 2646 1377 2677 In
1401 2654 1608 2683 mortuorum

915 2696 1019 2726 sacris
1031 2695 1109 2725 olim
1120 2694 1263 2733 juvenes
1273 2694 1508 2730 inferebantur
1517 2709 1608 2732 mac-

916 2745 1144 2787 tabanturque
1156 2743 1197 2774 ad
1209 2743 1394 2786 placandos
1405 2746 1521 2780 horum
1532 2759 1606 2783 sau-
