1916 3190
271 233 327 276 68
754 243 802 283 Q.-
830 241 1040 276 Hortarii
1074 242 1248 277 FnAcc‘t

443 337 683 381 Grandinis
704 339 828 380 misit
849 339 998 390 Pater,
1020 344 1065 382 et
1083 341 1266 382 rubente

444 406 646 448 Dextera
666 420 818 449 sacras
833 406 1056 461 jaculatus
1076 420 1215 456 arces,

783 474 960 516 Terruit
980 475 1159 516 urbem:

441 541 623 583 Terruit
640 546 808 596 gentes,
828 555 959 596 grave
978 555 1033 584 ne
1055 542 1213 583 rediret
1705 543 1734 584 5

441 609 667 651 Saeculum
689 609 891 664 Pyrrhae,
913 622 1034 650 nova
1054 613 1246 650 monstra
1269 612 1468 662 questae:

271 748 312 770 na
327 741 360 770 in
379 749 485 771 sacras
498 750 585 771 arces
599 749 691 771 manu
698 741 879 782 flammata,
895 740 1005 772 Romae
1021 744 1173 772 terrorem
1194 741 1336 772 incussit.
1379 739 1473 772 Alias
1486 740 1581 772 etiam
1595 738 1737 771 nationes

264 780 346 819 fecit
370 783 479 814 timere
502 793 541 814 ne
565 783 682 814 rediret
708 783 800 814 triste
816 787 935 824 tempus
951 784 1085 825 Pyrrhe
1107 785 1321 824 conquerentis
1347 783 1384 814 ob
1402 782 1550 824 prodigia
1570 781 1735 814 inaudita:

883 877 919 889 ee
923 876 1123 891 ree-‘vocem

273 960 385 983 xxm.
402 952 444 983 P.
459 956 492 984 2.
517 962 552 993 p.
567 955 644 984 413.
667 952 829 994 frequens
857 953 1053 986 terminatio
1083 955 1125 994 is,
1150 956 1240 994 eatis,
1264 954 1372 993 terris,
1393 952 1490 990 nivis,
1512 951 1732 994 cacophoniae

270 999 467 1026 accusatur.
514 995 609 1026 Nihil
627 995 763 1033 mirum,
787 995 815 1025 si
837 997 911 1027 haec
935 997 978 1028 ad
1001 997 1174 1029 Gallicam
1202 996 1514 1037 pronuntiationem
1539 996 1736 1035 exigantur,

269 1035 439 1076 quomodo
466 1041 502 1067 et
525 1042 700 1068 nostrates
724 1038 924 1079 plerumque
953 1039 1149 1070 enuntiant.
1192 1040 1269 1069 Jam
1284 1042 1334 1069 sat
1350 1037 1567 1078 iraturcouj·
1582 1036 1735 1069 With.—

269 1081 290 1109 2
314 1078 453 1119 Lips.3.
477 1089 514 1109 ac
528 1078 680 1116 rubente5
716 1080 863 1119 Cuning.
890 1084 920 1111 et
942 1080 1144 1112 rubente—a
1169 1080 1258 1112 Edd.
1285 1084 1372 1112 vett.
1390 1089 1466 1112 cum
1489 1078 1606 1111 multis
1630 1077 1733 1111 codd.

271 1121 450 1152 arcete—4
473 1122 599 1153 Terruit
619 1121 722 1152 orbem
747 1122 884 1153 Brodaei
902 1120 1089 1154 codem—5
1112 1121 1249 1154 Wakef.
1273 1122 1306 1154 iu
1334 1122 1440 1154 Obss.
1464 1122 1508 1153 ad
1533 1119 1733 1159 Horatium,

271 1165 343 1195 atto.
361 1165 458 1194 1776.
483 1163 584 1203 legit:
614 1164 741 1195 Terruit
762 1168 876 1203 gentes
898 1175 1006 1204 grave,
1028 1175 1078 1207 ne,
1102 1166 1156 1204 850.
1180 1165 1202 1195 i.
1216 1174 1247 1196 e.
1273 1165 1423 1205 graviter
1440 1163 1587 1203 terruit;
1609 1164 1643 1196 iu
1666 1163 1732 1195 Ed.

270 1215 354 1237 vero
369 1207 466 1238 1794.
488 1206 663 1246 vulgatam
687 1212 815 1239 servat.
863 1206 987 1238 Terruit
1003 1211 1122 1239 mentes
1137 1207 1226 1248 conj.
1244 1208 1350 1240 With.
1375 1206 1516 1239 laudans
1538 1206 1638 1248 virg.
1653 1205 1731 1238 ΕΠ.

926 1303 1071 1336 NOTAE

270 1387 370 1420 quam
387 1388 407 1409 a
422 1378 538 1410 cassio
554 1384 590 1410 et
604 1379 714 1410 Bruto
729 1378 841 1411 Julius
857 1378 974 1410 Caesar

268 1430 303 1461 iu
334 1429 465 1462 Senatu
493 1429 696 1462 interfectus
725 1432 790 1469 esi,
820 1429 906 1460 nivis
937 1433 974 1461 et

266 1479 440 1520 grandinis
450 1484 673 1522 tempestates
683 1479 886 1521 prodigiosae
897 1480 974 1511 alia-

268 1539 334 1571 que
343 1534 505 1571 portenta
514 1529 726 1562 acciderunt.
747 1530 884 1561 Tiberis
894 1540 974 1571 quo-

268 1590 335 1622 que
351 1580 528 1613 exundans
545 1580 663 1612 urbem
684 1590 852 1622 agrosque
866 1579 972 1612 foeda·

267 1631 331 1663 vit.
361 1631 417 1662 De
433 1631 556 1673 quibus
570 1629 645 1662 fuse
660 1630 840 1672 Appianus
854 1630 913 1662 lib.
924 1640 974 1662 ιν.

268 1680 338 1712 Dio
367 1680 429 1713 lib.
461 1689 578 1714 xnvn.
610 1680 748 1722 aliique.
791 1680 859 1711 Illa
891 1689 974 1711 vero

267 1729 423 1772 prodigia
441 1740 461 1762 a
475 1731 552 1762 Diis
574 1731 670 1762 velut
693 1730 844 1762 immissa
867 1730 900 1761 in
924 1730 973 1761 ul-

269 1780 397 1812 tionem
426 1781 530 1812 occisi
564 1780 749 1822 Principis,
780 1779 973 1812 adulatorie

269 1830 399 1862 Noster
434 1831 560 1872 aliique
596 1831 668 1873 ejus
697 1831 814 1863 saeculi
853 1831 974 1863 Poetae

269 1880 493 1920 scripserunt,
508 1880 655 1921 Augusti
669 1882 815 1921 gratiam
831 1885 975 1922 captan-

269 1933 337 1969 tes,
349 1930 407 1969 qui
424 1933 433 1946 ‘
446 1930 595 1960 omnium
608 1929 925 1962 bellorum'initium
937 1934 974 1962 et

269 1988 405 2009 causam
422 1978 500 2010 hinc
515 1978 648 2018 sumsit,
662 1979 746 2009 nihil
767 1979 973 2010 convenien-

268 2030 336 2060 tius
362 2028 505 2068 ducens,
533 2037 634 2070 quam
662 2037 785 2060 necem
814 2029 973 2059 avunculi

270 2079 458 2118 vindicare,
488 2078 646 2120 tuerique
676 2077 782 2110 acta!
830 2078 972 2109 Sueton.

272 2129 399 2161 Octav-
414 2138 490 2171 cap.
507 2131 562 2161 10.
605 2128 714 2170 quue
728 2136 791 2170 pro
806 2128 972 2159 concione

270 2184 424 2222 vorverat,
439 2184 528 2212 teste
548 2179 660 2212 Dione
675 2179 734 2210 lib.
752 2186 836 2210 nv.
873 2177 971 2209 Idem

270 2230 411 2262 Sueton.
442 2239 518 2271 cap.
541 2232 595 2261 29.
625 2229 636 2247 ‘
652 2228 833 2261 Exstruxit
861 2228 971 2259 aedem

268 2281 395 2312 Martis
411 2281 548 2313 ultoris.
560 2302 568 2311 .
579 2301 589 2311 .
599 2303 608 2313 .
619 2289 720 2322 quam
735 2279 825 2311 bello
842 2278 970 2320 Philip-

270 2332 370 2372 pensi
396 2342 458 2374 pro
482 2332 612 2365 ultione
637 2335 783 2373 paterna
808 2335 970 2372 suscepto

269 2383 437 2415 voverat!
819 2375 829 2386 ’

315 2431 427 2480 Ninia]
459 2432 585 2473 Ingens
608 2431 736 2463 nivium
761 2431 863 2472 copia
888 2429 971 2463 fecit

269 2482 459 2515 eluvionem
474 2482 622 2523 Tiberis,
645 2481 799 2523 adeoque
822 2481 972 2522 portenti

268 2532 348 2563 loco
360 2532 484 2564 >habita
507 2539 569 2565 est.
613 2532 754 2563 Frustra
769 2541 852 2573 ergo
865 2531 971 2563 Scali-

270 2591 333 2621 ger
360 2581 563 2624 Hypercrit.
589 2584 701 2615 locum
722 2583 811 2614 huuc
835 2581 971 2614 Horatii

270 2631 458 2672 redarguit.

314 2683 407 2714 Dirae
423 2683 614 2725 Gramlinis]
632 2685 776 2718 Quoties
785 2688 860 2716 erat
871 2694 970 2725 grau-

271 2733 316 2766 do
331 2733 433 2766 solito
456 2735 573 2774 major,
588 2735 760 2776 lapidibus
775 2736 904 2777 pluisse
920 2734 970 2766 di-

271 2782 394 2815 cebaut
423 2789 557 2816 veteres
587 2791 619 2816 et
643 2786 832 2827 prodigium
852 2794 970 2818 cense-

1027 1378 1123 1416 bant,
1140 1378 1452 1421 procurabautque.
1482 1378 1554 1411 Tit.
1567 1377 1644 1412 Liv.
1657 1380 1731 1422 plu-

1025 1428 1120 1459 ribus
1136 1428 1232 1460 locis.

1070 1481 1089 1509 3
1104 1478 1382 1518 Sacrasjacadatus
1392 1477 1494 1520 arces]
1508 1478 1635 1520 Magna
1648 1482 1729 1511 tunc

1026 1528 1122 1561 Jovis
1137 1529 1199 1568 ira,
1212 1538 1288 1560 cum
1305 1538 1369 1560 nec
1382 1528 1446 1560 sibi
1461 1528 1604 1560 sacratis
1618 1529 1731 1570 parcit

1029 1577 1172 1610 aedibus.
1218 1578 1309 1609 Hinc
1333 1587 1414 1609 vero
1434 1577 1595 1619 portendi
1615 1586 1730 1610 rerum

1027 1627 1254 1660 mutationem
1290 1627 1478 1660 credebant
1509 1628 1603 1669 olim,
1639 1631 1731 1660 teste

1028 1678 1143 1710 Dione
1158 1683 1195 1710 et
1211 1678 1299 1710 aliis.
1342 1678 1475 1710 Seneca
1490 1678 1621 1712 Quaest.
1646 1678 1731 1711 Nat.

1029 1736 1072 1759 11.
1100 1730 1155 1760 41.
1193 1727 1359 1769 ‘Pu-ima:
1389 1729 1515 1770 iuquit,
1543 1729 1553 1746 ‘
1570 1729 1732 1761 manubia

1026 1778 1190 1819 (Tuscum
1207 1783 1259 1811 est
1278 1779 1492 1820 vocabulum,
1508 1783 1545 1811 et
1558 1778 1733 1821 significat

1026 1827 1179 1869 fulmen;
1200 1839 1245 1861 ue
1271 1829 1355 1872 quid
1378 1834 1412 1862 te
1437 1833 1637 1870 remoretur,
1662 1830 1730 1862 lec-

1028 1878 1113 1920 tor‚)
1127 1885 1244 1912 monet
1266 1886 1303 1912 et
1325 1881 1463 1922 placata
1477 1884 1543 1917 est,
1558 1880 1732 1922 soliusque

1027 1929 1127 1961 Jovia
1152 1930 1297 1962 arbitrio
1326 1931 1487 1963 mittitur.
1536 1931 1729 1963 Secundam

1026 1978 1135 2010 mittit
1146 1980 1287 2020 Jupiter
1300 1981 1452 2022 quidem,
1466 1981 1526 2013 sed
1540 1991 1584 2014 ex
1597 1981 1730 2014 consilii

1027 2030 1222 2068 senteutia3
1259 2039 1336 2061 uam
1369 2031 1551 2062 duodecim
1582 2031 1731 2063 advocat

1026 2078 1138 2110 Deos:
1163 2088 1238 2119 quae
1259 2079 1420 2110 manubia
1444 2080 1596 2120 prodest,
1610 2086 1728 2113 utnon

1025 2129 1174 2170 impune.
1219 2129 1369 2161 Tertiam
1400 2129 1490 2162 idem
1520 2131 1642 2171 mittit,
1668 2131 1727 2163 sed

1025 2178 1186 2211 adhibitis
1203 2180 1237 2211 in
1255 2180 1432 2212 consilium
1455 2180 1543 2221 Diis,
1559 2190 1644 2222 quos
1665 2181 1727 2213 Su·

1025 2229 1177 2270 periotes
1215 2236 1357 2262 vocant:
1393 2234 1430 2263 et
1465 2230 1626 2263 manubia
1653 2231 1728 2263 haec

1025 2280 1127 2311 tertia
1153 2280 1305 2312 incendit
1331 2286 1367 2313 et
1395 2286 1519 2318 vastat,
1549 2285 1727 2323 mutatque

1022 2333 1149 2361 statum
1177 2330 1346 2370 privatum
1374 2336 1409 2363 et
1432 2330 1604 2372 publicum
1625 2340 1725 2373 quem

1021 2380 1178 2421 invenit,'
1192 2382 1255 2413 &c.

1065 2433 1086 2462 4
1107 2431 1237 2472 Urbem]
1263 2432 1415 2471 Romam,
1436 2431 1724 2472 antonomastice5

1023 2479 1157 2512 urbium
1174 2481 1309 2513 scilicet
1323 2483 1525 2523 principem.

1066 2533 1087 2563 6
1109 2530 1261 2562 Saecuzum
1288 2532 1442 2574 Pyrrhoe]
1481 2531 1654 2563 Diluvium
1680 2533 1725 2563 si-

1023 2582 1103 2614 mile
1125 2582 1380 2623 Deucalionaeo.
1419 2582 1602 2614 Eluviones
1626 2581 1724 2614 fuere

1025 2632 1148 2673 plures,
1170 2632 1318 2664 testibus
1341 2632 1464 2663 Euseb.
1491 2631 1632 2664 Hieron.
1661 2631 1725 2664 Isi-

1024 2682 1120 2723 doro,
1135 2687 1170 2713 et
1185 2682 1269 2713 aliis.
1315 2682 1391 2713 Una
1412 2683 1577 2714 mensium
1599 2691 1724 2714 novem

1023 2733 1086 2766 sub
1116 2733 1241 2775 Ogyge
1271 2733 1402 2775 prisco:
1451 2733 1560 2765 altera
1586 2732 1724 2764 Niliaca

1025 2785 1121 2817 unius
1137 2785 1260 2817 mensis
1282 2785 1345 2816 sub
1362 2784 1512 2816 Hercule
1526 2787 1562 2816 et
1582 2783 1720 2819 Prome-
