1916 3190
267 209 355 252 192

385 313 670 363 Demissum;
702 314 908 367 quamvis
930 315 1090 369 clypeo
1109 315 1303 369 Trojana
1323 314 1464 357 refixo

742 220 786 258 Q.
819 220 1028 250 HORATH
1065 221 1237 252 FLACCI

440 372 661 435 Tempora
679 385 884 431 testatus,
905 382 1013 423 nihil
1035 382 1152 423 ultra

383 447 559 490 Nervos
578 451 711 501 atque
733 452 877 489 cutem
899 448 1032 489 morti
1051 451 1331 490 concesserat
1350 454 1483 500 atrae3

438 515 468 558 J
473 514 602 557 udice
623 520 682 565 te,
703 528 793 556 non
813 515 1017 557 sordidus
1038 519 1191 557 auctor

269 642 411 671 tenetur:
433 649 608 680 quanquam
622 640 762 670 detracto
778 642 865 669 scuto
879 647 930 668 res
946 638 1097 677 Trojanas
1113 638 1309 679 testificatus,
1319 642 1435 678 proeter
1450 648 1558 671 nervos
1574 643 1605 671 et
1613 639 1739 680 pellem

269 682 363 721 nigro
377 683 437 714 leto
452 682 533 713 nihil
546 682 735 721 tradiderat,
747 684 778 712 te
793 680 925 720 arbitro,
947 689 1008 711 uon
1022 680 1170 719 ignobilis
1185 682 1274 712 testis
1287 684 1408 713 naturae
1422 685 1453 713 el
1467 682 1622 713 veritatis.
1662 682 1720 714 Ve-

882 764 999 776 eeeeee

1003 763 1120 776 oooooo

269 819 424 851 ,Μή-8
447 818 521 850 Alt.
539 821 569 850 1.
591 819 732 849 admotus
746 818 780 848 in
795 820 989 850 σαῖσι-12
1011 818 1156 850 Mentel.
1170 822 1206 849 et
1221 818 1323 850 Dess.
1337 821 1369 850 2.
1384 818 1431 850 m‘l
1444 819 1625 850 utrm—14
1641 818 1651 836 ‘
1663 819 1725 849 Ju-

269 862 338 894 dice
353 866 385 893 te
399 861 538 900 vulgata
553 861 700 892 omnium
716 860 799 891 libb.
816 860 932 896 lectio,
949 860 1009 892 sed
1036 870 1135 901 quam
1149 865 1346 901 corruptam
1373 870 1445 892 esse
1472 859 1575 892 facile
1597 859 1724 899 videat,

270 904 328 946 qui
344 903 485 944 cogitet,
502 902 690 942 Archytam
713 902 769 933 vix
795 912 892 942 posse
919 902 962 934 ad
988 906 1127 934 nautam
1148 902 1286 934 dicere:
1302 903 1410 941 judice
1432 906 1473 936 te.

1518 903 1619 934 Licet
1634 902 1723 933 enim

271 945 363 986 apud
381 946 517 986 vulgum
529 945 633 975 etiam
648 945 682 975 in
697 950 796 984 parte
810 943 960 975 inferiori
975 944 1087 976 Italiae
1103 953 1260 984 magnam
1271 943 1378 976 fuisse
1389 945 1505 976 dicant
1517 945 1724 986 Pythagorae

271 987 525 1025 auctoritatem,
537 986 621 1017 illud
638 990 751 1017 tamen
775 985 874 1016 valde
899 986 1069 1017 diversum
1095 990 1131 1017 et
1159 995 1267 1026 prope
1290 986 1445 1026 ineptum
1472 986 1581 1018 videri
1609 991 1727 1028 queat,

269 1029 515 1070 Philosophum
533 1028 577 1059 de
594 1028 802 1069 Pythagorae
819 1027 948 1067 schola,
961 1027 1043 1058 dum
1067 1028 1264 1068 magistrum
1289 1037 1385 1059 snum
1409 1029 1579 1060 extollere
1603 1033 1641 1060 et
1665 1027 1728 1059 im-

269 1071 479 1104 mortalitate
495 1070 634 1111 dignum
647 1070 827 1101 declarare
844 1070 931 1109 vult,
946 1070 1079 1101 laudem
1096 1070 1188 1101 illius
1205 1079 1244 1101 ac
1260 1070 1396 1110 merita,
1411 1079 1478 1102 non
1494 1070 1537 1102 ad
1549 1069 1726 1109 suum‚sed

271 1115 315 1146 ad
344 1113 495 1154 imperiti
520 1112 676 1151 hominis,
706 1117 836 1151 nautae,
857 1112 867 1129 ‘
882 1111 1075 1152 judiciuni'
1098 1121 1273 1144 revocare.

1328 1112 1429 1146 Quod
1458 1112 1544 1144 bene
1569 1111 1727 1144 videntes

271 1157 348 1188 VV.
367 1157 447 1187 DD.
464 1159 577 1186 uantae
591 1154 701 1185 adhuc
727 1155 802 1185 haec
831 1154 944 1185 omnia
971 1153 1205 1186 attribuerunt
1230 1164 1339 1196 usque
1363 1155 1406 1186 ad
1432 1164 1480 1186 vs.
1500 1157 1555 1187 20.
1577 1153 1638 1186 sed
1663 1154 1727 1185 hoc

271 1199 361 1230 male
375 1197 464 1238 fieri,
480 1206 588 1229 nexus
602 1197 849 1228 sententiarum
866 1196 980 1228 docet.

1025 1197 1151 1238 Itaque
1174 1197 1291 1237 Jadice
1305 1207 1353 1229 me
1374 1197 1464 1238 conj.
1485 1198 1548 1228 vir.
1562 1196 1656 1230 doet-
1671 1206 1727 1237 ap.

273 1241 422 1281 Cuning.
439 1244 509 1271 tam
526 1238 674 1271 feliciter
693 1243 730 1270 et
752 1239 1008 1278 convenienter,
1034 1243 1072 1270 ut
1097 1249 1165 1270 non
1190 1240 1359 1279 dubitem,
1372 1240 1454 1281 quin
1480 1239 1553 1272 haec
1577 1249 1657 1271 vera
1682 1239 1727 1271 sit

271 1283 389 1315 lectio.
427 1281 640 1314 Facillimum
655 1282 746 1312 euim
762 1286 849 1318 erat,
866 1281 1053 1320 permutari
1068 1285 1098 1312 te
1112 1287 1148 1313 et
1164 1291 1223 1317 me,
1238 1282 1391 1322 inprimis
1407 1282 1435 1314 si
1452 1282 1610 1314 librarius
1627 1286 1726 1322 puta-

273 1331 340 1366 ret,
357 1329 495 1357 nautam
512 1324 621 1355 adhuc
636 1323 742 1364 loqui.
784 1323 899 1355 «Iudice
919 1333 953 1355 se
974 1324 1065 1364 conj.
1082 1334 1139 1365 ap.
1165 1323 1284 1370 Jones.
1301 1324 1390 1366 quod
1415 1329 1496 1356 tunc
1521 1324 1564 1356 ad
1590 1328 1728 1356 antece·

929 1417 1071 1449 NOTAE

273 1491 350 1514 cum
372 1491 414 1513 eo
438 1482 566 1513 versari
595 1481 732 1513 solitum
755 1487 791 1513 et
818 1481 975 1523 colloqui.

274 1531 383 1564 Aiunt
393 1541 518 1573 nempe
528 1531 681 1563 Minciim
693 1541 823 1573 regem,
831 1531 975 1564 Creten·

273 1581 367 1614 sibus
388 1582 471 1613 dare
495 1582 588 1623 leges
609 1582 795 1621 volentem,
816 1582 851 1613 in
877 1586 975 1613 antro

273 1643 349 1665 sese
365 1632 573 1674 condidisse,
586 1633 643 1665 nbi
659 1643 696 1665 se
713 1643 790 1665 cum
801 1633 889 1667 Jove
905 1643 976 1665 ser-

272 1684 479 1715 mocinatum
494 1683 709 1724 praedicavit,
725 1688 828 1725 atque
844 1692 888 1715 ex
903 1684 975 1725 ejus

273 1732 416 1765 consilio
431 1737 559 1764 cuncta
579 1732 761 1764 statuisse:
787 1741 890 1773 porro
904 1732 976 1773 jus-

273 1783 361 1814 titiae
377 1781 470 1814 fama
484 1783 614 1814 clarum
631 1781 722 1824 apud
737 1780 872 1814 Inferos
882 1781 976 1823 judi-

274 1842 349 1864 cem
374 1843 395 1864 a
423 1833 575 1865 Plutone
603 1833 838 1865 constitutum.
884 1833 976 1865 Hinc

274 1891 343 1913 non
359 1882 417 1913 abs
434 1892 471 1914 re
495 1883 643 1914 credunt
659 1883 764 1924 aliqui
782 1892 844 1924 per
864 1883 977 1915 Jovem

273 1931 329 1962 hic
344 1931 529 1971 significari
545 1933 739 1973 Plutonem,
758 1933 817 1974 qui
839 1933 977 1974 quidem

275 1980 285 1997 ‘
301 1979 444 2020 Jupiter
469 1981 628 2022 Stygius'
645 1991 665 2012 a
679 1982 826 2022 Virgilio
852 1981 978 2023 dicitur

274 2030 409 2062 AEneid.
426 2039 478 2061 lv.
493 2033 569 2062 638.

319 2080 509 2121 Habentque
527 2081 661 2114 Tartara
680 2081 896 2122 Panthoiden]
925 2081 977 2111 Ex

275 2130 340 2162 hac
370 2130 475 2161 etiam
506 2129 576 2160 vita
604 2130 717 2171 denuo
747 2129 863 2165 cessit,
887 2129 977 2170 jam-

277 2188 345 2221 que
366 2179 400 2210 in
418 2178 541 2210 Inferis
563 2178 660 2218 degit
686 2177 977 2209 celebratissimus

276 2228 336 2260 ille
360 2227 665 2268 transmigrationis
688 2227 875 2258 animarum
897 2235 977 2258 auc-

278 2283 334 2310 tor
359 2278 587 2318 Pythagoras,
600 2277 657 2318 qui
681 2286 718 2308 se
742 2275 850 2307 fuisse
867 2276 978 2317 jacta·

278 2327 340 2359 bat
363 2326 584 2368 Euphorbum
603 2326 751 2358 Panthoi
766 2324 872 2357 filium
887 2325 976 2367 apud

278 2377 428 2418 Trojam,
458 2381 562 2419 atque
585 2387 605 2408 a
632 2376 792 2408 Menelao
817 2374 979 2407 interfec-

280 2432 353 2459 tum
368 2426 511 2458 subinde
526 2426 706 2466 revixisse,
716 2431 752 2457 et
763 2424 893 2457 factum
909 2425 979 2466 Py·

279 2477 478 2518 thagoram3
502 2476 605 2519 idque
630 2475 843 2508 intellexisse
868 2476 980 2516 agnito

281 2527 405 2568 clypeo
428 2536 526 2568 quem
545 2531 699 2568 gestarat
713 2527 792 2558 olim
808 2526 841 2557 in
863 2526 980 2567 Troja-

279 2587 325 2609 no
341 2578 431 2609 bello
443 2578 522 2609 dum
538 2577 739 2619 Euphorbus
755 2581 859 2609 esset.
904 2577 982 2618 cly-

282 2637 367 2669 peus
393 2634 507 2659 autem
533 2628 591 2660 ille
613 2633 772 2669 repertus
796 2627 831 2659 in
853 2627 980 2668 templo

283 2677 355 2709 sive
370 2676 540 2717 Apollinis
568 2679 658 2719 apud
682 2676 791 2710 Cariae
807 2677 982 2718 oppidum,

284 2727 356 2760 sive
369 2727 511 2761 Junonis
526 2728 618 2770 apud
639 2728 763 2770 Argos.
788 2728 886 2761 Prius
899 2727 981 2760 illud

1030 1480 1137 1513 refert
1160 1474 1308 1522 Diogen.
1323 1481 1436 1512 Laert.
1447 1479 1508 1512 lib.
1526 1489 1606 1512 vni.
1651 1480 1727 1512 Hoc

1030 1541 1112 1564 vero
1133 1532 1305 1572 posterius
1328 1531 1431 1564 Ovid.
1458 1531 1546 1562 Met.
1564 1539 1630 1563 xv.
1644 1531 1728 1562 Fab.

1029 1583 1060 1613 3.
1108 1582 1161 1612 Ex
1183 1581 1234 1613 his
1257 1581 1362 1614 habes
1387 1581 1563 1622 explicata
1584 1591 1661 1623 quae
1676 1591 1730 1613 se-

1030 1636 1190 1671 quuntur,
1203 1631 1318 1663 iterum
1334 1633 1417 1663 Orco
1427 1631 1602 1663 demissum.
1627 1631 1730 1671 Item,

1028 1681 1169 1721 quamvis
1182 1682 1286 1722 clypeo
1304 1680 1440 1721 Τνοίωω
1458 1681 1557 1724 refixo
1581 1681 1730 1722 Tempora

1028 1732 1170 1762 testatur.
1193 1730 1299 1762 Ovid.
1311 1731 1372 1762 cit.
1381 1741 1431 1762 vs.
1440 1733 1514 1762 158.
1527 1731 1577 1762 sic
1588 1730 1729 1772 loquen-

1028 1783 1099 1811 tem
1128 1779 1261 1812 inducit
1295 1780 1528 1822 Pythagoram
1543 1791 1552 1811 :
1587 1783 1597 1799 ⁸
1613 1780 1730 1813 Morte

1029 1834 1149 1861 carent
1165 1830 1299 1865 animae.
1314 1839 1534 1872 semperque,
1547 1829 1663 1872 priore
1677 1838 1733 1861 re-

1029 1880 1112 1912 licta
1127 1879 1231 1920 Sede,
1244 1880 1340 1912 novis
1356 1879 1515 1912 domibus
1530 1878 1653 1911 vivunt
1674 1878 1731 1911 ha-

1030 1928 1211 1971 bitantque
1236 1933 1399 1970 receptae.
1443 1929 1525 1970 Ipse
1549 1937 1613 1968 ego
1637 1929 1731 1970 (nam

1031 1978 1185 2019 memini)
1198 1980 1337 2020 Trojani
1359 1982 1514 2021 tempore
1537 1978 1618 2011 belli
1642 1979 1733 2010 Pan-

1033 2028 1166 2058 thoides
1192 2028 1396 2068 Euphorbus
1425 2038 1519 2060 eram
1533 2039 1542 2059 τ
1565 2029 1620 2060 cui
1651 2037 1734 2069 pec-

1032 2082 1107 2108 tore
1121 2077 1293 2118 quondam
1308 2078 1422 2109 Haeait
1435 2078 1471 2108 in
1495 2078 1640 2109 adverso
1654 2087 1731 2119 gra-

1032 2126 1081 2158 vis
1107 2126 1206 2157 hasta
1232 2125 1370 2157 minoris
1386 2125 1530 2158 Atridae.
1575 2127 1735 2168 Cognovi·

1032 2177 1188 2218 clypeum
1205 2176 1300 2207 laevae
1312 2175 1502 2217 gestamina
1516 2181 1643 2208 nostrae
1658 2177 1732 2208 Nu-

1032 2234 1096 2267 per
1110 2225 1275 2257 Abanteis
1293 2225 1420 2267 templo
1435 2225 1580 2258 Junonis
1604 2226 1639 2257 in
1665 2225 1731 2257 Ar-

1032 2275 1107 2318 gis!

1076 2328 1116 2357 12
1141 2325 1235 2357 Nihil
1255 2325 1339 2356 ultra
1355 2325 1488 2363 Nereos,
1503 2324 1575 2367 ξω]
1606 2323 1730 2357 Animo

1033 2386 1167 2418 semper
1204 2377 1334 2417 vivens,
1377 2385 1523 2417 corpore
1560 2376 1731 2408 duntaxat

1032 2432 1185 2459 mortuus
1203 2436 1270 2459 non
1297 2426 1412 2458 semel.
1454 2427 1513 2458 Sic
1536 2426 1731 2467 palingene-

1034 2477 1116 2510 siam
1137 2482 1172 2508 et
1199 2476 1506 2518 metempsychosin
1523 2475 1730 2517 Pythagorae

1034 2526 1189 2568 explodit
1219 2531 1335 2558 noster
1363 2525 1483 2558 Poeta.
1513 2524 1602 2556 Vide
1632 2524 1731 2556 Pers.

1035 2577 1106 2608 Sat.
1118 2585 1167 2608 vr.
1180 2577 1231 2607 11.
1242 2575 1298 2607 ubi
1313 2579 1349 2607 et
1359 2573 1521 2606 annotavi
1531 2583 1599 2605 non
1611 2582 1733 2616 pauca.

1036 2626 1107 2659 Cic.
1124 2635 1149 2658 r.
1162 2625 1205 2658 de
1221 2625 1303 2658 Nat.
1319 2625 1427 2657 Deor.
1446 2623 1525 2656 Val.
1540 2624 1636 2658 Max.
1649 2631 1733 2657 vm.

1034 2680 1064 2711 7.
1079 2680 1144 2710 διο.

1601 285 1749 345 ame
1767 267 1847 341 ff
