<?xml version="1.0" encoding="UTF-8"?>
<!DOCTYPE html PUBLIC "-//W3C//DTD XHTML 1.0 Transitional//EN"
    "http://www.w3.org/TR/xhtml1/DTD/xhtml1-transitional.dtd">
<html xmlns="http://www.w3.org/1999/xhtml" xml:lang="en" lang="en">
 <head>
  <title>
</title>
<meta http-equiv="Content-Type" content="text/html;charset=utf-8" />
  <meta name='ocr-system' content='tesseract 3.04.00' />
  <meta name='ocr-capabilities' content='ocr_page ocr_carea ocr_par ocr_line ocrx_word'/>
</head>
<body>
  <div class='ocr_page' id='page_1' title='image "./operazeune01horauoft_0165.png"; bbox 0 0 1916 3190; ppageno 0'>
   <div class='ocr_carea' id='block_1_1' title="bbox 610 239 1173 282">
    <p class='ocr_par' dir='ltr' id='par_1_1' title="bbox 610 239 1173 282">
     <span class='ocr_line' id='line_1_1' title="bbox 610 239 1173 282; baseline -0.005 0"><span class='ocrx_word' id='word_1_1' title='bbox 610 250 882 282; x_wconf 57' lang='lat' dir='ltr'><strong>caninum!</strong></span> <span class='ocrx_word' id='word_1_2' title='bbox 917 249 1012 282; x_wconf 71' lang='lat' dir='ltr'><strong>nm.</strong></span> <span class='ocrx_word' id='word_1_3' title='bbox 1045 249 1074 281; x_wconf 79' lang='grc' dir='ltr'><strong>ι.</strong></span> <span class='ocrx_word' id='word_1_4' title='bbox 1104 239 1173 280; x_wconf 90' lang='grc'><strong>19.</strong></span> 
     </span>
    </p>
   </div>
   <div class='ocr_carea' id='block_1_2' title="bbox 1532 238 1616 280">
    <p class='ocr_par' dir='ltr' id='par_1_2' title="bbox 1532 238 1616 280">
     <span class='ocr_line' id='line_1_2' title="bbox 1532 238 1616 280; baseline 0.012 -1"><span class='ocrx_word' id='word_1_5' title='bbox 1532 238 1616 280; x_wconf 78' lang='lat'><strong>157</strong></span> 
     </span>
    </p>
   </div>
   <div class='ocr_carea' id='block_1_3' title="bbox 348 344 1218 465">
    <p class='ocr_par' dir='ltr' id='par_1_3' title="bbox 348 344 1218 465">
     <span class='ocr_line' id='line_1_3' title="bbox 348 344 1065 399; baseline -0.003 -12"><span class='ocrx_word' id='word_1_6' title='bbox 348 346 440 388; x_wconf 88' lang='lat' dir='ltr'><strong>Hic</strong></span> <span class='ocrx_word' id='word_1_7' title='bbox 459 345 608 387; x_wconf 83' lang='lat' dir='ltr'><strong>vivum</strong></span> <span class='ocrx_word' id='word_1_8' title='bbox 629 344 734 386; x_wconf 89' lang='lat' dir='ltr'><strong>mibi</strong></span> <span class='ocrx_word' id='word_1_9' title='bbox 754 345 979 399; x_wconf 83' lang='lat' dir='ltr'>cespitem,</span> <span class='ocrx_word' id='word_1_10' title='bbox 994 344 1065 386; x_wconf 89' lang='lat' dir='ltr'><strong>bic</strong></span> 
     </span>
     <span class='ocr_line' id='line_1_4' title="bbox 398 411 1218 465; baseline -0.004 -11"><span class='ocrx_word' id='word_1_11' title='bbox 398 412 642 461; x_wconf 85' lang='lat' dir='ltr'><strong>Verbenas,</strong></span> <span class='ocrx_word' id='word_1_12' title='bbox 662 411 798 465; x_wconf 86' lang='lat' dir='ltr'><strong>pueri,</strong></span> <span class='ocrx_word' id='word_1_13' title='bbox 817 411 984 465; x_wconf 86' lang='lat' dir='ltr'><strong>ponite,</strong></span> <span class='ocrx_word' id='word_1_14' title='bbox 1004 411 1218 464; x_wconf 78' lang='lat' dir='ltr'><strong>thuraque</strong></span> 
     </span>
    </p>
   </div>
   <div class='ocr_carea' id='block_1_4' title="bbox 173 533 1618 654">
    <p class='ocr_par' dir='ltr' id='par_1_4' title="bbox 173 533 1618 654">
     <span class='ocr_line' id='line_1_5' title="bbox 173 533 1618 579; baseline -0.001 -12"><span class='ocrx_word' id='word_1_15' title='bbox 173 535 215 567; x_wconf 76' lang='lat' dir='ltr'><strong>&#39;ad</strong></span> <span class='ocrx_word' id='word_1_16' title='bbox 229 535 420 578; x_wconf 61' lang='lat' dir='ltr'><strong>ipunaikil</strong></span> <span class='ocrx_word' id='word_1_17' title='bbox 432 540 584 579; x_wconf 70' lang='lat' dir='ltr'><strong>spectant.</strong></span> <span class='ocrx_word' id='word_1_18' title='bbox 630 537 796 576; x_wconf 64' lang='lat' dir='ltr'><strong>Osci-ali,</strong></span> <span class='ocrx_word' id='word_1_19' title='bbox 809 537 883 568; x_wconf 69' lang='lat' dir='ltr'><strong>istic</strong></span> <span class='ocrx_word' id='word_1_20' title='bbox 896 536 1042 576; x_wconf 70' lang='lat' dir='ltr'><strong>cespite»-</strong></span> <span class='ocrx_word' id='word_1_21' title='bbox 1054 535 1217 575; x_wconf 62' lang='lat' dir='ltr'><strong>viseum,</strong></span> <span class='ocrx_word' id='word_1_22' title='bbox 1231 534 1305 566; x_wconf 73' lang='lat' dir='ltr'><strong>istie</strong></span> <span class='ocrx_word' id='word_1_23' title='bbox 1316 533 1460 566; x_wconf 68' lang='lat' dir='ltr'><strong>verbenas</strong></span> <span class='ocrx_word' id='word_1_24' title='bbox 1474 537 1505 566; x_wconf 74' lang='lat' dir='ltr'><strong>et</strong></span> <span class='ocrx_word' id='word_1_25' title='bbox 1526 534 1618 565; x_wconf 73' lang='lat' dir='ltr'><strong>thara</strong></span> 
     </span>
     <span class='ocr_line' id='line_1_6' title="bbox 821 620 965 654; baseline 0 0"><span class='ocrx_word' id='word_1_26' title='bbox 821 620 965 654; x_wconf 73' lang='lat' dir='ltr'><strong>Nom-2</strong></span> 
     </span>
    </p>
   </div>
   <div class='ocr_carea' id='block_1_5' title="bbox 161 683 868 2806">
    <p class='ocr_par' dir='ltr' id='par_1_5' title="bbox 166 683 868 2699">
     <span class='ocr_line' id='line_1_7' title="bbox 172 683 866 727; baseline -0.004 -9"><span class='ocrx_word' id='word_1_27' title='bbox 172 683 386 718; x_wconf 83' lang='lat' dir='ltr'><strong>currentibus</strong></span> <span class='ocrx_word' id='word_1_28' title='bbox 410 685 521 727; x_wconf 84' lang='lat' dir='ltr'><strong>equis,</strong></span> <span class='ocrx_word' id='word_1_29' title='bbox 549 690 609 717; x_wconf 87' lang='lat' dir='ltr'><strong>snt</strong></span> <span class='ocrx_word' id='word_1_30' title='bbox 634 689 735 726; x_wconf 73' lang='lat' dir='ltr'><strong>terga</strong></span> <span class='ocrx_word' id='word_1_31' title='bbox 754 683 866 716; x_wconf 85' lang='lat' dir='ltr'><strong>danti·</strong></span> 
     </span>
     <span class='ocr_line' id='line_1_8' title="bbox 171 733 866 777; baseline 0 -11"><span class='ocrx_word' id='word_1_32' title='bbox 171 734 247 767; x_wconf 86' lang='lat' dir='ltr'><strong>bns.</strong></span> <span class='ocrx_word' id='word_1_33' title='bbox 276 733 377 777; x_wconf 69' lang='lat' dir='ltr'><strong>Soepe</strong></span> <span class='ocrx_word' id='word_1_34' title='bbox 391 735 495 767; x_wconf 83' lang='lat' dir='ltr'><strong>etiam</strong></span> <span class='ocrx_word' id='word_1_35' title='bbox 510 733 626 776; x_wconf 69' lang='lat' dir='ltr'><strong>fugam</strong></span> <span class='ocrx_word' id='word_1_36' title='bbox 639 734 812 773; x_wconf 83' lang='lat' dir='ltr'><strong>simulant,</strong></span> <span class='ocrx_word' id='word_1_37' title='bbox 826 739 866 766; x_wconf 92' lang='lat' dir='ltr'><strong>ut</strong></span> 
     </span>
     <span class='ocr_line' id='line_1_9' title="bbox 170 782 865 817; baseline 0 -1"><span class='ocrx_word' id='word_1_38' title='bbox 170 782 380 817; x_wconf 85' lang='lat' dir='ltr'><strong>ineantiores</strong></span> <span class='ocrx_word' id='word_1_39' title='bbox 406 784 584 817; x_wconf 82' lang='lat' dir='ltr'><strong>adversum</strong></span> <span class='ocrx_word' id='word_1_40' title='bbox 613 785 754 817; x_wconf 87' lang='lat' dir='ltr'><strong>vulnera</strong></span> <span class='ocrx_word' id='word_1_41' title='bbox 777 784 865 816; x_wconf 89' lang='lat' dir='ltr'><strong>inse·</strong></span> 
     </span>
     <span class='ocr_line' id='line_1_10' title="bbox 170 833 867 876; baseline 0.001 -11"><span class='ocrx_word' id='word_1_42' title='bbox 170 838 316 876; x_wconf 74' lang='lat' dir='ltr'><strong>quantes</strong></span> <span class='ocrx_word' id='word_1_43' title='bbox 349 833 496 866; x_wconf 86' lang='lat' dir='ltr'><strong>habeant</strong></span> <span class='ocrx_word' id='word_1_44' title='bbox 499 855 633 867; x_wconf 88' lang='grc'><strong>......</strong></span> <span class='ocrx_word' id='word_1_45' title='bbox 657 834 867 867; x_wconf 86' lang='lat' dir='ltr'><strong>Intolerandi</strong></span> 
     </span>
     <span class='ocr_line' id='line_1_11' title="bbox 170 881 867 925; baseline 0.003 -11"><span class='ocrx_word' id='word_1_46' title='bbox 170 881 299 919; x_wconf 77' lang='lat' dir='ltr'><strong>forent,</strong></span> <span class='ocrx_word' id='word_1_47' title='bbox 309 883 350 923; x_wconf 81' lang='lat' dir='ltr'><strong>si,</strong></span> <span class='ocrx_word' id='word_1_48' title='bbox 361 887 504 925; x_wconf 81' lang='lat' dir='ltr'><strong>quantus</strong></span> <span class='ocrx_word' id='word_1_49' title='bbox 514 883 566 916; x_wconf 89' lang='lat' dir='ltr'><strong>bis</strong></span> <span class='ocrx_word' id='word_1_50' title='bbox 582 883 730 925; x_wconf 90' lang='lat' dir='ltr'><strong>impetus</strong></span> <span class='ocrx_word' id='word_1_51' title='bbox 741 884 867 924; x_wconf 83' lang='lat' dir='ltr'><strong>est,vis</strong></span> 
     </span>
     <span class='ocr_line' id='line_1_12' title="bbox 169 933 867 974; baseline 0.003 -9"><span class='ocrx_word' id='word_1_52' title='bbox 169 935 266 965; x_wconf 72' lang='lat' dir='ltr'><strong>tanta</strong></span> <span class='ocrx_word' id='word_1_53' title='bbox 277 936 314 965; x_wconf 85' lang='lat' dir='ltr'><strong>et</strong></span> <span class='ocrx_word' id='word_1_54' title='bbox 323 933 577 974; x_wconf 83' lang='lat' dir='ltr'><strong>perseverantia</strong></span> <span class='ocrx_word' id='word_1_55' title='bbox 585 939 687 966; x_wconf 85' lang='lat' dir='ltr'><strong>esset.</strong></span> <span class='ocrx_word' id='word_1_56' title='bbox 711 934 867 968; x_wconf 86' lang='lat' dir='ltr'><strong>Plerum-</strong></span> 
     </span>
     <span class='ocr_line' id='line_1_13' title="bbox 169 982 868 1025; baseline 0.004 -12"><span class='ocrx_word' id='word_1_57' title='bbox 169 991 235 1024; x_wconf 81' lang='lat' dir='ltr'><strong>que</strong></span> <span class='ocrx_word' id='word_1_58' title='bbox 250 982 286 1014; x_wconf 90' lang='lat' dir='ltr'><strong>in</strong></span> <span class='ocrx_word' id='word_1_59' title='bbox 300 983 375 1023; x_wconf 89' lang='lat' dir='ltr'><strong>ipso</strong></span> <span class='ocrx_word' id='word_1_60' title='bbox 389 982 510 1015; x_wconf 86' lang='lat' dir='ltr'><strong>ardore</strong></span> <span class='ocrx_word' id='word_1_61' title='bbox 533 984 728 1016; x_wconf 72' lang='lat' dir='ltr'><strong>certaminis</strong></span> <span class='ocrx_word' id='word_1_62' title='bbox 747 984 868 1025; x_wconf 68' lang='lat' dir='ltr'><strong>prelia</strong></span> 
     </span>
     <span class='ocr_line' id='line_1_14' title="bbox 171 1030 865 1074; baseline 0.001 -11"><span class='ocrx_word' id='word_1_63' title='bbox 171 1030 347 1072; x_wconf 85' lang='lat' dir='ltr'><strong>deserunt,</strong></span> <span class='ocrx_word' id='word_1_64' title='bbox 368 1042 409 1064; x_wconf 86' lang='lat' dir='ltr'><strong>ae</strong></span> <span class='ocrx_word' id='word_1_65' title='bbox 433 1033 534 1074; x_wconf 88' lang='lat' dir='ltr'><strong>paulo</strong></span> <span class='ocrx_word' id='word_1_66' title='bbox 555 1037 634 1074; x_wconf 87' lang='lat' dir='ltr'><strong>post</strong></span> <span class='ocrx_word' id='word_1_67' title='bbox 655 1043 802 1074; x_wconf 80' lang='lat' dir='ltr'><strong>pugnam</strong></span> <span class='ocrx_word' id='word_1_68' title='bbox 822 1043 865 1064; x_wconf 82' lang='lat' dir='ltr'><strong>ex</strong></span> 
     </span>
     <span class='ocr_line' id='line_1_15' title="bbox 170 1079 865 1122; baseline 0.001 -10"><span class='ocrx_word' id='word_1_69' title='bbox 170 1079 254 1122; x_wconf 72' lang='lat' dir='ltr'><strong>fuga</strong></span> <span class='ocrx_word' id='word_1_70' title='bbox 268 1087 447 1122; x_wconf 85' lang='lat' dir='ltr'><strong>repetunt;</strong></span> <span class='ocrx_word' id='word_1_71' title='bbox 463 1088 513 1118; x_wconf 91' lang='lat' dir='ltr'><strong>ut,</strong></span> <span class='ocrx_word' id='word_1_72' title='bbox 529 1092 606 1114; x_wconf 88' lang='lat' dir='ltr'><strong>cum</strong></span> <span class='ocrx_word' id='word_1_73' title='bbox 621 1083 767 1114; x_wconf 82' lang='lat' dir='ltr'>maxime</span> <span class='ocrx_word' id='word_1_74' title='bbox 783 1082 865 1113; x_wconf 79' lang='lat' dir='ltr'><strong>vicis</strong></span> 
     </span>
     <span class='ocr_line' id='line_1_16' title="bbox 171 1131 866 1172; baseline 0.003 -11"><span class='ocrx_word' id='word_1_75' title='bbox 171 1139 209 1162; x_wconf 86' lang='lat' dir='ltr'><strong>se</strong></span> <span class='ocrx_word' id='word_1_76' title='bbox 222 1135 256 1162; x_wconf 86' lang='lat' dir='ltr'><strong>te</strong></span> <span class='ocrx_word' id='word_1_77' title='bbox 271 1137 386 1172; x_wconf 83' lang='lat' dir='ltr'><strong>putes,</strong></span> <span class='ocrx_word' id='word_1_78' title='bbox 399 1136 479 1163; x_wconf 87' lang='lat' dir='ltr'><strong>tunc</strong></span> <span class='ocrx_word' id='word_1_79' title='bbox 495 1131 557 1163; x_wconf 89' lang='lat' dir='ltr'><strong>tibi</strong></span> <span class='ocrx_word' id='word_1_80' title='bbox 573 1131 754 1164; x_wconf 72' lang='lat' dir='ltr'>discrimen</span> <span class='ocrx_word' id='word_1_81' title='bbox 767 1132 866 1163; x_wconf 89' lang='lat' dir='ltr'><strong>sube-</strong></span> 
     </span>
     <span class='ocr_line' id='line_1_17' title="bbox 171 1179 867 1222; baseline 0.001 -11"><span class='ocrx_word' id='word_1_82' title='bbox 171 1179 297 1212; x_wconf 87' lang='lat' dir='ltr'><strong>undum</strong></span> <span class='ocrx_word' id='word_1_83' title='bbox 310 1181 376 1212; x_wconf 85' lang='lat' dir='ltr'><strong>sit.’</strong></span> <span class='ocrx_word' id='word_1_84' title='bbox 396 1181 491 1222; x_wconf 77' lang='lat' dir='ltr'><strong>Ergo</strong></span> <span class='ocrx_word' id='word_1_85' title='bbox 503 1190 570 1213; x_wconf 91' lang='lat' dir='ltr'><strong>non</strong></span> <span class='ocrx_word' id='word_1_86' title='bbox 581 1181 639 1212; x_wconf 89' lang='lat' dir='ltr'><strong>abs</strong></span> <span class='ocrx_word' id='word_1_87' title='bbox 651 1189 688 1212; x_wconf 87' lang='lat' dir='ltr'><strong>re</strong></span> <span class='ocrx_word' id='word_1_88' title='bbox 703 1181 867 1213; x_wconf 87' lang='lat' dir='ltr'><strong>Horatius</strong></span> 
     </span>
     <span class='ocr_line' id='line_1_18' title="bbox 172 1229 866 1262; baseline 0.003 -2"><span class='ocrx_word' id='word_1_89' title='bbox 172 1229 329 1261; x_wconf 60' lang='lat' dir='ltr'><strong>Parakan</strong></span> <span class='ocrx_word' id='word_1_90' title='bbox 342 1229 429 1261; x_wconf 80' lang='lat' dir='ltr'><strong>dicit</strong></span> <span class='ocrx_word' id='word_1_91' title='bbox 442 1229 635 1261; x_wconf 57' lang='lat' dir='ltr'><strong>ubuum.-</strong></span> <span class='ocrx_word' id='word_1_92' title='bbox 655 1229 743 1261; x_wconf 89' lang='lat' dir='ltr'><strong>adeo</strong></span> <span class='ocrx_word' id='word_1_93' title='bbox 759 1230 866 1262; x_wconf 86' lang='lat' dir='ltr'><strong>virtus</strong></span> 
     </span>
     <span class='ocr_line' id='line_1_19' title="bbox 171 1278 866 1312; baseline 0.003 -2"><span class='ocrx_word' id='word_1_94' title='bbox 171 1278 275 1310; x_wconf 89' lang='lat' dir='ltr'><strong>etiam</strong></span> <span class='ocrx_word' id='word_1_95' title='bbox 298 1279 332 1310; x_wconf 89' lang='lat' dir='ltr'><strong>in</strong></span> <span class='ocrx_word' id='word_1_96' title='bbox 354 1279 451 1310; x_wconf 75' lang='lat' dir='ltr'><strong>hoste</strong></span> <span class='ocrx_word' id='word_1_97' title='bbox 476 1278 648 1310; x_wconf 84' lang='lat' dir='ltr'><strong>landatur.</strong></span> <span class='ocrx_word' id='word_1_98' title='bbox 682 1279 773 1311; x_wconf 84' lang='lat' dir='ltr'><strong>Nam</strong></span> <span class='ocrx_word' id='word_1_99' title='bbox 797 1279 866 1312; x_wconf 80' lang='lat' dir='ltr'><strong>Ro·</strong></span> 
     </span>
     <span class='ocr_line' id='line_1_20' title="bbox 170 1326 866 1369; baseline 0.001 -10"><span class='ocrx_word' id='word_1_100' title='bbox 170 1327 279 1360; x_wconf 85' lang='lat' dir='ltr'><strong>mania</strong></span> <span class='ocrx_word' id='word_1_101' title='bbox 308 1327 430 1360; x_wconf 84' lang='lat' dir='ltr'><strong>Parthi</strong></span> <span class='ocrx_word' id='word_1_102' title='bbox 462 1326 697 1360; x_wconf 65' lang='lat' dir='ltr'><strong>formidabiles</strong></span> <span class='ocrx_word' id='word_1_103' title='bbox 731 1337 866 1369; x_wconf 86' lang='lat' dir='ltr'><strong>semper</strong></span> 
     </span>
     <span class='ocr_line' id='line_1_21' title="bbox 168 1376 865 1418; baseline 0.003 -10"><span class='ocrx_word' id='word_1_104' title='bbox 168 1376 279 1416; x_wconf 74' lang='lat' dir='ltr'><strong>fuere,</strong></span> <span class='ocrx_word' id='word_1_105' title='bbox 292 1377 356 1409; x_wconf 87' lang='lat' dir='ltr'><strong>snb</strong></span> <span class='ocrx_word' id='word_1_106' title='bbox 374 1376 576 1409; x_wconf 79' lang='lat' dir='ltr'><strong>Mithridate</strong></span> <span class='ocrx_word' id='word_1_107' title='bbox 588 1377 779 1418; x_wconf 78' lang='lat' dir='ltr'><strong>praesertim</strong></span> <span class='ocrx_word' id='word_1_108' title='bbox 795 1378 865 1413; x_wconf 90' lang='lat' dir='ltr'><strong>illo,</strong></span> 
     </span>
     <span class='ocr_line' id='line_1_22' title="bbox 168 1427 865 1469; baseline 0.001 -10"><span class='ocrx_word' id='word_1_109' title='bbox 168 1427 181 1444; x_wconf 86' lang='lat'><em>‘</em></span> <span class='ocrx_word' id='word_1_110' title='bbox 194 1427 251 1459; x_wconf 86' lang='lat' dir='ltr'><strong>eni</strong></span> <span class='ocrx_word' id='word_1_111' title='bbox 266 1436 321 1459; x_wconf 84' lang='lat' dir='ltr'><strong>res</strong></span> <span class='ocrx_word' id='word_1_112' title='bbox 335 1432 442 1469; x_wconf 61' lang='lat' dir='ltr'><strong>gestas</strong></span> <span class='ocrx_word' id='word_1_113' title='bbox 464 1427 584 1469; x_wconf 74' lang='lat' dir='ltr'><strong>Magni</strong></span> <span class='ocrx_word' id='word_1_114' title='bbox 604 1437 791 1469; x_wconf 76' lang='lat' dir='ltr'>cognomen</span> <span class='ocrx_word' id='word_1_115' title='bbox 805 1428 865 1461; x_wconf 87' lang='lat' dir='ltr'><strong>de-</strong></span> 
     </span>
     <span class='ocr_line' id='line_1_23' title="bbox 169 1475 864 1516; baseline 0.001 -7"><span class='ocrx_word' id='word_1_116' title='bbox 169 1475 276 1516; x_wconf 81' lang='lat' dir='ltr'><strong>dere,&#39;</strong></span> <span class='ocrx_word' id='word_1_117' title='bbox 292 1482 331 1509; x_wconf 89' lang='lat' dir='ltr'><strong>ut</strong></span> <span class='ocrx_word' id='word_1_118' title='bbox 346 1478 394 1509; x_wconf 89' lang='lat' dir='ltr'><strong>ait</strong></span> <span class='ocrx_word' id='word_1_119' title='bbox 407 1477 534 1510; x_wconf 84' lang='lat' dir='ltr'><strong>Justin.</strong></span> <span class='ocrx_word' id='word_1_120' title='bbox 559 1476 619 1510; x_wconf 90' lang='lat' dir='ltr'><strong>lib.</strong></span> <span class='ocrx_word' id='word_1_121' title='bbox 647 1486 737 1509; x_wconf 75' lang='lat' dir='ltr'><strong>nn.</strong></span> <span class='ocrx_word' id='word_1_122' title='bbox 762 1477 864 1510; x_wconf 88' lang='lat' dir='ltr'><strong>immo</strong></span> 
     </span>
     <span class='ocr_line' id='line_1_24' title="bbox 169 1526 865 1569; baseline 0.001 -10"><span class='ocrx_word' id='word_1_123' title='bbox 169 1537 264 1569; x_wconf 78' lang='lat' dir='ltr'><strong>saepe</strong></span> <span class='ocrx_word' id='word_1_124' title='bbox 277 1527 410 1560; x_wconf 88' lang='lat' dir='ltr'><strong>illorum</strong></span> <span class='ocrx_word' id='word_1_125' title='bbox 431 1526 595 1560; x_wconf 83' lang='lat' dir='ltr'><strong>fuderunt</strong></span> <span class='ocrx_word' id='word_1_126' title='bbox 609 1528 779 1560; x_wconf 87' lang='lat' dir='ltr'><strong>exercitus</strong></span> <span class='ocrx_word' id='word_1_127' title='bbox 794 1529 865 1560; x_wconf 85' lang='lat' dir='ltr'><strong>Du-</strong></span> 
     </span>
     <span class='ocr_line' id='line_1_25' title="bbox 168 1577 865 1620; baseline 0 -10"><span class='ocrx_word' id='word_1_128' title='bbox 168 1586 307 1620; x_wconf 76' lang='lat' dir='ltr'><strong>eesqne.</strong></span> <span class='ocrx_word' id='word_1_129' title='bbox 327 1577 456 1611; x_wconf 84' lang='lat' dir='ltr'><strong>Justiu.</strong></span> <span class='ocrx_word' id='word_1_130' title='bbox 468 1578 527 1610; x_wconf 86' lang='lat' dir='ltr'><strong>lib.</strong></span> <span class='ocrx_word' id='word_1_131' title='bbox 542 1586 619 1610; x_wconf 77' lang='lat' dir='ltr'><strong>ni.</strong></span> <span class='ocrx_word' id='word_1_132' title='bbox 631 1578 706 1610; x_wconf 85' lang='lat' dir='ltr'><strong>init.</strong></span> <span class='ocrx_word' id='word_1_133' title='bbox 730 1582 739 1596; x_wconf 89' lang='grc'>·</span> <span class='ocrx_word' id='word_1_134' title='bbox 755 1578 787 1610; x_wconf 87' lang='grc' dir='ltr'><strong>Α</strong></span> <span class='ocrx_word' id='word_1_135' title='bbox 798 1579 865 1610; x_wconf 86' lang='lat' dir='ltr'><strong>Ro·</strong></span> 
     </span>
     <span class='ocr_line' id='line_1_26' title="bbox 167 1626 867 1669; baseline -0.001 -10"><span class='ocrx_word' id='word_1_136' title='bbox 167 1626 276 1659; x_wconf 84' lang='lat' dir='ltr'><strong>mania</strong></span> <span class='ocrx_word' id='word_1_137' title='bbox 289 1637 423 1669; x_wconf 80' lang='lat' dir='ltr'><strong>quoqne</strong></span> <span class='ocrx_word' id='word_1_138' title='bbox 439 1627 537 1660; x_wconf 86' lang='lat' dir='ltr'><strong>trinis</strong></span> <span class='ocrx_word' id='word_1_139' title='bbox 559 1627 657 1659; x_wconf 89' lang='lat' dir='ltr'><strong>bellis</strong></span> <span class='ocrx_word' id='word_1_140' title='bbox 679 1637 741 1669; x_wconf 91' lang='lat' dir='ltr'><strong>per</strong></span> <span class='ocrx_word' id='word_1_141' title='bbox 760 1628 867 1659; x_wconf 82' lang='lat' dir='ltr'><strong>maxi·</strong></span> 
     </span>
     <span class='ocr_line' id='line_1_27' title="bbox 168 1675 865 1718; baseline 0.001 -10"><span class='ocrx_word' id='word_1_142' title='bbox 168 1685 242 1708; x_wconf 81' lang='lat' dir='ltr'><strong>mos</strong></span> <span class='ocrx_word' id='word_1_143' title='bbox 257 1677 372 1709; x_wconf 86' lang='lat' dir='ltr'><strong>Dnees</strong></span> <span class='ocrx_word' id='word_1_144' title='bbox 385 1675 631 1709; x_wconf 82' lang='lat' dir='ltr'><strong>florentissimis</strong></span> <span class='ocrx_word' id='word_1_145' title='bbox 655 1678 865 1718; x_wconf 76' lang='lat' dir='ltr'><strong>temporibus</strong></span> 
     </span>
     <span class='ocr_line' id='line_1_28' title="bbox 170 1725 864 1767; baseline -0.001 -9"><span class='ocrx_word' id='word_1_146' title='bbox 170 1725 333 1767; x_wconf 70' lang='lat' dir='ltr'><strong>lacessiti,</strong></span> <span class='ocrx_word' id='word_1_147' title='bbox 361 1728 425 1758; x_wconf 89' lang='lat' dir='ltr'><strong>soli</strong></span> <span class='ocrx_word' id='word_1_148' title='bbox 450 1737 493 1758; x_wconf 83' lang='lat' dir='ltr'><strong>ex</strong></span> <span class='ocrx_word' id='word_1_149' title='bbox 521 1727 676 1759; x_wconf 88' lang='lat' dir='ltr'><strong>omuibus</strong></span> <span class='ocrx_word' id='word_1_150' title='bbox 706 1727 864 1767; x_wconf 80' lang='lat' dir='ltr'><strong>gentibus</strong></span> 
     </span>
     <span class='ocr_line' id='line_1_29' title="bbox 169 1775 865 1816; baseline 0.001 -11"><span class='ocrx_word' id='word_1_151' title='bbox 169 1783 237 1806; x_wconf 86' lang='lat' dir='ltr'><strong>nou</strong></span> <span class='ocrx_word' id='word_1_152' title='bbox 259 1785 359 1816; x_wconf 86' lang='lat' dir='ltr'><strong>pares</strong></span> <span class='ocrx_word' id='word_1_153' title='bbox 382 1776 502 1814; x_wconf 81' lang='lat' dir='ltr'><strong>sotum,</strong></span> <span class='ocrx_word' id='word_1_154' title='bbox 525 1785 640 1807; x_wconf 85' lang='lat' dir='ltr'><strong>verum</strong></span> <span class='ocrx_word' id='word_1_155' title='bbox 666 1775 769 1807; x_wconf 89' lang='lat' dir='ltr'><strong>etiam</strong></span> <span class='ocrx_word' id='word_1_156' title='bbox 797 1776 865 1806; x_wconf 85' lang='lat' dir='ltr'><strong>vic-</strong></span> 
     </span>
     <span class='ocr_line' id='line_1_30' title="bbox 171 1822 865 1856; baseline 0.003 -2"><span class='ocrx_word' id='word_1_157' title='bbox 171 1827 266 1854; x_wconf 81' lang='lat' dir='ltr'><strong>tores</strong></span> <span class='ocrx_word' id='word_1_158' title='bbox 280 1822 401 1855; x_wconf 65' lang='lat' dir='ltr'><strong>fuere!</strong></span> <span class='ocrx_word' id='word_1_159' title='bbox 433 1824 584 1855; x_wconf 83' lang='lat' dir='ltr'><strong>Tandem</strong></span> <span class='ocrx_word' id='word_1_160' title='bbox 606 1824 654 1855; x_wconf 86' lang='lat' dir='ltr'><strong>illi</strong></span> <span class='ocrx_word' id='word_1_161' title='bbox 670 1830 783 1855; x_wconf 89' lang='lat' dir='ltr'><strong>tamen</strong></span> <span class='ocrx_word' id='word_1_162' title='bbox 794 1824 865 1856; x_wconf 87' lang='lat' dir='ltr'><strong>Au·</strong></span> 
     </span>
     <span class='ocr_line' id='line_1_31' title="bbox 170 1870 866 1915; baseline 0 -12"><span class='ocrx_word' id='word_1_163' title='bbox 170 1872 266 1913; x_wconf 73' lang='lat' dir='ltr'><strong>gusti</strong></span> <span class='ocrx_word' id='word_1_164' title='bbox 278 1870 367 1903; x_wconf 84' lang='lat' dir='ltr'><strong>fama</strong></span> <span class='ocrx_word' id='word_1_165' title='bbox 382 1872 543 1913; x_wconf 86' lang='lat' dir='ltr'><strong>perculsi,</strong></span> <span class='ocrx_word' id='word_1_166' title='bbox 559 1872 633 1913; x_wconf 88' lang='lat' dir='ltr'><strong>ejus</strong></span> <span class='ocrx_word' id='word_1_167' title='bbox 653 1881 747 1915; x_wconf 73' lang='lat' dir='ltr'><strong>arma⁸</strong></span> <span class='ocrx_word' id='word_1_168' title='bbox 759 1873 866 1913; x_wconf 86' lang='lat' dir='ltr'><strong>perti·</strong></span> 
     </span>
     <span class='ocr_line' id='line_1_32' title="bbox 170 1924 865 1965; baseline 0 -10"><span class='ocrx_word' id='word_1_169' title='bbox 170 1928 374 1962; x_wconf 63' lang='lat' dir='ltr'><strong>macutes,</strong></span> <span class='ocrx_word' id='word_1_170' title='bbox 392 1924 547 1965; x_wconf 82' lang='lat' dir='ltr'><strong>captivos</strong></span> <span class='ocrx_word' id='word_1_171' title='bbox 571 1932 591 1955; x_wconf 92' lang='lat' dir='ltr'><strong>e</strong></span> <span class='ocrx_word' id='word_1_172' title='bbox 613 1924 792 1956; x_wconf 84' lang='lat' dir='ltr'><strong>Crassiano</strong></span> <span class='ocrx_word' id='word_1_173' title='bbox 814 1929 865 1956; x_wconf 90' lang='lat' dir='ltr'><strong>at·</strong></span> 
     </span>
     <span class='ocr_line' id='line_1_33' title="bbox 171 1973 867 2015; baseline 0.001 -11"><span class='ocrx_word' id='word_1_174' title='bbox 171 1982 237 2015; x_wconf 82' lang='lat' dir='ltr'><strong>qne</strong></span> <span class='ocrx_word' id='word_1_175' title='bbox 249 1973 447 2005; x_wconf 80' lang='lat' dir='ltr'><strong>Antoniano</strong></span> <span class='ocrx_word' id='word_1_176' title='bbox 467 1973 621 2005; x_wconf 84' lang='lat' dir='ltr'><strong>exercitu</strong></span> <span class='ocrx_word' id='word_1_177' title='bbox 636 1977 709 2005; x_wconf 85' lang='lat' dir='ltr'><strong>tnta</strong></span> <span class='ocrx_word' id='word_1_178' title='bbox 722 1974 867 2006; x_wconf 83' lang='lat' dir='ltr'><strong>Parthia</strong></span> 
     </span>
     <span class='ocr_line' id='line_1_34' title="bbox 170 2023 863 2065; baseline -0.001 -9"><span class='ocrx_word' id='word_1_179' title='bbox 170 2024 384 2065; x_wconf 77' lang='lat' dir='ltr'><strong>recollectos,</strong></span> <span class='ocrx_word' id='word_1_180' title='bbox 397 2024 562 2065; x_wconf 67' lang='lat' dir='ltr'><strong>signaque</strong></span> <span class='ocrx_word' id='word_1_181' title='bbox 585 2033 661 2056; x_wconf 85' lang='lat' dir='ltr'><strong>enm</strong></span> <span class='ocrx_word' id='word_1_182' title='bbox 675 2024 727 2055; x_wconf 88' lang='lat' dir='ltr'><strong>bis</strong></span> <span class='ocrx_word' id='word_1_183' title='bbox 740 2023 863 2055; x_wconf 87' lang='lat' dir='ltr'><strong>milita·</strong></span> 
     </span>
     <span class='ocr_line' id='line_1_35' title="bbox 170 2069 865 2106; baseline -0.003 0"><span class='ocrx_word' id='word_1_184' title='bbox 170 2074 223 2105; x_wconf 87' lang='lat' dir='ltr'><strong>ria</strong></span> <span class='ocrx_word' id='word_1_185' title='bbox 236 2069 446 2106; x_wconf 75' lang='lat' dir='ltr'><strong>remiserunt.</strong></span> <span class='ocrx_word' id='word_1_186' title='bbox 479 2072 581 2104; x_wconf 84' lang='lat' dir='ltr'><strong>Unde</strong></span> <span class='ocrx_word' id='word_1_187' title='bbox 595 2076 632 2104; x_wconf 86' lang='lat' dir='ltr'><strong>et</strong></span> <span class='ocrx_word' id='word_1_188' title='bbox 650 2073 723 2104; x_wconf 80' lang='lat' dir='ltr'><strong>cusi</strong></span> <span class='ocrx_word' id='word_1_189' title='bbox 737 2071 865 2104; x_wconf 87' lang='lat' dir='ltr'><strong>nummi</strong></span> 
     </span>
     <span class='ocr_line' id='line_1_36' title="bbox 168 2122 864 2164; baseline 0 -10"><span class='ocrx_word' id='word_1_190' title='bbox 168 2131 246 2154; x_wconf 80' lang='lat' dir='ltr'><strong>enm</strong></span> <span class='ocrx_word' id='word_1_191' title='bbox 264 2122 328 2155; x_wconf 85' lang='lat' dir='ltr'><strong>hae</strong></span> <span class='ocrx_word' id='word_1_192' title='bbox 348 2122 555 2164; x_wconf 76' lang='lat' dir='ltr'><strong>epigraphe:</strong></span> <span class='ocrx_word' id='word_1_193' title='bbox 583 2130 700 2154; x_wconf 72' lang='lat' dir='ltr'><strong>status</strong></span> <span class='ocrx_word' id='word_1_194' title='bbox 730 2131 864 2154; x_wconf 72' lang='lat' dir='ltr'><strong>nacar-</strong></span> 
     </span>
     <span class='ocr_line' id='line_1_37' title="bbox 166 2171 863 2213; baseline 0 -9"><span class='ocrx_word' id='word_1_195' title='bbox 166 2179 234 2204; x_wconf 71' lang='lat'><strong>1¹1⁸.</strong></span> <span class='ocrx_word' id='word_1_196' title='bbox 278 2171 290 2190; x_wconf 77' lang='lat'><em>¹</em></span> <span class='ocrx_word' id='word_1_197' title='bbox 306 2171 456 2213; x_wconf 81' lang='lat' dir='ltr'><strong>Plusque</strong></span> <span class='ocrx_word' id='word_1_198' title='bbox 483 2172 600 2204; x_wconf 74' lang='lat' dir='ltr'><strong>Caesar</strong></span> <span class='ocrx_word' id='word_1_199' title='bbox 628 2171 863 2212; x_wconf 79' lang='lat' dir='ltr'><strong>magnitudine</strong></span> 
     </span>
     <span class='ocr_line' id='line_1_38' title="bbox 169 2219 863 2262; baseline -0.001 -9"><span class='ocrx_word' id='word_1_200' title='bbox 169 2221 315 2254; x_wconf 82' lang='lat' dir='ltr'><strong>nominis</strong></span> <span class='ocrx_word' id='word_1_201' title='bbox 338 2221 389 2252; x_wconf 91' lang='lat' dir='ltr'><strong>sui</strong></span> <span class='ocrx_word' id='word_1_202' title='bbox 414 2219 512 2261; x_wconf 85' lang='lat' dir='ltr'><strong>feeit,</strong></span> <span class='ocrx_word' id='word_1_203' title='bbox 536 2230 636 2262; x_wconf 88' lang='lat' dir='ltr'><strong>quam</strong></span> <span class='ocrx_word' id='word_1_204' title='bbox 652 2221 753 2252; x_wconf 87' lang='lat' dir='ltr'><strong>armis</strong></span> <span class='ocrx_word' id='word_1_205' title='bbox 780 2221 863 2252; x_wconf 90' lang='lat' dir='ltr'><strong>alins</strong></span> 
     </span>
     <span class='ocr_line' id='line_1_39' title="bbox 166 2269 863 2313; baseline 0 -10"><span class='ocrx_word' id='word_1_206' title='bbox 166 2271 360 2313; x_wconf 81' lang='lat' dir='ltr'><strong>Imperator</strong></span> <span class='ocrx_word' id='word_1_207' title='bbox 391 2269 508 2302; x_wconf 85' lang='lat' dir='ltr'><strong>facere</strong></span> <span class='ocrx_word' id='word_1_208' title='bbox 544 2270 732 2311; x_wconf 67' lang='lat' dir='ltr'><strong>potuisset:</strong></span> <span class='ocrx_word' id='word_1_209' title='bbox 773 2270 863 2303; x_wconf 77' lang='lat' dir='ltr'><strong>Haec</strong></span> 
     </span>
     <span class='ocr_line' id='line_1_40' title="bbox 168 2320 862 2354; baseline -0.001 -1"><span class='ocrx_word' id='word_1_210' title='bbox 168 2321 295 2354; x_wconf 79' lang='lat' dir='ltr'><strong>Justin.</strong></span> <span class='ocrx_word' id='word_1_211' title='bbox 310 2321 369 2353; x_wconf 85' lang='lat' dir='ltr'><strong>cit.</strong></span> <span class='ocrx_word' id='word_1_212' title='bbox 382 2320 443 2352; x_wconf 87' lang='lat' dir='ltr'><strong>lib.</strong></span> <span class='ocrx_word' id='word_1_213' title='bbox 457 2328 547 2352; x_wconf 72' lang='lat' dir='ltr'><strong>xus.</strong></span> <span class='ocrx_word' id='word_1_214' title='bbox 561 2320 596 2352; x_wconf 89' lang='lat' dir='ltr'><strong>in</strong></span> <span class='ocrx_word' id='word_1_215' title='bbox 609 2320 691 2352; x_wconf 86' lang='lat' dir='ltr'><strong>fine.</strong></span> <span class='ocrx_word' id='word_1_216' title='bbox 722 2320 811 2352; x_wconf 88' lang='lat' dir='ltr'><strong>Vide</strong></span> <span class='ocrx_word' id='word_1_217' title='bbox 826 2326 862 2352; x_wconf 91' lang='lat' dir='ltr'><strong>et</strong></span> 
     </span>
     <span class='ocr_line' id='line_1_41' title="bbox 168 2370 861 2411; baseline -0.001 -8"><span class='ocrx_word' id='word_1_218' title='bbox 168 2371 259 2404; x_wconf 62' lang='grc' dir='ltr'><strong>Ποῖ.</strong></span> <span class='ocrx_word' id='word_1_219' title='bbox 276 2380 333 2403; x_wconf 78' lang='grc' dir='ltr'><strong>ιιι.</strong></span> <span class='ocrx_word' id='word_1_220' title='bbox 349 2373 401 2403; x_wconf 88' lang='lat' dir='ltr'><strong>ll.</strong></span> <span class='ocrx_word' id='word_1_221' title='bbox 418 2374 455 2402; x_wconf 92' lang='lat' dir='ltr'><strong>et</strong></span> <span class='ocrx_word' id='word_1_222' title='bbox 469 2379 521 2402; x_wconf 80' lang='lat' dir='ltr'><strong>ur.</strong></span> <span class='ocrx_word' id='word_1_223' title='bbox 539 2372 571 2402; x_wconf 81' lang='grc'><strong>9.</strong></span> <span class='ocrx_word' id='word_1_224' title='bbox 595 2370 785 2411; x_wconf 79' lang='lat' dir='ltr'><strong>praesertim</strong></span> <span class='ocrx_word' id='word_1_225' title='bbox 802 2381 861 2402; x_wconf 86' lang='lat' dir='ltr'><strong>au-</strong></span> 
     </span>
     <span class='ocr_line' id='line_1_42' title="bbox 169 2410 863 2462; baseline -0.001 -10"><span class='ocrx_word' id='word_1_226' title='bbox 169 2425 239 2452; x_wconf 87' lang='lat' dir='ltr'><strong>tem</strong></span> <span class='ocrx_word' id='word_1_227' title='bbox 253 2430 332 2462; x_wconf 87' lang='lat' dir='ltr'><strong>cap.</strong></span> <span class='ocrx_word' id='word_1_228' title='bbox 349 2423 402 2453; x_wconf 85' lang='grc'><strong>10.</strong></span> <span class='ocrx_word' id='word_1_229' title='bbox 416 2420 474 2452; x_wconf 88' lang='lat' dir='ltr'><strong>ubi</strong></span> <span class='ocrx_word' id='word_1_230' title='bbox 490 2410 596 2451; x_wconf 76' lang='lat' dir='ltr'><strong>vi&#39;rtns</strong></span> <span class='ocrx_word' id='word_1_231' title='bbox 611 2420 763 2452; x_wconf 85' lang='lat' dir='ltr'><strong>Romana</strong></span> <span class='ocrx_word' id='word_1_232' title='bbox 777 2420 863 2452; x_wconf 85' lang='lat' dir='ltr'><strong>haue</strong></span> 
     </span>
     <span class='ocr_line' id='line_1_43' title="bbox 170 2469 864 2510; baseline -0.003 -8"><span class='ocrx_word' id='word_1_233' title='bbox 170 2471 338 2510; x_wconf 84' lang='lat' dir='ltr'><strong>expressit</strong></span> <span class='ocrx_word' id='word_1_234' title='bbox 361 2469 492 2501; x_wconf 82' lang='lat' dir='ltr'><strong>laudem</strong></span> <span class='ocrx_word' id='word_1_235' title='bbox 521 2479 542 2501; x_wconf 86' lang='lat' dir='ltr'><strong>e</strong></span> <span class='ocrx_word' id='word_1_236' title='bbox 565 2469 748 2501; x_wconf 82' lang='lat' dir='ltr'><strong>Barbaris:</strong></span> <span class='ocrx_word' id='word_1_237' title='bbox 770 2469 780 2487; x_wconf 93' lang='lat'>‘</span> <span class='ocrx_word' id='word_1_238' title='bbox 795 2470 864 2508; x_wconf 86' lang='lat' dir='ltr'><strong>Ite,</strong></span> 
     </span>
     <span class='ocr_line' id='line_1_44' title="bbox 169 2519 862 2559; baseline -0.001 -8"><span class='ocrx_word' id='word_1_239' title='bbox 169 2524 207 2550; x_wconf 86' lang='lat' dir='ltr'><strong>et</strong></span> <span class='ocrx_word' id='word_1_240' title='bbox 220 2519 308 2551; x_wconf 88' lang='lat' dir='ltr'><strong>bene</strong></span> <span class='ocrx_word' id='word_1_241' title='bbox 332 2519 456 2555; x_wconf 82' lang='lat' dir='ltr'><strong>valete,</strong></span> <span class='ocrx_word' id='word_1_242' title='bbox 481 2519 622 2551; x_wconf 88' lang='lat' dir='ltr'><strong>Romani</strong></span> <span class='ocrx_word' id='word_1_243' title='bbox 633 2531 644 2559; x_wconf 73' lang='lat'>5</span> <span class='ocrx_word' id='word_1_244' title='bbox 664 2519 785 2551; x_wconf 91' lang='lat' dir='ltr'><strong>merito</strong></span> <span class='ocrx_word' id='word_1_245' title='bbox 803 2529 862 2550; x_wconf 86' lang='lat' dir='ltr'><strong>vos</strong></span> 
     </span>
     <span class='ocr_line' id='line_1_45' title="bbox 170 2567 861 2611; baseline -0.001 -12"><span class='ocrx_word' id='word_1_246' title='bbox 170 2568 317 2601; x_wconf 72' lang='lat' dir='ltr'><strong>victores</strong></span> <span class='ocrx_word' id='word_1_247' title='bbox 336 2568 427 2601; x_wconf 82' lang='lat' dir='ltr'><strong>fama</strong></span> <span class='ocrx_word' id='word_1_248' title='bbox 452 2569 601 2610; x_wconf 85' lang='lat' dir='ltr'><strong>gentium</strong></span> <span class='ocrx_word' id='word_1_249' title='bbox 626 2569 788 2611; x_wconf 87' lang='lat' dir='ltr'><strong>loquitur,</strong></span> <span class='ocrx_word' id='word_1_250' title='bbox 803 2567 861 2609; x_wconf 90' lang='lat' dir='ltr'><strong>qui</strong></span> 
     </span>
     <span class='ocr_line' id='line_1_46' title="bbox 169 2616 860 2658; baseline 0 -11"><span class='ocrx_word' id='word_1_251' title='bbox 169 2616 371 2650; x_wconf 81' lang='lat' dir='ltr'><strong>Parthorum</strong></span> <span class='ocrx_word' id='word_1_252' title='bbox 381 2619 451 2650; x_wconf 87' lang='lat' dir='ltr'><strong>tela</strong></span> <span class='ocrx_word' id='word_1_253' title='bbox 463 2617 581 2650; x_wconf 84' lang='lat' dir='ltr'><strong>fertis.&#39;</strong></span> <span class='ocrx_word' id='word_1_254' title='bbox 602 2618 693 2650; x_wconf 83' lang='lat' dir='ltr'><strong>Vide</strong></span> <span class='ocrx_word' id='word_1_255' title='bbox 708 2623 744 2649; x_wconf 91' lang='lat' dir='ltr'><strong>et</strong></span> <span class='ocrx_word' id='word_1_256' title='bbox 758 2625 860 2658; x_wconf 84' lang='lat' dir='ltr'><strong>supra</strong></span> 
     </span>
     <span class='ocr_line' id='line_1_47' title="bbox 172 2664 592 2699; baseline 0.005 -3"><span class='ocrx_word' id='word_1_257' title='bbox 172 2664 243 2697; x_wconf 85' lang='lat' dir='ltr'><strong>Od.</strong></span> <span class='ocrx_word' id='word_1_258' title='bbox 259 2673 324 2696; x_wconf 70' lang='grc' dir='ltr'><strong>ιιι.</strong></span> <span class='ocrx_word' id='word_1_259' title='bbox 338 2667 421 2698; x_wconf 82' lang='lat' dir='ltr'><strong>Not.</strong></span> <span class='ocrx_word' id='word_1_260' title='bbox 435 2668 476 2698; x_wconf 86' lang='lat' dir='ltr'><strong>ad</strong></span> <span class='ocrx_word' id='word_1_261' title='bbox 495 2676 524 2697; x_wconf 84' lang='lat' dir='ltr'><strong>v.</strong></span> <span class='ocrx_word' id='word_1_262' title='bbox 538 2670 592 2699; x_wconf 72' lang='lat'><strong>53.</strong></span> 
     </span>
    </p>

    <p class='ocr_par' dir='ltr' id='par_1_6' title="bbox 161 2714 860 2806">
     <span class='ocr_line' id='line_1_48' title="bbox 215 2714 860 2757; baseline 0 -12"><span class='ocrx_word' id='word_1_263' title='bbox 215 2714 280 2746; x_wconf 71' lang='lat' dir='ltr'><strong>Hic</strong></span> <span class='ocrx_word' id='word_1_264' title='bbox 294 2715 398 2746; x_wconf 73' lang='lat' dir='ltr'><strong>ninam</strong></span> <span class='ocrx_word' id='word_1_265' title='bbox 417 2716 494 2747; x_wconf 72' lang='lat' dir='ltr'><strong>milti</strong></span> <span class='ocrx_word' id='word_1_266' title='bbox 516 2717 673 2757; x_wconf 73' lang='lat' dir='ltr'><strong>cespitem,</strong></span> <span class='ocrx_word' id='word_1_267' title='bbox 688 2717 759 2757; x_wconf 57' lang='grc' dir='ltr'><strong>ξω]</strong></span> <span class='ocrx_word' id='word_1_268' title='bbox 781 2714 860 2746; x_wconf 84' lang='lat' dir='ltr'><strong>Vic-</strong></span> 
     </span>
     <span class='ocr_line' id='line_1_49' title="bbox 161 2764 860 2806; baseline 0.001 -10"><span class='ocrx_word' id='word_1_269' title='bbox 161 2769 227 2796; x_wconf 90' lang='lat' dir='ltr'><strong>-tns</strong></span> <span class='ocrx_word' id='word_1_270' title='bbox 257 2764 402 2805; x_wconf 75' lang='lat' dir='ltr'><strong>denique</strong></span> <span class='ocrx_word' id='word_1_271' title='bbox 426 2775 538 2798; x_wconf 82' lang='lat' dir='ltr'><strong>amore</strong></span> <span class='ocrx_word' id='word_1_272' title='bbox 565 2766 721 2806; x_wconf 68' lang='lat' dir='ltr'><strong>Glyceran</strong></span> <span class='ocrx_word' id='word_1_273' title='bbox 751 2766 860 2798; x_wconf 82' lang='lat' dir='ltr'><strong>Hora-</strong></span> 
     </span>
    </p>
   </div>
   <div class='ocr_carea' id='block_1_6' title="bbox 918 681 1620 1024">
    <p class='ocr_par' dir='ltr' id='par_1_7' title="bbox 918 681 1620 1024">
     <span class='ocr_line' id='line_1_50' title="bbox 918 681 1617 725; baseline -0.006 -10"><span class='ocrx_word' id='word_1_274' title='bbox 918 683 999 723; x_wconf 84' lang='lat' dir='ltr'><strong>tius,</strong></span> <span class='ocrx_word' id='word_1_275' title='bbox 1008 692 1105 715; x_wconf 86' lang='lat' dir='ltr'><strong>sacra</strong></span> <span class='ocrx_word' id='word_1_276' title='bbox 1121 686 1232 725; x_wconf 87' lang='lat' dir='ltr'><strong>parat,</strong></span> <span class='ocrx_word' id='word_1_277' title='bbox 1242 682 1363 724; x_wconf 88' lang='lat' dir='ltr'><strong>quibus</strong></span> <span class='ocrx_word' id='word_1_278' title='bbox 1373 682 1445 723; x_wconf 88' lang='lat' dir='ltr'><strong>ejus</strong></span> <span class='ocrx_word' id='word_1_279' title='bbox 1457 681 1617 721; x_wconf 83' lang='lat' dir='ltr'><strong>animum,</strong></span> 
     </span>
     <span class='ocr_line' id='line_1_51' title="bbox 918 730 1618 774; baseline -0.001 -10"><span class='ocrx_word' id='word_1_280' title='bbox 918 732 1056 774; x_wconf 87' lang='lat' dir='ltr'><strong>placata</strong></span> <span class='ocrx_word' id='word_1_281' title='bbox 1071 731 1219 772; x_wconf 83' lang='lat' dir='ltr'><strong>Venere,</strong></span> <span class='ocrx_word' id='word_1_282' title='bbox 1234 731 1464 764; x_wconf 77' lang='lat' dir='ltr'><strong>demereatur.</strong></span> <span class='ocrx_word' id='word_1_283' title='bbox 1486 730 1546 762; x_wconf 85' lang='lat' dir='ltr'><strong>Sui</strong></span> <span class='ocrx_word' id='word_1_284' title='bbox 1562 741 1618 763; x_wconf 87' lang='lat' dir='ltr'><strong>ve-</strong></span> 
     </span>
     <span class='ocr_line' id='line_1_52' title="bbox 918 781 1617 822; baseline -0.003 -8"><span class='ocrx_word' id='word_1_285' title='bbox 918 792 958 815; x_wconf 87' lang='lat' dir='ltr'><strong>ro</strong></span> <span class='ocrx_word' id='word_1_286' title='bbox 979 782 1136 814; x_wconf 88' lang='lat' dir='ltr'><strong>ardorem</strong></span> <span class='ocrx_word' id='word_1_287' title='bbox 1157 783 1280 814; x_wconf 90' lang='lat' dir='ltr'><strong>amoris</strong></span> <span class='ocrx_word' id='word_1_288' title='bbox 1305 787 1342 813; x_wconf 85' lang='lat' dir='ltr'><strong>et</strong></span> <span class='ocrx_word' id='word_1_289' title='bbox 1367 781 1617 822; x_wconf 83' lang='lat' dir='ltr'><strong>impatientiam</strong></span> 
     </span>
     <span class='ocr_line' id='line_1_53' title="bbox 918 832 1618 874; baseline -0.003 -10"><span class='ocrx_word' id='word_1_290' title='bbox 918 833 1063 865; x_wconf 87' lang='lat' dir='ltr'><strong>denotat</strong></span> <span class='ocrx_word' id='word_1_291' title='bbox 1083 833 1138 864; x_wconf 83' lang='lat' dir='ltr'><strong>vel</strong></span> <span class='ocrx_word' id='word_1_292' title='bbox 1160 843 1204 864; x_wconf 83' lang='lat' dir='ltr'><strong>ex</strong></span> <span class='ocrx_word' id='word_1_293' title='bbox 1230 842 1271 865; x_wconf 86' lang='lat' dir='ltr'><strong>eo</strong></span> <span class='ocrx_word' id='word_1_294' title='bbox 1295 832 1385 874; x_wconf 87' lang='lat' dir='ltr'><strong>qnod</strong></span> <span class='ocrx_word' id='word_1_295' title='bbox 1402 841 1495 864; x_wconf 86' lang='lat' dir='ltr'><strong>aram</strong></span> <span class='ocrx_word' id='word_1_296' title='bbox 1510 841 1531 863; x_wconf 88' lang='lat' dir='ltr'><strong>e</strong></span> <span class='ocrx_word' id='word_1_297' title='bbox 1545 841 1618 863; x_wconf 86' lang='lat' dir='ltr'><strong>ces-</strong></span> 
     </span>
     <span class='ocr_line' id='line_1_54' title="bbox 919 884 1620 926; baseline 0 -12"><span class='ocrx_word' id='word_1_298' title='bbox 919 884 991 925; x_wconf 84' lang='lat' dir='ltr'><strong>pite</strong></span> <span class='ocrx_word' id='word_1_299' title='bbox 1012 888 1182 926; x_wconf 81' lang='lat' dir='ltr'><strong>exstruat,</strong></span> <span class='ocrx_word' id='word_1_300' title='bbox 1195 885 1291 917; x_wconf 84' lang='lat' dir='ltr'><strong>brevi</strong></span> <span class='ocrx_word' id='word_1_301' title='bbox 1307 884 1446 925; x_wconf 89' lang='lat' dir='ltr'><strong>quidem</strong></span> <span class='ocrx_word' id='word_1_302' title='bbox 1461 888 1497 915; x_wconf 93' lang='lat' dir='ltr'><strong>et</strong></span> <span class='ocrx_word' id='word_1_303' title='bbox 1514 891 1620 923; x_wconf 84' lang='lat' dir='ltr'><strong>expe-</strong></span> 
     </span>
     <span class='ocr_line' id='line_1_55' title="bbox 919 932 1619 975; baseline -0.004 -9"><span class='ocrx_word' id='word_1_304' title='bbox 919 933 994 966; x_wconf 88' lang='lat' dir='ltr'><strong>dita</strong></span> <span class='ocrx_word' id='word_1_305' title='bbox 1015 934 1168 973; x_wconf 79' lang='lat' dir='ltr'><strong>ratioue3</strong></span> <span class='ocrx_word' id='word_1_306' title='bbox 1192 934 1282 975; x_wconf 89' lang='lat' dir='ltr'><strong>quod</strong></span> <span class='ocrx_word' id='word_1_307' title='bbox 1298 933 1371 965; x_wconf 84' lang='lat' dir='ltr'><strong>fieri</strong></span> <span class='ocrx_word' id='word_1_308' title='bbox 1384 933 1518 965; x_wconf 84' lang='lat' dir='ltr'><strong>solitum</strong></span> <span class='ocrx_word' id='word_1_309' title='bbox 1534 932 1619 963; x_wconf 91' lang='lat' dir='ltr'><strong>dun·</strong></span> 
     </span>
     <span class='ocr_line' id='line_1_56' title="bbox 920 981 1618 1024; baseline -0.003 -10"><span class='ocrx_word' id='word_1_310' title='bbox 920 987 1016 1015; x_wconf 84' lang='lat' dir='ltr'><strong>taxat</strong></span> <span class='ocrx_word' id='word_1_311' title='bbox 1031 984 1066 1014; x_wconf 90' lang='lat' dir='ltr'><strong>iu</strong></span> <span class='ocrx_word' id='word_1_312' title='bbox 1082 983 1203 1015; x_wconf 82' lang='lat' dir='ltr'><strong>subitis</strong></span> <span class='ocrx_word' id='word_1_313' title='bbox 1214 983 1329 1024; x_wconf 88' lang='lat' dir='ltr'><strong>rebus,</strong></span> <span class='ocrx_word' id='word_1_314' title='bbox 1341 988 1377 1015; x_wconf 92' lang='lat' dir='ltr'><strong>et</strong></span> <span class='ocrx_word' id='word_1_315' title='bbox 1390 992 1517 1014; x_wconf 88' lang='lat' dir='ltr'><strong>moram</strong></span> <span class='ocrx_word' id='word_1_316' title='bbox 1528 981 1618 1013; x_wconf 85' lang='lat' dir='ltr'><strong>haud</strong></span> 
     </span>
    </p>
   </div>
   <div class='ocr_carea' id='block_1_7' title="bbox 919 1031 1621 1171">
    <p class='ocr_par' dir='ltr' id='par_1_8' title="bbox 919 1031 1621 1171">
     <span class='ocr_line' id='line_1_57' title="bbox 920 1031 1121 1064; baseline 0 -1"><span class='ocrx_word' id='word_1_317' title='bbox 920 1031 1121 1064; x_wconf 78' lang='lat' dir='ltr'><strong>ferentibus.</strong></span> 
     </span>
     <span class='ocr_line' id='line_1_58' title="bbox 964 1080 1620 1122; baseline 0.002 -11"><span class='ocrx_word' id='word_1_318' title='bbox 964 1083 1004 1112; x_wconf 77' lang='lat'><strong>14</strong></span> <span class='ocrx_word' id='word_1_319' title='bbox 1033 1081 1201 1122; x_wconf 73' lang='lat' dir='ltr'><strong>Ver-beans]</strong></span> <span class='ocrx_word' id='word_1_320' title='bbox 1227 1080 1364 1112; x_wconf 83' lang='lat' dir='ltr'><strong>Herbas</strong></span> <span class='ocrx_word' id='word_1_321' title='bbox 1379 1080 1414 1112; x_wconf 92' lang='lat' dir='ltr'><strong>in</strong></span> <span class='ocrx_word' id='word_1_322' title='bbox 1439 1081 1545 1112; x_wconf 80' lang='lat' dir='ltr'><strong>sacris</strong></span> <span class='ocrx_word' id='word_1_323' title='bbox 1567 1090 1620 1112; x_wconf 82' lang='lat' dir='ltr'><strong>as-</strong></span> 
     </span>
     <span class='ocr_line' id='line_1_59' title="bbox 919 1130 1621 1171; baseline -0.001 -9"><span class='ocrx_word' id='word_1_324' title='bbox 919 1134 1033 1162; x_wconf 84' lang='lat' dir='ltr'><strong>suetas</strong></span> <span class='ocrx_word' id='word_1_325' title='bbox 1057 1136 1190 1171; x_wconf 83' lang='lat' dir='ltr'><strong>parate.</strong></span> <span class='ocrx_word' id='word_1_326' title='bbox 1226 1130 1373 1171; x_wconf 83' lang='lat' dir='ltr'><strong>Proprie</strong></span> <span class='ocrx_word' id='word_1_327' title='bbox 1398 1130 1547 1162; x_wconf 79' lang='lat' dir='ltr'><strong>verbena</strong></span> <span class='ocrx_word' id='word_1_328' title='bbox 1566 1136 1621 1161; x_wconf 89' lang='lat' dir='ltr'><strong>est</strong></span> 
     </span>
    </p>
   </div>
   <div class='ocr_carea' id='block_1_8' title="bbox 919 1179 1685 1222">
    <p class='ocr_par' dir='ltr' id='par_1_9' title="bbox 919 1179 1685 1222">
     <span class='ocr_line' id='line_1_60' title="bbox 919 1179 1685 1222; baseline -0.001 -10"><span class='ocrx_word' id='word_1_329' title='bbox 919 1180 1026 1212; x_wconf 80' lang='lat' dir='ltr'><strong>herba</strong></span> <span class='ocrx_word' id='word_1_330' title='bbox 1048 1179 1218 1222; x_wconf 65' lang='lat' dir='ltr'><strong>quadam,</strong></span> <span class='ocrx_word' id='word_1_331' title='bbox 1241 1179 1333 1212; x_wconf 83' lang='lat' dir='ltr'><strong>Gall.</strong></span> <span class='ocrx_word' id='word_1_332' title='bbox 1359 1180 1399 1211; x_wconf 80' lang='lat' dir='ltr'><strong>de</strong></span> <span class='ocrx_word' id='word_1_333' title='bbox 1425 1180 1456 1211; x_wconf 79' lang='lat' dir='ltr'><strong>lo</strong></span> <span class='ocrx_word' id='word_1_334' title='bbox 1478 1188 1618 1211; x_wconf 69' lang='lat' dir='ltr'><strong>emese.</strong></span> <span class='ocrx_word' id='word_1_335' title='bbox 1679 1217 1685 1222; x_wconf 32' lang='lat'><em>¹</em></span> 
     </span>
    </p>
   </div>
   <div class='ocr_carea' id='block_1_9' title="bbox 913 1228 1620 2796">
    <p class='ocr_par' dir='ltr' id='par_1_10' title="bbox 913 1228 1620 2796">
     <span class='ocr_line' id='line_1_61' title="bbox 919 1228 1619 1261; baseline -0.001 0"><span class='ocrx_word' id='word_1_336' title='bbox 919 1229 976 1261; x_wconf 90' lang='lat' dir='ltr'><strong>De</strong></span> <span class='ocrx_word' id='word_1_337' title='bbox 990 1229 1054 1261; x_wconf 84' lang='lat' dir='ltr'><strong>hac</strong></span> <span class='ocrx_word' id='word_1_338' title='bbox 1071 1228 1161 1260; x_wconf 86' lang='lat' dir='ltr'><strong>Plin.</strong></span> <span class='ocrx_word' id='word_1_339' title='bbox 1189 1237 1280 1261; x_wconf 65' lang='lat' dir='ltr'>xxV.</span> <span class='ocrx_word' id='word_1_340' title='bbox 1306 1231 1339 1261; x_wconf 87' lang='grc'><strong>9.</strong></span> <span class='ocrx_word' id='word_1_341' title='bbox 1360 1229 1371 1246; x_wconf 91' lang='lat'>‘</span> <span class='ocrx_word' id='word_1_342' title='bbox 1385 1228 1506 1260; x_wconf 80' lang='lat' dir='ltr'><strong>Herba</strong></span> <span class='ocrx_word' id='word_1_343' title='bbox 1527 1229 1619 1260; x_wconf 84' lang='lat' dir='ltr'><strong>nulla</strong></span> 
     </span>
     <span class='ocr_line' id='line_1_62' title="bbox 919 1277 1619 1320; baseline -0.001 -10"><span class='ocrx_word' id='word_1_344' title='bbox 919 1278 1079 1310; x_wconf 71' lang='lat' dir='ltr'><strong>Romame</strong></span> <span class='ocrx_word' id='word_1_345' title='bbox 1093 1278 1282 1310; x_wconf 87' lang='lat' dir='ltr'><strong>nobilitatis</strong></span> <span class='ocrx_word' id='word_1_346' title='bbox 1297 1278 1375 1319; x_wconf 86' lang='lat' dir='ltr'><strong>plus</strong></span> <span class='ocrx_word' id='word_1_347' title='bbox 1388 1277 1504 1318; x_wconf 87' lang='lat' dir='ltr'><strong>habet,</strong></span> <span class='ocrx_word' id='word_1_348' title='bbox 1517 1288 1619 1320; x_wconf 85' lang='lat' dir='ltr'><strong>qnam</strong></span> 
     </span>
     <span class='ocr_line' id='line_1_63' title="bbox 917 1327 1620 1360; baseline 0.001 -1"><span class='ocrx_word' id='word_1_349' title='bbox 917 1328 1158 1360; x_wconf 76' lang='lat' dir='ltr'><strong>hierabotane:</strong></span> <span class='ocrx_word' id='word_1_350' title='bbox 1181 1327 1288 1360; x_wconf 84' lang='lat' dir='ltr'><strong>nostri</strong></span> <span class='ocrx_word' id='word_1_351' title='bbox 1316 1329 1539 1360; x_wconf 82' lang='lat' dir='ltr'><strong>verbenacam</strong></span> <span class='ocrx_word' id='word_1_352' title='bbox 1561 1338 1620 1360; x_wconf 86' lang='lat' dir='ltr'><strong>vo·</strong></span> 
     </span>
     <span class='ocr_line' id='line_1_64' title="bbox 918 1377 1618 1420; baseline 0 -10"><span class='ocrx_word' id='word_1_353' title='bbox 918 1383 1010 1410; x_wconf 88' lang='lat' dir='ltr'><strong>cant.</strong></span> <span class='ocrx_word' id='word_1_354' title='bbox 1045 1378 1133 1410; x_wconf 74' lang='lat' dir='ltr'><strong>Haee</strong></span> <span class='ocrx_word' id='word_1_355' title='bbox 1159 1383 1225 1419; x_wconf 75' lang='lat' dir='ltr'><strong>est,</strong></span> <span class='ocrx_word' id='word_1_356' title='bbox 1248 1387 1348 1420; x_wconf 89' lang='lat' dir='ltr'><strong>quam</strong></span> <span class='ocrx_word' id='word_1_357' title='bbox 1369 1379 1503 1420; x_wconf 76' lang='lat' dir='ltr'><strong>legatos</strong></span> <span class='ocrx_word' id='word_1_358' title='bbox 1526 1377 1618 1410; x_wconf 77' lang='lat' dir='ltr'><strong>ferre</strong></span> 
     </span>
     <span class='ocr_line' id='line_1_65' title="bbox 918 1426 1618 1461; baseline 0 -2"><span class='ocrx_word' id='word_1_359' title='bbox 918 1428 962 1459; x_wconf 91' lang='lat' dir='ltr'><strong>ad</strong></span> <span class='ocrx_word' id='word_1_360' title='bbox 993 1428 1108 1460; x_wconf 84' lang='lat' dir='ltr'><strong>hostes</strong></span> <span class='ocrx_word' id='word_1_361' title='bbox 1133 1428 1370 1461; x_wconf 83' lang='lat' dir='ltr'><strong>indicavimus.</strong></span> <span class='ocrx_word' id='word_1_362' title='bbox 1419 1428 1498 1460; x_wconf 82' lang='lat' dir='ltr'><strong>Hae</strong></span> <span class='ocrx_word' id='word_1_363' title='bbox 1521 1426 1618 1461; x_wconf 79' lang='lat' dir='ltr'><strong>Jovis</strong></span> 
     </span>
     <span class='ocr_line' id='line_1_66' title="bbox 917 1478 1619 1520; baseline 0 -11"><span class='ocrx_word' id='word_1_364' title='bbox 917 1487 1036 1510; x_wconf 81' lang='lat' dir='ltr'><strong>mensa</strong></span> <span class='ocrx_word' id='word_1_365' title='bbox 1074 1478 1244 1517; x_wconf 87' lang='lat' dir='ltr'><strong>verritnr;</strong></span> <span class='ocrx_word' id='word_1_366' title='bbox 1279 1478 1398 1510; x_wconf 87' lang='lat' dir='ltr'><strong>domus</strong></span> <span class='ocrx_word' id='word_1_367' title='bbox 1429 1484 1619 1520; x_wconf 76' lang='lat' dir='ltr'><strong>purgantur</strong></span> 
     </span>
     <span class='ocr_line' id='line_1_67' title="bbox 918 1527 1619 1569; baseline -0.001 -10"><span class='ocrx_word' id='word_1_368' title='bbox 918 1527 1197 1569; x_wconf 74' lang='lat' dir='ltr'><strong>lustramurque:</strong></span> <span class='ocrx_word' id='word_1_369' title='bbox 1227 1527 1366 1560; x_wconf 85' lang='lat' dir='ltr'><strong>Servius</strong></span> <span class='ocrx_word' id='word_1_370' title='bbox 1390 1528 1438 1559; x_wconf 83' lang='lat' dir='ltr'><strong>ait</strong></span> <span class='ocrx_word' id='word_1_371' title='bbox 1463 1537 1536 1559; x_wconf 90' lang='lat' dir='ltr'><strong>esse</strong></span> <span class='ocrx_word' id='word_1_372' title='bbox 1553 1527 1619 1558; x_wconf 86' lang='lat' dir='ltr'><strong>vir-</strong></span> 
     </span>
     <span class='ocr_line' id='line_1_68' title="bbox 919 1578 1620 1618; baseline 0 -10"><span class='ocrx_word' id='word_1_373' title='bbox 919 1578 1014 1618; x_wconf 78' lang='lat' dir='ltr'><strong>gulta</strong></span> <span class='ocrx_word' id='word_1_374' title='bbox 1028 1587 1104 1618; x_wconf 80' lang='lat' dir='ltr'><strong>quae</strong></span> <span class='ocrx_word' id='word_1_375' title='bbox 1121 1587 1255 1618; x_wconf 82' lang='lat' dir='ltr'><strong>semper</strong></span> <span class='ocrx_word' id='word_1_376' title='bbox 1270 1578 1395 1609; x_wconf 85' lang='lat' dir='ltr'><strong>virent.</strong></span> <span class='ocrx_word' id='word_1_377' title='bbox 1433 1578 1485 1609; x_wconf 84' lang='lat' dir='ltr'><strong>Ex</strong></span> <span class='ocrx_word' id='word_1_378' title='bbox 1500 1578 1620 1608; x_wconf 90' lang='lat' dir='ltr'><strong>Dona-</strong></span> 
     </span>
     <span class='ocr_line' id='line_1_69' title="bbox 919 1626 1618 1669; baseline 0 -11"><span class='ocrx_word' id='word_1_379' title='bbox 919 1631 956 1658; x_wconf 88' lang='lat' dir='ltr'><strong>to</strong></span> <span class='ocrx_word' id='word_1_380' title='bbox 972 1627 1119 1658; x_wconf 84' lang='lat' dir='ltr'><strong>verbena</strong></span> <span class='ocrx_word' id='word_1_381' title='bbox 1128 1628 1223 1669; x_wconf 86' lang='lat' dir='ltr'><strong>quasi</strong></span> <span class='ocrx_word' id='word_1_382' title='bbox 1239 1626 1388 1658; x_wconf 77' lang='lat' dir='ltr'><strong>berbena</strong></span> <span class='ocrx_word' id='word_1_383' title='bbox 1402 1626 1539 1667; x_wconf 87' lang='lat' dir='ltr'><strong>dicitnr,</strong></span> <span class='ocrx_word' id='word_1_384' title='bbox 1551 1633 1618 1658; x_wconf 87' lang='lat' dir='ltr'><strong>est-</strong></span> 
     </span>
     <span class='ocr_line' id='line_1_70' title="bbox 919 1676 1616 1718; baseline -0.001 -11"><span class='ocrx_word' id='word_1_385' title='bbox 919 1686 986 1718; x_wconf 87' lang='lat' dir='ltr'><strong>que</strong></span> <span class='ocrx_word' id='word_1_386' title='bbox 1000 1676 1108 1708; x_wconf 80' lang='lat' dir='ltr'><strong>herba</strong></span> <span class='ocrx_word' id='word_1_387' title='bbox 1121 1686 1141 1708; x_wconf 94' lang='lat' dir='ltr'><strong>e</strong></span> <span class='ocrx_word' id='word_1_388' title='bbox 1163 1686 1248 1718; x_wconf 89' lang='lat' dir='ltr'><strong>puro</strong></span> <span class='ocrx_word' id='word_1_389' title='bbox 1264 1678 1339 1708; x_wconf 88' lang='lat' dir='ltr'><strong>loco</strong></span> <span class='ocrx_word' id='word_1_390' title='bbox 1354 1676 1520 1716; x_wconf 91' lang='lat' dir='ltr'><strong>decerpta</strong></span> <span class='ocrx_word' id='word_1_391' title='bbox 1541 1686 1616 1707; x_wconf 88' lang='lat' dir='ltr'><strong>cum</strong></span> 
     </span>
     <span class='ocr_line' id='line_1_71' title="bbox 920 1718 1618 1758; baseline 0 -2"><span class='ocrx_word' id='word_1_392' title='bbox 920 1718 1012 1757; x_wconf 74' lang='lat' dir='ltr'><strong>terra</strong></span> <span class='ocrx_word' id='word_1_393' title='bbox 1027 1725 1236 1758; x_wconf 77' lang='lat' dir='ltr'><strong>adhaerente.</strong></span> <span class='ocrx_word' id='word_1_394' title='bbox 1270 1726 1436 1757; x_wconf 86' lang='lat' dir='ltr'><strong>Similiter</strong></span> <span class='ocrx_word' id='word_1_395' title='bbox 1450 1725 1540 1757; x_wconf 86' lang='lat' dir='ltr'><strong>Plin.</strong></span> <span class='ocrx_word' id='word_1_396' title='bbox 1552 1734 1618 1757; x_wconf 78' lang='lat' dir='ltr'><strong>xx.</strong></span> 
     </span>
     <span class='ocr_line' id='line_1_72' title="bbox 918 1774 1618 1815; baseline 0.001 -10"><span class='ocrx_word' id='word_1_397' title='bbox 918 1778 951 1806; x_wconf 81' lang='lat'><strong>2.</strong></span> <span class='ocrx_word' id='word_1_398' title='bbox 1003 1776 1013 1792; x_wconf 80' lang='lat'>‘</span> <span class='ocrx_word' id='word_1_399' title='bbox 1033 1774 1204 1806; x_wconf 83' lang='lat' dir='ltr'><strong>Verbenae</strong></span> <span class='ocrx_word' id='word_1_400' title='bbox 1243 1776 1378 1806; x_wconf 89' lang='lat' dir='ltr'><strong>nomine</strong></span> <span class='ocrx_word' id='word_1_401' title='bbox 1407 1774 1618 1815; x_wconf 78' lang='lat' dir='ltr'><strong>significatur</strong></span> 
     </span>
     <span class='ocr_line' id='line_1_73' title="bbox 919 1824 1618 1866; baseline 0.003 -12"><span class='ocrx_word' id='word_1_402' title='bbox 919 1833 1058 1864; x_wconf 78' lang='lat' dir='ltr'><strong>gramen</strong></span> <span class='ocrx_word' id='word_1_403' title='bbox 1085 1834 1127 1856; x_wconf 81' lang='lat' dir='ltr'><strong>ex</strong></span> <span class='ocrx_word' id='word_1_404' title='bbox 1152 1834 1233 1856; x_wconf 82' lang='lat' dir='ltr'><strong>arce</strong></span> <span class='ocrx_word' id='word_1_405' title='bbox 1258 1825 1322 1866; x_wconf 84' lang='lat' dir='ltr'><strong>(al.</strong></span> <span class='ocrx_word' id='word_1_406' title='bbox 1348 1824 1440 1865; x_wconf 75' lang='lat' dir='ltr'><strong>area)</strong></span> <span class='ocrx_word' id='word_1_407' title='bbox 1461 1834 1539 1857; x_wconf 89' lang='lat' dir='ltr'><strong>eum</strong></span> <span class='ocrx_word' id='word_1_408' title='bbox 1557 1835 1618 1856; x_wconf 88' lang='lat' dir='ltr'><strong>sua</strong></span> 
     </span>
     <span class='ocr_line' id='line_1_74' title="bbox 920 1873 1619 1913; baseline 0.001 -8"><span class='ocrx_word' id='word_1_409' title='bbox 920 1879 1012 1905; x_wconf 87' lang='lat' dir='ltr'><strong>terra</strong></span> <span class='ocrx_word' id='word_1_410' title='bbox 1030 1873 1208 1913; x_wconf 82' lang='lat' dir='ltr'><strong>evulsum,&#39;</strong></span> <span class='ocrx_word' id='word_1_411' title='bbox 1222 1876 1289 1906; x_wconf 68' lang='grc' dir='ltr'><strong>διο.</strong></span> <span class='ocrx_word' id='word_1_412' title='bbox 1332 1875 1476 1906; x_wconf 85' lang='lat' dir='ltr'><strong>Constat</strong></span> <span class='ocrx_word' id='word_1_413' title='bbox 1500 1883 1543 1906; x_wconf 89' lang='lat' dir='ltr'><strong>eo</strong></span> <span class='ocrx_word' id='word_1_414' title='bbox 1561 1884 1619 1906; x_wconf 91' lang='lat' dir='ltr'><strong>no-</strong></span> 
     </span>
     <span class='ocr_line' id='line_1_75' title="bbox 918 1922 1616 1964; baseline 0.001 -10"><span class='ocrx_word' id='word_1_415' title='bbox 918 1922 1008 1954; x_wconf 88' lang='lat' dir='ltr'><strong>mine</strong></span> <span class='ocrx_word' id='word_1_416' title='bbox 1024 1923 1156 1954; x_wconf 82' lang='lat' dir='ltr'><strong>censeri</strong></span> <span class='ocrx_word' id='word_1_417' title='bbox 1181 1933 1239 1955; x_wconf 83' lang='lat' dir='ltr'><strong>eas</strong></span> <span class='ocrx_word' id='word_1_418' title='bbox 1259 1932 1376 1954; x_wconf 86' lang='lat' dir='ltr'><strong>omnes</strong></span> <span class='ocrx_word' id='word_1_419' title='bbox 1391 1923 1525 1958; x_wconf 86' lang='lat' dir='ltr'><strong>herbas,</strong></span> <span class='ocrx_word' id='word_1_420' title='bbox 1540 1933 1616 1964; x_wconf 62' lang='lat' dir='ltr'><strong>quae</strong></span> 
     </span>
     <span class='ocr_line' id='line_1_76' title="bbox 917 1972 1616 2014; baseline 0.001 -11"><span class='ocrx_word' id='word_1_421' title='bbox 917 1972 952 2003; x_wconf 90' lang='lat' dir='ltr'><strong>in</strong></span> <span class='ocrx_word' id='word_1_422' title='bbox 974 1972 1081 2004; x_wconf 85' lang='lat' dir='ltr'><strong>saeris</strong></span> <span class='ocrx_word' id='word_1_423' title='bbox 1103 1972 1316 2004; x_wconf 86' lang='lat' dir='ltr'><strong>adhibentur.</strong></span> <span class='ocrx_word' id='word_1_424' title='bbox 1349 1972 1472 2014; x_wconf 71' lang='lat' dir='ltr'><strong>Virgil-</strong></span> <span class='ocrx_word' id='word_1_425' title='bbox 1495 1972 1616 2014; x_wconf 78' lang='lat' dir='ltr'><strong>Eelog.</strong></span> 
     </span>
     <span class='ocr_line' id='line_1_77' title="bbox 917 2021 1617 2064; baseline 0.004 -12"><span class='ocrx_word' id='word_1_426' title='bbox 917 2029 1002 2054; x_wconf 74' lang='lat' dir='ltr'><strong>vni.</strong></span> <span class='ocrx_word' id='word_1_427' title='bbox 1026 2023 1081 2053; x_wconf 70' lang='grc' dir='ltr'><strong>ῦὸ.</strong></span> <span class='ocrx_word' id='word_1_428' title='bbox 1115 2021 1383 2064; x_wconf 78' lang='lat' dir='ltr'><strong>‘verbenasque</strong></span> <span class='ocrx_word' id='word_1_429' title='bbox 1412 2022 1513 2054; x_wconf 84' lang='lat' dir='ltr'><strong>adole</strong></span> <span class='ocrx_word' id='word_1_430' title='bbox 1541 2023 1617 2064; x_wconf 87' lang='lat' dir='ltr'><strong>pin-</strong></span> 
     </span>
     <span class='ocr_line' id='line_1_78' title="bbox 917 2072 1616 2114; baseline 0.003 -12"><span class='ocrx_word' id='word_1_431' title='bbox 917 2080 1000 2112; x_wconf 78' lang='lat' dir='ltr'><strong>gues</strong></span> <span class='ocrx_word' id='word_1_432' title='bbox 1012 2076 1050 2103; x_wconf 89' lang='lat' dir='ltr'><strong>et</strong></span> <span class='ocrx_word' id='word_1_433' title='bbox 1063 2072 1213 2104; x_wconf 83' lang='lat' dir='ltr'><strong>mascula</strong></span> <span class='ocrx_word' id='word_1_434' title='bbox 1224 2072 1347 2104; x_wconf 77' lang='lat' dir='ltr'><strong>thura-³</strong></span> <span class='ocrx_word' id='word_1_435' title='bbox 1381 2072 1449 2104; x_wconf 89' lang='lat' dir='ltr'><strong>Ubi</strong></span> <span class='ocrx_word' id='word_1_436' title='bbox 1465 2082 1528 2114; x_wconf 92' lang='lat' dir='ltr'><strong>per</strong></span> <span class='ocrx_word' id='word_1_437' title='bbox 1543 2073 1616 2113; x_wconf 89' lang='lat' dir='ltr'><strong>epi-</strong></span> 
     </span>
     <span class='ocr_line' id='line_1_79' title="bbox 916 2121 1615 2162; baseline 0.001 -10"><span class='ocrx_word' id='word_1_438' title='bbox 916 2121 1063 2161; x_wconf 88' lang='lat' dir='ltr'><strong>thetum,</strong></span> <span class='ocrx_word' id='word_1_439' title='bbox 1094 2121 1285 2162; x_wconf 81' lang='lat' dir='ltr'><strong>‘pingues‚’</strong></span> <span class='ocrx_word' id='word_1_440' title='bbox 1316 2122 1436 2153; x_wconf 87' lang='lat' dir='ltr'><strong>volunt</strong></span> <span class='ocrx_word' id='word_1_441' title='bbox 1470 2121 1615 2154; x_wconf 86' lang='lat' dir='ltr'><strong>indicari</strong></span> 
     </span>
     <span class='ocr_line' id='line_1_80' title="bbox 917 2169 1614 2203; baseline 0.003 -3"><span class='ocrx_word' id='word_1_442' title='bbox 917 2170 1052 2202; x_wconf 83' lang='lat' dir='ltr'><strong>olivam.</strong></span> <span class='ocrx_word' id='word_1_443' title='bbox 1081 2169 1224 2202; x_wconf 88' lang='lat' dir='ltr'><strong>Terent.</strong></span> <span class='ocrx_word' id='word_1_444' title='bbox 1251 2180 1302 2202; x_wconf 72' lang='grc' dir='ltr'><strong>ιν.</strong></span> <span class='ocrx_word' id='word_1_445' title='bbox 1328 2173 1362 2202; x_wconf 75' lang='grc'><strong>4.</strong></span> <span class='ocrx_word' id='word_1_446' title='bbox 1384 2174 1416 2203; x_wconf 85' lang='lat'><strong>5.</strong></span> <span class='ocrx_word' id='word_1_447' title='bbox 1450 2171 1460 2188; x_wconf 89' lang='lat'>‘</span> <span class='ocrx_word' id='word_1_448' title='bbox 1478 2171 1531 2202; x_wconf 85' lang='lat' dir='ltr'><strong>Ex</strong></span> <span class='ocrx_word' id='word_1_449' title='bbox 1555 2181 1614 2202; x_wconf 85' lang='lat' dir='ltr'><strong>ara</strong></span> 
     </span>
     <span class='ocr_line' id='line_1_81' title="bbox 915 2219 1613 2261; baseline 0.003 -12"><span class='ocrx_word' id='word_1_450' title='bbox 915 2219 994 2251; x_wconf 88' lang='lat' dir='ltr'><strong>hinc</strong></span> <span class='ocrx_word' id='word_1_451' title='bbox 1010 2228 1104 2250; x_wconf 87' lang='lat' dir='ltr'><strong>sume</strong></span> <span class='ocrx_word' id='word_1_452' title='bbox 1115 2219 1282 2252; x_wconf 81' lang='lat' dir='ltr'><strong>verbenas</strong></span> <span class='ocrx_word' id='word_1_453' title='bbox 1291 2219 1375 2251; x_wconf 83' lang='lat' dir='ltr'><strong>tibi.&#39;</strong></span> <span class='ocrx_word' id='word_1_454' title='bbox 1403 2219 1509 2261; x_wconf 87' lang='lat' dir='ltr'><strong>Atqui</strong></span> <span class='ocrx_word' id='word_1_455' title='bbox 1522 2220 1613 2261; x_wconf 84' lang='lat' dir='ltr'><strong>apud</strong></span> 
     </span>
     <span class='ocr_line' id='line_1_82' title="bbox 916 2268 1613 2306; baseline 0 -6"><span class='ocrx_word' id='word_1_456' title='bbox 916 2268 1155 2306; x_wconf 86' lang='lat' dir='ltr'><strong>Menandrum,</strong></span> <span class='ocrx_word' id='word_1_457' title='bbox 1190 2268 1281 2300; x_wconf 88' lang='lat' dir='ltr'><strong>uude</strong></span> <span class='ocrx_word' id='word_1_458' title='bbox 1318 2269 1519 2300; x_wconf 81' lang='lat' dir='ltr'><strong>sententiam</strong></span> <span class='ocrx_word' id='word_1_459' title='bbox 1555 2270 1613 2300; x_wconf 89' lang='lat' dir='ltr'><strong>ille</strong></span> 
     </span>
     <span class='ocr_line' id='line_1_83' title="bbox 915 2317 1613 2356; baseline 0 -8"><span class='ocrx_word' id='word_1_460' title='bbox 915 2317 1090 2349; x_wconf 80' lang='lat' dir='ltr'><strong>transtulit</strong></span> <span class='ocrx_word' id='word_1_461' title='bbox 1121 2322 1158 2349; x_wconf 90' lang='lat' dir='ltr'><strong>et</strong></span> <span class='ocrx_word' id='word_1_462' title='bbox 1191 2317 1310 2356; x_wconf 85' lang='lat' dir='ltr'><strong>verba,</strong></span> <span class='ocrx_word' id='word_1_463' title='bbox 1343 2317 1501 2348; x_wconf 78' lang='lat' dir='ltr'><strong>verbenae</strong></span> <span class='ocrx_word' id='word_1_464' title='bbox 1535 2322 1613 2348; x_wconf 82' lang='lat' dir='ltr'><strong>sunt</strong></span> 
     </span>
     <span class='ocr_line' id='line_1_84' title="bbox 913 2363 1614 2408; baseline -0.003 -10"><span class='ocrx_word' id='word_1_465' title='bbox 913 2363 1028 2408; x_wconf 80' lang='lat' dir='ltr'><strong>myrti.</strong></span> <span class='ocrx_word' id='word_1_466' title='bbox 1072 2366 1205 2398; x_wconf 85' lang='lat' dir='ltr'><strong>Plinius</strong></span> <span class='ocrx_word' id='word_1_467' title='bbox 1232 2375 1365 2407; x_wconf 86' lang='lat' dir='ltr'><strong>quoque</strong></span> <span class='ocrx_word' id='word_1_468' title='bbox 1384 2365 1474 2397; x_wconf 84' lang='lat' dir='ltr'><strong>dixit</strong></span> <span class='ocrx_word' id='word_1_469' title='bbox 1497 2366 1508 2383; x_wconf 88' lang='lat'>‘</span> <span class='ocrx_word' id='word_1_470' title='bbox 1523 2376 1614 2406; x_wconf 87' lang='lat' dir='ltr'><strong>myr-</strong></span> 
     </span>
     <span class='ocr_line' id='line_1_85' title="bbox 916 2415 1614 2455; baseline -0.001 -7"><span class='ocrx_word' id='word_1_471' title='bbox 916 2421 1008 2448; x_wconf 85' lang='lat' dir='ltr'><strong>team</strong></span> <span class='ocrx_word' id='word_1_472' title='bbox 1023 2415 1230 2448; x_wconf 72' lang='lat' dir='ltr'><strong>verbenam.¹</strong></span> <span class='ocrx_word' id='word_1_473' title='bbox 1263 2416 1354 2455; x_wconf 82' lang='lat' dir='ltr'><strong>Ergo</strong></span> <span class='ocrx_word' id='word_1_474' title='bbox 1363 2424 1426 2455; x_wconf 88' lang='lat' dir='ltr'><strong>per</strong></span> <span class='ocrx_word' id='word_1_475' title='bbox 1437 2416 1614 2447; x_wconf 84' lang='lat' dir='ltr'><strong>catachre-</strong></span> 
     </span>
     <span class='ocr_line' id='line_1_86' title="bbox 916 2464 1613 2506; baseline -0.001 -9"><span class='ocrx_word' id='word_1_476' title='bbox 916 2467 968 2497; x_wconf 81' lang='lat' dir='ltr'><strong>siu</strong></span> <span class='ocrx_word' id='word_1_477' title='bbox 981 2467 1139 2497; x_wconf 82' lang='lat' dir='ltr'><strong>verbeuae</strong></span> <span class='ocrx_word' id='word_1_478' title='bbox 1153 2464 1370 2505; x_wconf 88' lang='lat' dir='ltr'><strong>appellantur</strong></span> <span class='ocrx_word' id='word_1_479' title='bbox 1381 2464 1480 2504; x_wconf 85' lang='lat' dir='ltr'><strong>rami,</strong></span> <span class='ocrx_word' id='word_1_480' title='bbox 1493 2464 1613 2506; x_wconf 70' lang='lat' dir='ltr'><strong>virge,</strong></span> 
     </span>
     <span class='ocr_line' id='line_1_87' title="bbox 914 2513 1611 2555; baseline -0.001 -7"><span class='ocrx_word' id='word_1_481' title='bbox 914 2516 1066 2555; x_wconf 85' lang='lat' dir='ltr'><strong>frondes,</strong></span> <span class='ocrx_word' id='word_1_482' title='bbox 1089 2525 1108 2545; x_wconf 85' lang='lat' dir='ltr'><strong>e</strong></span> <span class='ocrx_word' id='word_1_483' title='bbox 1130 2515 1237 2553; x_wconf 89' lang='lat' dir='ltr'><strong>lauro,</strong></span> <span class='ocrx_word' id='word_1_484' title='bbox 1262 2518 1386 2554; x_wconf 85' lang='lat' dir='ltr'><strong>myrto,</strong></span> <span class='ocrx_word' id='word_1_485' title='bbox 1409 2513 1511 2550; x_wconf 84' lang='lat' dir='ltr'><strong>oliva,</strong></span> <span class='ocrx_word' id='word_1_486' title='bbox 1532 2524 1611 2547; x_wconf 90' lang='lat' dir='ltr'><strong>rore</strong></span> 
     </span>
     <span class='ocr_line' id='line_1_88' title="bbox 914 2563 1614 2605; baseline 0 -8"><span class='ocrx_word' id='word_1_487' title='bbox 914 2566 1055 2601; x_wconf 83' lang='lat' dir='ltr'><strong>marino,</strong></span> <span class='ocrx_word' id='word_1_488' title='bbox 1079 2565 1223 2605; x_wconf 85' lang='lat' dir='ltr'><strong>aliaeque</strong></span> <span class='ocrx_word' id='word_1_489' title='bbox 1247 2563 1365 2595; x_wconf 83' lang='lat' dir='ltr'><strong>felices</strong></span> <span class='ocrx_word' id='word_1_490' title='bbox 1387 2563 1503 2596; x_wconf 70' lang='lat' dir='ltr'><strong>herba</strong></span> <span class='ocrx_word' id='word_1_491' title='bbox 1534 2566 1614 2597; x_wconf 83' lang='lat' dir='ltr'><strong>reli-</strong></span> 
     </span>
     <span class='ocr_line' id='line_1_89' title="bbox 914 2613 1609 2656; baseline 0.001 -10"><span class='ocrx_word' id='word_1_492' title='bbox 914 2615 1005 2656; x_wconf 82' lang='lat' dir='ltr'><strong>gioni</strong></span> <span class='ocrx_word' id='word_1_493' title='bbox 1018 2619 1054 2645; x_wconf 91' lang='lat' dir='ltr'><strong>et</strong></span> <span class='ocrx_word' id='word_1_494' title='bbox 1068 2614 1173 2646; x_wconf 82' lang='lat' dir='ltr'><strong>sacris</strong></span> <span class='ocrx_word' id='word_1_495' title='bbox 1189 2613 1399 2645; x_wconf 83' lang='lat' dir='ltr'><strong>servientes:</strong></span> <span class='ocrx_word' id='word_1_496' title='bbox 1419 2613 1471 2645; x_wconf 85' lang='lat' dir='ltr'><strong>bis</strong></span> <span class='ocrx_word' id='word_1_497' title='bbox 1485 2623 1609 2656; x_wconf 84' lang='lat' dir='ltr'><strong>nempe</strong></span> 
     </span>
     <span class='ocr_line' id='line_1_90' title="bbox 913 2662 1608 2702; baseline 0 -6"><span class='ocrx_word' id='word_1_498' title='bbox 913 2674 988 2696; x_wconf 85' lang='lat' dir='ltr'><strong>aras</strong></span> <span class='ocrx_word' id='word_1_499' title='bbox 1015 2663 1243 2702; x_wconf 78' lang='lat' dir='ltr'><strong>coronabant3</strong></span> <span class='ocrx_word' id='word_1_500' title='bbox 1276 2662 1401 2694; x_wconf 85' lang='lat' dir='ltr'><strong>deinde</strong></span> <span class='ocrx_word' id='word_1_501' title='bbox 1427 2663 1504 2695; x_wconf 85' lang='lat' dir='ltr'><strong>thus</strong></span> <span class='ocrx_word' id='word_1_502' title='bbox 1528 2665 1608 2696; x_wconf 88' lang='lat' dir='ltr'><strong>ado-</strong></span> 
     </span>
     <span class='ocr_line' id='line_1_91' title="bbox 913 2712 1607 2755; baseline 0 -9"><span class='ocrx_word' id='word_1_503' title='bbox 913 2714 1050 2754; x_wconf 79' lang='lat' dir='ltr'><strong>lebaut3</strong></span> <span class='ocrx_word' id='word_1_504' title='bbox 1074 2718 1194 2755; x_wconf 85' lang='lat' dir='ltr'><strong>postea</strong></span> <span class='ocrx_word' id='word_1_505' title='bbox 1218 2712 1330 2745; x_wconf 88' lang='lat' dir='ltr'><strong>vinum</strong></span> <span class='ocrx_word' id='word_1_506' title='bbox 1346 2723 1365 2746; x_wconf 93' lang='lat' dir='ltr'><strong>e</strong></span> <span class='ocrx_word' id='word_1_507' title='bbox 1380 2718 1500 2754; x_wconf 80' lang='lat' dir='ltr'><strong>patera</strong></span> <span class='ocrx_word' id='word_1_508' title='bbox 1524 2714 1607 2746; x_wconf 84' lang='lat' dir='ltr'><strong>liha-</strong></span> 
     </span>
     <span class='ocr_line' id='line_1_92' title="bbox 913 2764 1007 2796; baseline -0.011 0"><span class='ocrx_word' id='word_1_509' title='bbox 913 2764 1007 2796; x_wconf 88' lang='lat' dir='ltr'><strong>bant.</strong></span> 
     </span>
    </p>
   </div>
  </div>
 </body>
</html>
