1916 3190
273 218 360 260 208
729 244 732 247 -
753 226 796 263 Q.
828 224 1036 254 HonATu
1071 223 1245 254 rnAccr

505 319 616 362 Cum
634 323 782 360 mente
800 332 812 370 ;
842 331 926 360 nec
949 323 1117 371 turpem
1138 321 1360 358 senectam

563 387 748 440 Degere,
768 397 849 426 nec
866 385 1034 426 cithara
1053 387 1283 425 carentem.

276 502 463 531 senectutem
477 500 586 531 ducere
598 498 679 530 haud
685 497 818 537 foedam,
833 505 949 537 quaeso,
961 498 993 526 et
1007 495 1077 536 lyra
1087 504 1149 527 mm
1163 495 1359 526 destitutam.

877 584 1118 597 eeeeeeeeeeee

278 653 376 685 Leid.
402 654 458 694 leg
460 653 487 684 it
516 653 597 684 Nic.
623 652 784 684 Heinsius
799 660 831 682 ιη
851 650 996 682 Advers.
1013 660 1046 691 p.
1062 653 1135 682 169.
1167 653 1212 689 at,
1226 658 1336 690 precor
1347 649 1476 687 Acron,
1489 648 1586 680 Harl
1603 652 1634 680 1.
1646 651 1678 680 2.
1693 651 1727 681 3.

276 699 351 727 4-5.
366 698 398 727 6.
421 696 498 726 libri
515 696 632 726 Bentl
649 695 794 725 Mentel.
819 693 962 724 venen.
985 695 1082 724 1492.
1104 693 1185 723 Vet.
1208 692 1329 723 cumb.
1345 691 1487 722 Ascens.
1514 691 1726 722 auaitum.

279 741 377 769 1531.
400 738 562 769 Glareau.
589 737 733 769 Locber.
762 735 861 767 Fabr.
885 736 1045 766 Ἰοιιειιῐ.
1072 735 1227 770 Rutgers.
1250 734 1370 766 Jones.
1394 734 1495 764 Baxt.
1519 733 1663 764 Gesner.
1689 738 1726 763 et

279 780 400 811 Comb.
419 789 468 818 ac,
481 790 589 820 precor
603 788 720 811 omnes
735 777 889 827 Cruquii‚
904 778 1028 808 Venet.
1039 779 1135 808 1478.
1149 776 1263 807 Bentl.
1279 776 1424 816 Cuning.
1437 776 1562 806 Sanad.
1574 780 1609 806 et
1622 774 1728 806 Kidd.

277 825 321 862 et,
335 831 441 862 precor
458 803 614 852 Lambini
631 821 735 853 lectio
752 830 770 850 e
787 820 856 850 suis
868 819 969 850 codd.
984 824 1020 850 et
1035 819 1083 850 sic
1096 819 1220 848 Venet.
1236 820 1330 849 1590.
1358 817 1442 849 Fab.
1459 818 1586 849 Dacer.
1602 817 1725 848 Heius.

274 864 396 904 steph.
413 865 529 895 Burm.
538 864 631 901 sani,
644 863 785 903 Bipont.
798 862 940 893 Mitnch.
956 861 1096 892 Wetzel.
1109 866 1146 891 et
1162 858 1299 891 Wakef.
1320 860 1467 900 adprecor
1481 859 1615 890 emend.
1632 859 1726 890 Mar·

277 906 333 938 cil.
344 915 387 936 ex
403 915 456 937 tv.
473 906 541 937 Od.
557 909 607 937 15.
623 908 677 936 28.
700 908 842 944 utprecor
854 904 979 943 Lips.l
984 905 1080 934 —19
1096 902 1212 933 Bentl.
1225 906 1262 932 et
1273 901 1418 951 Cuning.
1433 910 1476 931 ex
1493 901 1573 932 edd.
1589 901 1727 942 quibus—

275 947 367 985 dam,
378 952 465 979 antt.
482 947 740 978 distinctionem
757 946 883 977 tollunt
907 949 983 984 post
999 948 1115 976 mente.
1158 944 1324 975 Nostram
1340 943 1651 993 interpunctionem
1667 951 1727 982 ex-

276 990 369 1021 bibet
386 988 519 1020 Wakef.
537 993 680 1020 annotat
696 986 1044 1019 tameu:‘1nivimus
1060 986 1161 1017 aliam
1178 985 1351 1026 pungendi
1375 985 1558 1017 rationem.
1601 984 1644 1016 Iu
1667 994 1726 1016 no-

278 1032 417 1063 tissimis
433 1037 486 1062 est
500 1031 585 1062 illud
599 1030 759 1063 Juvenal.
773 1029 845 1060 Sat.
860 1037 897 1059 x.
915 1032 1032 1059 ‘mens
1048 1037 1129 1058 sana
1141 1027 1174 1058 in
1191 1035 1336 1067 corpore
1353 1026 1461 1058 sano!

932 1123 962 1155 N
969 1121 1072 1154 OTAE

276 1202 419 1232 Tzetzes
436 1200 478 1231 ad
494 1200 582 1232 hunc
600 1199 840 1241 Hesiodi'Emv.
859 1209 906 1230 vs.
922 1201 977 1230 41.

278 1251 350 1282 Οὐδ’
372 1250 448 1281 ὅσον
467 1251 500 1281 ἐν
519 1249 652 1292 μαλάχῃ
674 1262 711 1281 τε
737 1250 788 1281 καὶ
813 1248 979 1290 ἀσφοδέλῳ

276 1300 349 1339 μέγ’
358 1299 468 1341 ὄνειαρ.
488 1301 596 1341 Neque
606 1304 721 1331 nor-unt
728 1310 820 1340 quam
830 1309 978 1340 maguum

277 1351 320 1380 sit
336 1350 444 1380 bonum
459 1350 492 1380 in
506 1351 607 1380 malva
622 1353 653 1380 et
667 1350 841 1390 asphodelo.

323 1401 362 1429 17
387 1399 469 1431 Frui
489 1399 626 1441 paratis]
650 1399 869 1430 Ecclesiastae
893 1408 924 1430 c.
942 1407 978 1430 ν.

277 1453 287 1466 ‘
305 1449 367 1480 Cui
383 1448 479 1480 dedit
496 1450 591 1480 Deus
618 1449 758 1481 divitias
778 1453 882 1490 atque
898 1449 977 1480 sub·

279 1499 453 1536 stantiam,
482 1503 756 1539 potestatemque
791 1498 910 1530 tribuit
940 1502 978 1529 ut

278 1548 436 1578 comedat
451 1557 494 1578 ex
508 1547 570 1583 eis,
587 1552 622 1579 et
640 1546 772 1579 fruatur
787 1552 887 1588 parte
902 1558 976 1587 sua,

278 1602 313 1628 et
329 1597 467 1628 laetetur
482 1596 524 1628 de
538 1596 657 1628 labore
673 1607 746 1637 suo,
768 1597 831 1628 hoc
852 1598 976 1628 donum

279 1646 346 1678 Dei
361 1649 437 1677 est.'

323 1699 364 1727 18
380 1696 493 1737 Latoe']
509 1695 635 1736 Apollo
654 1695 742 1727 filius
759 1696 913 1736 Latonae,
928 1696 978 1727 in·

279 1744 322 1775 de
338 1745 466 1776 Latous
491 1749 528 1776 et
555 1745 716 1776 Latonius
741 1745 867 1785 dictus,
891 1746 980 1777 sicut

279 1798 316 1825 et
337 1794 452 1826 Diana
473 1794 549 1834 ejus
573 1803 679 1830 soror,
699 1799 736 1826 et
758 1794 878 1826 ecdem
901 1804 978 1826 cum

279 1853 321 1874 eo
338 1848 439 1883 partu
454 1844 558 1874 edita.

324 1893 382 1932 Et,
404 1894 527 1934 precor]
566 1893 644 1924 Nou
674 1893 818 1925 absurde
847 1894 978 1926 Theod.

281 1941 460 1972 Marcilius
505 1943 623 1982 quovis
670 1943 814 1983 pignore
854 1948 979 1983 certet,

279 1989 387 2020 fuisse
402 1999 423 2020 a
437 1999 538 2020 manu
555 1990 710 2022 Horatii:
733 2001 880 2031 appr-econ·
901 1993 979 2024 inte-

278 2048 339 2077 gra
356 2039 435 2068 Cum
449 2042 571 2074 mentm
594 2040 683 2070 sicut
701 2049 753 2070 xv.
769 2040 839 2071 Od.
857 2044 907 2071 15.
924 2043 978 2072 28.

279 2088 291 2104 ‘
309 2089 387 2120 Rite
405 2089 496 2120 Deos
512 2090 606 2128 prius
621 2089 823 2129 appreciati-³
860 2090 979 2120 Sacer-

279 2138 342 2170 dos
373 2138 530 2168 nimirum
566 2143 740 2178 precatur,
774 2145 980 2179 apprecatur

282 2188 438 2228 populus,
461 2186 496 2218 id
513 2192 578 2227 est,
597 2187 703 2218 verba
725 2189 897 2228 precantis
919 2189 979 2220 Sa·

281 2236 432 2268 cerdotis
458 2236 581 2276 iterat;
616 2236 718 2277 qnod,
738 2237 748 2254 ‘
773 2237 890 2269 favere
917 2238 979 2268 liu-

282 2284 383 2327 guis,’
398 2285 588 2316 dicebatur.
632 2285 689 2318 Ita
704 2287 774 2318 ille.

326 2337 369 2366 19
393 2335 462 2366 Nec
475 2338 598 2375 eur-pem
610 2337 779 2378 senectam]
805 2336 883 2368 Non
905 2346 979 2368 cor-

283 2385 376 2426 poris
390 2384 643 2416 infirmitatibus
658 2390 716 2417 aut
727 2386 828 2417 animi
841 2396 979 2427 gravem

283 2439 320 2466 et
344 2434 542 2472 molestam;
564 2442 633 2464 non
659 2434 864 2476 languidam,
891 2436 981 2466 iner-

283 2490 366 2524 tem,
378 2484 596 2525 imbecillam,
606 2494 675 2516 non
688 2485 901 2526 delirantem,
913 2496 980 2518 non

284 2535 473 2576 querulam,
488 2544 666 2574 morosam,
680 2535 829 2576 anxiam,
850 2535 908 2566 sed
927 2545 981 2567 ve-

286 2590 410 2625 getam,
421 2584 630 2624 honoratam,
638 2584 834 2625 jucundam.
861 2584 982 2618 Cicero

1031 1198 1074 1230 de
1100 1198 1238 1230 Senect.
1259 1207 1303 1229 ex
1325 1196 1484 1229 Coecilio:
1509 1195 1521 1214 ‘
1535 1195 1614 1228 Hoc
1629 1196 1661 1227 in
1678 1205 1731 1228 se·

1031 1253 1133 1280 necta
1154 1248 1390 1288 miserrimum,
1410 1247 1538 1279 sentire
1560 1256 1603 1278 ea
1625 1250 1729 1278 aetate

1030 1308 1104 1330 esse
1134 1308 1170 1329 se
1198 1298 1351 1330 odiosum
1376 1297 1500 1329 alteri.'
1542 1297 1636 1329 Pliu.
1659 1305 1730 1330 vn.

1029 1352 1083 1381 50.
1099 1351 1109 1367 ‘
1122 1349 1163 1380 In
1174 1348 1377 1385 senectute:
1387 1349 1508 1390 iuquit,
1518 1349 1730 1380 ‘hebescunt

1030 1408 1159 1435 sensus,
1175 1399 1327 1430 membra
1349 1402 1498 1440 torpent,
1515 1399 1731 1440 praemoritur

1030 1450 1134 1487 visus,
1151 1449 1299 1488 auditus,
1311 1449 1475 1488 incessus,
1489 1449 1610 1481 dentes
1625 1448 1729 1480 etiam

1033 1508 1073 1529 ac
1101 1498 1253 1529 ciborum
1284 1498 1534 1530 instrumenta!
1575 1499 1664 1530 Vide
1694 1502 1730 1530 et

1031 1557 1109 1588 cap.
1138 1549 1191 1578 48.
1214 1546 1366 1587 ejusdem
1395 1547 1487 1586 libri,
1518 1547 1575 1578 ubi
1601 1548 1731 1578 mentio

1031 1597 1075 1628 de
1098 1596 1229 1637 Gorgia
1252 1596 1432 1636 Leontino,
1453 1596 1511 1637 qui
1533 1601 1669 1628 centum
1693 1601 1731 1629 et

1033 1653 1164 1688 septem
1185 1646 1369 1687 complevit
1393 1655 1516 1678 annos:
1542 1646 1730 1687 iuterroga-

1033 1703 1088 1729 tus
1104 1702 1218 1729 autem
1234 1706 1300 1738 qua
1314 1696 1446 1728 ratione
1465 1697 1595 1728 tamdiu
1611 1697 1731 1729 fuisset

1033 1746 1174 1777 robusto
1203 1755 1362 1786 corpore,
1388 1746 1543 1778 sensibus
1576 1747 1730 1788 integris.

1032 1797 1191 1827 memoria
1205 1796 1314 1834 firma,
1330 1796 1466 1836 ingenio
1483 1801 1625 1839 vegeto,⁴
1638 1806 1732 1837 pros-

1033 1855 1118 1888 pera
1132 1846 1281 1887 deniqne
1303 1846 1512 1886 valetudine,
1532 1847 1730 1888 respondit:

1033 1895 1123 1927 οὐδὲν
1143 1895 1269 1927 πώποτε
1284 1895 1395 1934 ἡδονῆς
1415 1894 1508 1928 ἕνεκα
1522 1895 1650 1938 πράξας,
1673 1897 1735 1929 Na·-

1032 1947 1079 1978 hit
1093 1956 1227 1987 unquam
1241 1947 1412 1988 voluptatis
1423 1947 1658 1986 musasuciens.
1696 1948 1732 1980 Is

1033 1996 1253 2035 Empedoclis
1279 1996 1391 2027 fuerat
1412 1997 1622 2038 discipulum
1645 2007 1730 2038 prae·

1033 2050 1157 2083 ceptor
1171 2050 1284 2075 autem
1297 2046 1456 2084 Periclis,
1466 2046 1642 2087 Isocratis,
1653 2047 1733 2079 alio-

1034 2101 1187 2132 rumque.
1239 2094 1315 2125 Cic.
1344 2094 1388 2124 de
1411 2095 1550 2127 Senect.
1575 2104 1611 2127 et
1637 2097 1731 2127 alibi.

1032 2142 1234 2173 Philostrat.
1250 2142 1365 2182 Plato,
1379 2145 1445 2174 dte.

1075 2195 1117 2222 20
1141 2192 1210 2223 Nec
1235 2192 1359 2223 cithara
1384 2192 1554 2233 carentem]
1576 2193 1731 2226 Poesees

1032 2238 1209 2281 facultate,
1221 2250 1296 2282 quae
1308 2242 1397 2272 solet
1415 2242 1448 2272 in
1461 2242 1599 2273 senibus
1616 2253 1732 2276 senes-

1033 2299 1131 2320 cere:
1151 2290 1204 2320 vel
1221 2290 1391 2322 suavitate
1405 2291 1538 2322 musicae
1552 2297 1587 2324 et
1603 2298 1733 2334 cantus,

1033 2349 1100 2380 qna
1124 2339 1226 2370 Solon
1248 2344 1405 2370 narratur
1429 2342 1617 2373 senectutis
1642 2343 1732 2374 mala

1033 2393 1243 2429 temperasse
1271 2398 1311 2419 ac
1339 2389 1489 2421 levasse:
1513 2395 1548 2420 et
1570 2390 1731 2422 Socrates

1033 2443 1137 2470 aetate
1155 2443 1339 2479 provectus
1355 2439 1495 2471 citharae
1517 2449 1657 2480 operam
1673 2441 1734 2472 de-

1034 2488 1133 2519 disse.
1177 2488 1233 2520 Sic
1249 2493 1285 2520 et
1302 2488 1454 2521 Achilles
1476 2490 1566 2531 apud
1586 2489 1732 2523 Homer.

1034 2537 1134 2570 Iliad.
1151 2542 1177 2571 1.
