1916 3190
252 235 338 277 320
731 248 776 287 Q.
807 246 1020 279 nons'rn
1054 249 1230 293 nacci

543 343 642 385 Nec
664 347 788 385 curat
807 343 944 385 Orion
962 342 1133 394 leones,

595 409 690 452 Aut
709 411 889 453 timidos
909 412 1075 465 agitare
1095 412 1264 464 lyncas,
1658 384 1716 454 40

253 523 363 562 raptus
385 530 540 553 oerummn
562 519 779 552 obliviscitur.-
799 530 856 552 nec
882 518 983 550 Orion
1008 519 1130 559 satagit
1151 519 1260 551 venari
1281 520 1381 551 leones
1395 521 1443 553 vel
1463 521 1571 562 lynces
1585 525 1717 557 meticu-

253 564 343 595 losos.

859 613 1021 627 “500‘oe
1025 613 1102 626 ‘N‘

252 679 578 712 Jani.Mente1.a
601 690 646 713 m.
674 691 728 722 pr.
754 689 860 713 somno
882 691 944 722 pro
965 690 1051 713 sono.
1053 683 1138 712 -40
1161 680 1287 712 Fae'rn
1309 690 1394 713 unus
1417 681 1550 713 Bersm.
1565 681 1717 713 Bentleii

252 723 372 755 Graev.
389 722 514 764 Regin.
532 723 689 755 Petrens.
705 724 785 755 Gal.
800 730 836 755 et
849 724 978 757 Battel.
1007 734 1028 755 a
1050 733 1094 755 ιιι.
1117 733 1185 755 sec.
1201 723 1351 760 timidam
1375 724 1436 756 sed
1462 724 1591 756 timidos
1611 725 1714 757 etiam

252 765 422 798 Priscian.
438 775 474 807 p.
487 768 563 798 698.
589 767 727 798 tumidas
741 766 817 799 Alt.
830 770 860 799 l.

909 851 1051 884 NOTAE

251 926 509 966 perverterent?
520 926 758 968 Porphyrione
772 927 870 967 duce,
883 926 956 968 qui-

251 976 328 1006 dam
342 976 462 1017 legunt
477 977 621 1013 laborem,
638 981 676 1008 et
690 977 848 1018 decipitur
865 978 954 1008 acci-

248 1026 348 1066 piunt
362 1035 424 1067 pro
439 1026 569 1067 decipit.
598 1027 770 1059 Quorsum
788 1036 869 1059 vero
883 1032 954 1058 tam

247 1074 362 1107 audax
389 1075 500 1116 figura
529 1081 633 1118 atque
656 1077 824 1108 mutatio?
869 1078 954 1108 Tur-

246 1125 355 1157 nebus
371 1125 480 1157 Alcaei
496 1126 632 1158 labores
650 1127 837 1169 intelligit3
855 1134 893 1161 ut
907 1129 953 1160 sit

249 1185 368 1207 sensus
383 1187 392 1207 :
425 1177 670 1209 Prometheum
700 1188 740 1210 ac
768 1179 952 1211 Tantalum

248 1226 407 1266 proprias
437 1226 596 1259 oblivisci
630 1237 760 1270 poenas,
794 1228 952 1261 delinitos

248 1276 382 1308 scilicet
398 1286 439 1309 ac
455 1278 562 1309 veluti
583 1278 748 1320 deceptos
761 1281 858 1311 suavi
873 1290 953 1312 can-

249 1332 287 1357 tu
311 1331 348 1359 et
363 1328 560 1359 narratione
576 1329 729 1361 laborum
747 1330 881 1370 Alcaei3
909 1330 951 1361 de

246 1377 369 1416 quibus
385 1387 502 1418 supra.
549 1379 674 1410 Verum
687 1379 730 1410 de
752 1379 952 1411 Promethei

246 1426 450 1469 Tantalique
480 1428 652 1460 laboribus
678 1430 734 1460 hic
759 1439 871 1462 sermo
898 1435 952 1462 est

246 1483 386 1519 apertus
408 1479 544 1519 quidem
567 1483 604 1511 et
622 1479 850 1512 manifestus:
875 1490 952 1512 sen-

246 1536 370 1568 susque
396 1532 473 1560 est:
496 1529 722 1562 Prometheus
747 1534 785 1562 et
809 1531 951 1572 Pelopis

246 1587 369 1618 parens
386 1577 479 1610 dulci
493 1588 576 1611 sono
590 1585 627 1611 et
641 1581 873 1612 modulatione
892 1582 951 1613 ΑΙ-

246 1629 310 1659 caei
340 1630 529 1662 carminum
557 1636 594 1663 et
623 1631 780 1672 Sapphus
803 1637 951 1675 uterque

245 1680 333 1713 adeo
348 1682 486 1723 capitur
501 1686 538 1714 et
552 1682 698 1723 fallitur,
712 1688 750 1715 ut
761 1685 858 1725 quasi
876 1694 952 1716 sen—

245 1740 318 1762 sum
344 1738 450 1773 atque
474 1733 672 1765 memoriam
698 1734 837 1766 amittat
862 1734 954 1767 labo-

245 1792 320 1814 rum
334 1787 371 1815 et
383 1785 597 1816 cruciatuum
613 1795 761 1817 suorum.

289 1836 332 1865 39
355 1834 424 1866 Nec
438 1839 529 1867 curat
543 1835 645 1866 Orion
656 1837 770 1877 leones,
785 1836 856 1877 ξω]
883 1836 952 1867 De-

244 1883 347 1925 nique
366 1884 474 1916 Orion
491 1895 568 1917 cum
585 1886 661 1917 aliis
684 1887 726 1917 ad
745 1886 952 1918 audiendum

246 1939 423 1973 properat,
450 1934 657 1976 abjectaque
680 1936 824 1967 venandi
856 1946 950 1976 cura,

249 1992 317 2023 qua
332 1983 421 2014 solet
436 1985 613 2024 occupari,
630 1985 671 2015 ad
693 1986 811 2016 dulces
828 1991 949 2018 cantus

245 2033 408 2064 accurrit.
431 2032 541 2065 Aiunt
556 2035 713 2065 nimirum
727 2035 845 2066 eadem
857 2036 950 2076 apud

245 2081 380 2114 Inferos
407 2083 537 2114 umbris
563 2084 674 2115 inesse
691 2094 730 2115 ac
747 2084 860 2125 vigere
877 2090 949 2116 stu-

244 2133 316 2174 dia,
332 2133 457 2174 quibus
472 2134 624 2164 viventes
639 2134 855 2166 tenebantur.
873 2136 948 2167 Vir·

246 2183 305 2224 gil.
319 2182 452 2215 AEneid.
468 2192 515 2214 vr.
532 2186 609 2214 653.
632 2184 642 2200 ‘
655 2184 742 2216 Quae
753 2186 863 2224 gratia
875 2195 948 2216 cur-

244 2232 587 2274 rumArmorumque
604 2232 667 2263 fuit
685 2233 784 2273 vivis,
797 2244 873 2275 quae
890 2245 947 2266 cu-

246 2293 285 2314 ra
311 2283 466 2314 nitentes
497 2283 647 2314 Pascere
679 2292 798 2324 equos,
827 2284 948 2316 eadem

246 2333 401 2375 sequitur
413 2334 539 2365 tellure
546 2333 727 2375 repostos.’
744 2334 849 2366 Ovid.
858 2335 949 2366 Met.

245 2393 297 2416 lv.
312 2386 388 2416 433.
410 2384 420 2401 ‘
435 2384 563 2415 Errant
583 2382 770 2424 exsangues
786 2384 860 2416 sine
874 2394 950 2416 cor·

247 2443 331 2475 pore
347 2439 382 2465 et
397 2433 530 2465 ossibus
543 2433 684 2465 umbrae.
728 2433 882 2475 Parsque
896 2433 947 2466 fo-

244 2492 320 2515 rum
336 2483 540 2525 celebrant;
557 2492 636 2525 pars
647 2483 707 2515 imi
723 2487 817 2515 tecta
833 2488 945 2526 tyran·

1007 925 1064 964 ni3
1094 925 1181 957 Pars
1203 925 1333 967 aliquas
1358 928 1450 957 artes
1473 925 1623 968 antiquae
1639 925 1714 958 imi-

1007 975 1139 1007 tamina
1175 976 1257 1006 vitae
1293 975 1492 1008 Exercent-⁹
1550 977 1639 1009 Vide
1675 981 1713 1009 et

1008 1026 1138 1067 Odyss.
1153 1029 1191 1057 Λ.
1207 1031 1243 1057 et
1260 1026 1419 1058 Macrob.
1435 1026 1470 1057 in
1485 1026 1600 1060 Somn.
1615 1027 1712 1069 Scip-

1007 1085 1032 1108 1.
1045 1079 1078 1108 9.
1093 1078 1158 1108 &c-
1203 1076 1256 1107 En
1275 1085 1358 1108 vero
1373 1086 1439 1118 quo
1449 1077 1538 1109 solet
1552 1077 1586 1109 iu
1599 1077 1713 1109 Hora-

1007 1127 1091 1158 tium
1123 1127 1236 1158 animo
1260 1126 1388 1158 bellum
1413 1131 1528 1159 movet
1558 1127 1713 1168 Scaliger

1006 1177 1070 1209 hoc
1095 1177 1198 1208 etiam
1227 1177 1323 1208 loco:
1349 1177 1358 1193 ¹
1378 1176 1564 1217 Nondum‚'
1587 1177 1713 1218 inquit,

1008 1227 1018 1244 ‘
1033 1228 1125 1269 apud
1145 1226 1279 1259 Inferos
1303 1228 1377 1259 haec
1401 1227 1528 1264 inveni,
1547 1232 1607 1260 aut
1629 1228 1715 1260 Pro·

1007 1278 1179 1310 metheum
1215 1277 1394 1310 tormentis
1432 1277 1618 1319 addictum,
1653 1283 1714 1310 aut

1008 1329 1139 1362 Oriona
1155 1329 1364 1362 venantem.'
1408 1330 1559 1371 Ergone,
1572 1330 1623 1361 vir
1635 1339 1712 1371 per-

1007 1380 1138 1419 spicax,
1166 1380 1329 1421 quicquid
1359 1389 1471 1412 rerum
1501 1380 1550 1411 ibi
1579 1379 1711 1421 geritur

1006 1429 1237 1469 perspexisti?
1268 1438 1310 1460 aa
1333 1429 1404 1460 illic
1427 1428 1621 1460 diversatus
1650 1429 1712 1460 ali-

1006 1478 1143 1518 quando
1170 1478 1307 1519 singula
1329 1478 1438 1510 otiose
1461 1482 1598 1520 tamque
1619 1479 1710 1511 lucu-

1004 1528 1118 1559 lenter
1143 1527 1329 1569 indagati,
1349 1533 1388 1560 ut
1409 1533 1647 1560 asseveranter
1662 1529 1712 1560 di-

1006 1588 1063 1609 cas
1079 1578 1291 1619 scribasque,
1316 1579 1390 1611 haec
1407 1589 1427 1610 a
1447 1584 1481 1610 te
1501 1578 1549 1610 ibi
1570 1579 1709 1610 minime

1006 1627 1080 1658 visa
1089 1632 1150 1659 aut
1165 1632 1319 1669 reperta,
1333 1638 1409 1670 quae
1421 1633 1536 1660 tamen
1552 1638 1595 1660 ex
1613 1629 1710 1660 Aris-

1008 1678 1126 1709 totelis
1151 1678 1264 1717 citati,
1288 1678 1372 1709 item
1394 1687 1439 1710 ex
1458 1679 1605 1711 Homeri
1628 1689 1708 1712 mox

1008 1728 1140 1760 citandi
1167 1727 1250 1768 fide,
1275 1728 1422 1759 inveniri
1447 1729 1539 1761 ultro
1559 1729 1708 1772 credam,

1008 1784 1112 1821 teque
1127 1779 1270 1821 exploso
1285 1780 1430 1811 credent
1444 1779 1524 1811 alii?

1051 1830 1168 1871 Orion]
1208 1830 1262 1862 De
1287 1839 1330 1861 eo
1359 1829 1454 1862 varie
1482 1829 1707 1862 fabulantur:

1006 1880 1092 1912 illud
1108 1885 1258 1919 constat,
1272 1889 1385 1913 acrem
1405 1885 1444 1912 et
1459 1885 1636 1913 strenuum
1652 1891 1709 1914 ve-

1006 1936 1159 1963 natorem
1176 1931 1343 1963 extitisse.
1389 1931 1560 1964 Homerus
1583 1931 1711 1974 Odyss.·

1004 1985 1042 2015 A.
1066 1982 1169 2023 paulo
1206 1987 1288 2014 ante
1324 1981 1441 2024 finem,
1469 1989 1588 2015 narrat
1616 1983 1709 2016 hunc

1004 2032 1119 2072 ‘apud
1148 2031 1283 2063 Inferos
1313 2034 1417 2064 etiam
1457 2033 1564 2065 visum
1593 2033 1708 2075 Ulyssi

1004 2091 1067 2122 per
1078 2081 1235 2113 floridum
1251 2088 1385 2122 pratum
1399 2084 1489 2115 feras
1503 2094 1708 2127 persequen-

1006 2138 1085 2168 tem,
1098 2132 1133 2163 iu
1145 2131 1288 2163 desertis
1300 2137 1412 2164 autem
1426 2135 1599 2166 montibus
1609 2136 1706 2167 clava

1003 2181 1119 2214 ferrea
1134 2182 1378 2223 occidentem,'
1390 2185 1457 2215 &c-

1044 2234 1087 2262 40
1110 2232 1248 2273 Lyncus]
1273 2233 1368 2273 Lynx
1381 2233 1504 2265 animal
1517 2233 1627 2274 pardo
1637 2242 1704 2265 non

1003 2290 1140 2321 prorsus
1173 2282 1340 2320 absimile,
1374 2292 1418 2314 ex
1454 2283 1623 2321 Gesnero,
1660 2284 1704 2316 de

1003 2331 1111 2372 quadr
1161 2332 1323 2372 ‚perinde
1335 2334 1554 2365 maculosum.
1578 2334 1702 2376 virgil.

1002 2381 1076 2414 AEn.
1091 2391 1118 2414 1.
1154 2385 1207 2414 2⁷.
1230 2381 1428 2413 Acutissimi
1443 2383 1544 2421 visus,
1560 2393 1603 2416 ex
1621 2384 1702 2416 Plu·

1003 2433 1111 2465 tarch.
1127 2432 1216 2465 Plin.
1235 2440 1372 2466 xxvrn.
1386 2435 1419 2465 8.
1430 2435 1494 2466 &c.

1908 2979 1916 3083 ,Mn-.-
1908 2861 1916 2964 .x-..mnn
1912 2831 1916 2851 -.
1912 2739 1916 2780 ---
