1916 3190
804 209 1075 242 PRAEPATlo.
1644 199 1673 239 5

214 306 352 348 etiam
381 291 788 359 antiquissimorum
823 303 1145 357 exemplarium
1176 302 1368 357 copiam,
1390 307 1435 344 et
1463 305 1673 346 adhibeat

214 372 272 415 ad
290 385 387 414 eam
407 385 499 413 rem
517 371 770 425 patientiam
793 371 906 412 satis
926 371 1123 424 longam,
1143 370 1220 411 ille
1239 370 1351 412 forte
1370 369 1443 412 bic
1462 370 1564 412 inde
1593 371 1672 413 ad-

212 439 299 481 huc
317 440 434 481 ultra
450 439 692 480 Baxterum
713 437 881 480 Flacco
900 438 1112 491 prodesse
1132 441 1276 491 queat.

272 505 451 560 Nempe
488 505 547 546 ad
582 505 671 546 hoc
708 517 825 546 nunc
860 504 1127 554 veniendum
1166 509 1253 544 est.
1327 503 1669 546 Wrnmssmws

213 573 532 622 BAx'rssRUS,⁸
550 573 618 613 vir
645 571 818 622 doctuS,
852 570 1068 613 Richardi
1102 570 1266 612 nobilis
1299 570 1515 623 Theologi
1535 571 1669 612 fratre

212 639 405 692 genitus,
425 638 606 690 ὀψιμαθὴς
625 638 700 681 ille
719 638 912 693 quidem,
930 638 1011 680 sed
1032 639 1141 679 item
1157 643 1303 679 tamen
1322 637 1670 690 πολυμαθέστατες,

214 705 295 761 qui
314 706 361 754 in
378 705 516 747 literis
534 706 797 760 antiquariis
830 705 1138 746 Britannorum
1158 717 1351 756 suorum,
1372 708 1463 746 tum
1485 704 1670 748 Graeco-

212 785 311 815 rum
331 772 739 827 Romanorumque,
761 778 807 814 et
826 773 1108 814 institutione
1129 784 1377 825 puerorum,
1402 778 1448 813 et
1469 785 1514 813 re
1536 774 1671 823 tenni,

213 839 457 890 consenuit,
478 843 630 881 auctor
659 843 672 861 ‘
688 839 911 882 Glossarii
929 838 1262 893 Antiquitatum
1284 839 1672 889 Britannicarum‚'

213 904 336 947 dedit
354 905 543 948 Londini
563 917 793 955 οιοιοοοῐ,
813 905 914 948 Svo.
947 909 960 927 ‘
985 904 1042 958 Q.
1067 906 1246 948 Horatii
1269 906 1425 947 Flacci
1447 906 1672 959 Eclogas,'

213 984 314 1014 cum
334 971 518 1014 scholiis
549 973 798 1027 ‘praecipue
829 972 1105 1026 antiquorum
1128 972 1546 1022 Grammaticorum,
1575 973 1671 1014 He-

212 1038 318 1080 lenii
334 1038 541 1089 Acronis,
555 1039 886 1093 Pomponiique
907 1039 1239 1094 Porphyrionis,
1252 1053 1439 1094 quorum
1456 1041 1672 1094 reliquias

213 1104 348 1148 soedis
367 1106 783 1160 interpolationibus
802 1111 1015 1159 purgatas
1035 1119 1089 1147 ac
1108 1106 1199 1147 fere
1220 1107 1419 1159 integras
1439 1106 1672 1160 reponere’

214 1184 264 1213 se
281 1173 483 1226 putabat.
524 1172 684 1214 Utrum
704 1185 789 1213 suo
810 1172 951 1213 solius
969 1173 1148 1226 ingenio
1168 1178 1214 1213 et
1227 1173 1399 1227 judicio
1419 1174 1464 1215 in
1481 1187 1672 1215 censura

213 1237 292 1281 illa
326 1237 588 1292 delectuque
620 1243 823 1279 versatus
853 1239 926 1288 sit,
964 1252 1020 1279 an
1063 1239 1307 1293 adjirmenti
1341 1241 1581 1295 quicquam
1612 1254 1670 1282 ex

214 1305 410 1359 antiquis
438 1305 562 1346 libris
589 1304 812 1355 habuerit,
832 1319 1070 1360 nusquam,
1094 1311 1218 1361 puto,
1238 1307 1432 1350 indicat:
1464 1308 1541 1349 sed
1563 1308 1668 1349 dum

213 1371 267 1413 (le
297 1373 520 1427 praesidiis
555 1374 753 1416 externis
792 1379 926 1426 tacet,
957 1374 1135 1426 fatetur,
1171 1375 1321 1426 credo,
1354 1375 1476 1418 nulla
1510 1389 1560 1418 se
1591 1376 1670 1418 ha·

212 1442 381 1487 baisse.

271 1509 477 1558 Ceterum
510 1511 616 1553 mihi
646 1523 735 1552 non
766 1516 837 1553 est
868 1511 1065 1562 dubium,
1102 1512 1210 1565 quin
1251 1513 1509 1567 plerumque
1549 1518 1668 1555 certe

210 1576 323 1618 bene
345 1577 555 1631 judicarit
584 1579 680 1620 ‘vir
696 1579 938 1621 reconditae
958 1578 1247 1630 eruditionis,'
1277 1586 1329 1622 ut
1357 1581 1484 1622 illum
1514 1581 1668 1635 appel·

209 1642 272 1687 lat
299 1656 476 1685 severus
507 1657 665 1686 censor
694 1645 925 1688 Bentleius
952 1646 1010 1687 ad
1048 1658 1081 1687 1.
1115 1645 1204 1687 Od.
1236 1648 1279 1689 3.
1302 1648 1374 1689 20.
1406 1649 1483 1702 qui
1514 1651 1526 1669 ‘
1547 1647 1669 1688 docti

209 1709 486 1764 interpretis'
517 1711 712 1764 elogium
742 1708 807 1754 illi
837 1726 925 1754 non
955 1713 1138 1762 invidet,
1158 1726 1299 1767 neque
1319 1727 1419 1754 eum
1441 1715 1668 1767 reprehen-

210 1775 290 1826 dit,
308 1782 360 1819 nt
376 1779 436 1819 ad
457 1789 510 1818 ιι.
530 1778 624 1819 Sat.
643 1778 687 1818 3.
706 1777 779 1818 28.
799 1778 846 1819 it.
869 1789 923 1818 11.
944 1779 1036 1820 Sat.
1054 1780 1097 1819 4.
1116 1779 1189 1819 67.
1250 1779 1310 1819 Et
1338 1792 1447 1820 sane
1471 1780 1667 1822 eruditus

212 1848 299 1892 est,
317 1855 372 1884 ac
389 1844 605 1885 doctrinae
623 1843 816 1884 melioris
834 1844 1006 1896 aliquid
1023 1844 1155 1884 nobis
1173 1845 1387 1898 impertit,
1407 1846 1543 1887 etiam
1563 1860 1667 1890 curn

210 1910 341 1958 errat,
361 1914 438 1951 aut
461 1908 595 1948 nimis
623 1907 822 1960 indulget
849 1908 1052 1960 ingeni03
1081 1908 1127 1949 id
1147 1910 1268 1963 quod
1293 1913 1526 1966 praecipue
1548 1914 1667 1956 circa

209 1974 312 2020 illas
331 1973 551 2029 Dilogias‚
571 1972 603 2014 i.
623 1986 663 2014 e.
693 1972 960 2027 AllegoriaS,
981 1978 1209 2030 tantopere
1230 1983 1403 2020 amatas
1424 1980 1537 2030 viro,
1559 1994 1667 2023 con-

207 2041 371 2094 tingere
390 2041 594 2090 observo,
613 2053 655 2081 v.
676 2054 718 2094 g.
755 2052 790 2083 1.
810 2041 896 2083 Od.
918 2043 988 2084 15.
1009 2048 1055 2084 et
1074 2043 1148 2086 28.
1172 2050 1220 2086 et
1248 2045 1319 2086 34.
1351 2046 1403 2086 it.
1434 2057 1488 2088 ιι.
1512 2046 1598 2089 Od.
1621 2049 1663 2090 1.

207 2108 278 2149 ll.
299 2111 342 2149 et
359 2107 403 2149 3.
421 2108 466 2148 3.
485 2113 531 2148 et
549 2107 590 2149 4.
611 2107 654 2148 1.
686 2110 821 2161 atque
839 2108 882 2149 6.
922 2108 1112 2163 deniqne
1141 2110 1332 2164 Epodon
1367 2123 1484 2154 xllx.
1517 2115 1586 2156 12.
1618 2117 1663 2157 in

207 2174 367 2227 quibus
386 2173 501 2216 locis
517 2185 674 2227 pamm
694 2173 867 2216 videtur
885 2188 1053 2218 memor
1071 2176 1208 2218 fuisse
1234 2191 1398 2230 eorum,
1418 2193 1520 2234 quae
1541 2183 1663 2223 salu—

205 2240 273 2282 bri
293 2240 479 2282 consilio
496 2240 596 2294 ipse
627 2241 801 2283 monuit
821 2242 878 2283 ad
900 2253 968 2283 lv.
998 2242 1088 2285 Od.
1112 2245 1155 2286 7.
1176 2245 1245 2286 10.
1276 2245 1390 2299 (vid.
1418 2247 1665 2303 Addend.¹’)

166 2297 185 2311 ⁸
207 2306 287 2348 sed
306 2311 356 2349 ut
374 2307 507 2349 simul
526 2314 724 2349 moneret
742 2308 799 2349 de
829 2311 843 2330 ‘
860 2310 1004 2352 tribus
1026 2310 1175 2362 horis,'
1197 2325 1234 2352 s.
1256 2314 1360 2354 anni
1390 2316 1663 2370 tempestati·

205 2373 307 2424 buS,
324 2373 443 2427 quod
472 2373 626 2416 nescio
664 2387 723 2416 an
752 2375 922 2418 Latinis
953 2377 1094 2419 literis
1128 2378 1354 2431 proditum
1386 2380 1459 2421 sit.
1520 2380 1657 2431 Quod

205 2440 435 2494 posteriori
453 2439 659 2483 Editione
685 2454 864 2484 amarus
893 2444 1112 2498 interdum
1130 2445 1309 2487 videtur
1331 2446 1377 2486 in
1399 2446 1660 2499 Bentleium,

205 2504 317 2547 forte
338 2506 395 2548 ab
413 2506 491 2551 illo
511 2511 1056 2564 contemtumseputabat,
1074 2511 1181 2562 (vid.
1202 2511 1259 2553 ad
1281 2522 1348 2552 1v.
1368 2511 1453 2562 Od.
1474 2514 1544 2556 14.
1565 2513 1662 2569 10.)

249 2630 265 2646 ⁸
285 2626 352 2659 Qui
367 2626 410 2658 de
423 2625 489 2658 viri
503 2627 587 2659 vita
601 2631 639 2660 et
662 2628 776 2660 Libris
798 2630 901 2662 editis
956 2631 1116 2672 primum.

207 2673 411 2717 ineditisque
434 2675 552 2708 doceri
574 2677 704 2718 volunt,
724 2679 820 2711 adire
843 2679 902 2711 de·
996 2680 1027 2721 [δ
1048 2680 1105 2712 Ad
1135 2680 1279 2713 Baxteri
1301 2690 1349 2714 sc.
1374 2681 1505 2715 Notum
1531 2682 1567 2715 in
1591 2683 1656 2715 Ed.

127 2764 131 2767 Δ
208 2723 291 2756 beat
312 2724 526 2766 Biographiae
548 2726 759 2762 Britannice
773 2735 902 2763 tomum
955 2730 1082 2771 Gesm]
