1916 3190
164 1125 166 1128 ,
235 1091 356 1123 Comb.
381 1092 526 1124 Locher.
557 1092 706 1124 Ascens.
740 1091 861 1124 Lamb.
889 1092 1012 1135 Steph.
1038 1092 1091 1124 Ru

235 229 323 272 314
722 240 767 279 Q.
798 239 1009 271 norem-11
1043 239 1217 272 amem

466 333 524 376 Et
543 333 752 389 quicquid
771 346 960 387 usquam
981 331 1231 386 concipitur
1249 332 1391 384 nefas,

464 401 708 453 Tractavit,
728 414 832 454 agro
852 401 930 456 qui
951 401 1108 443 statuit
1125 412 1225 443 meo

519 469 587 510 Te
609 469 732 511 triste
750 469 932 522 lignum,
950 472 994 510 te
1010 466 1233 511 caducum

580 536 635 578 In
655 536 822 578 domini
844 541 981 590 caput
1000 535 1281 578 immerentis.

465 603 588 655 Quid
606 604 795 659 quisque
814 604 937 654 vitet,
954 615 1179 657 nunquam
1198 601 1366 644 homini
1385 600 1496 645 satis

465 670 657 713 Cautum
678 676 762 723 est,
781 672 826 713 in
844 671 1006 713 horas:
1036 671 1188 712 navita
1206 670 1466 724 Bosporum

1639 400 1695 442 10

238 815 407 856 Colchidis,
430 819 684 866 etflquodcquue
697 817 993 867 uspiomflagity'um
1006 817 1112 867 animo
1126 817 1275 856 volvitur,
1287 815 1490 867 prceparavif,
1501 814 1556 855 qui
1571 814 1605 846 in
1619 823 1696 853 agro

233 867 299 891 meo
321 860 482 891 collocavit
505 863 536 891 te
558 861 678 900 legnum
699 860 823 900 anselm,
837 864 868 892 te
883 870 1041 892 rumosam
1055 870 1090 892 m
1104 863 1198 900 caput
1210 861 1328 892 domm
1343 868 1479 891 innocua.
1526 858 1697 898 Nunquam

233 901 315 934 sacis
330 902 418 934 homo
430 903 594 943 providere
602 906 705 943 potest
722 904 797 944 quid
807 913 867 944 per
879 903 972 934 horas
986 903 1128 943 singulas
1139 902 1267 944 quilibet
1279 903 1442 935 elatem.
1488 900 1599 932 Notata
1617 899 1697 930 Car-

845 994 1086 1008 000000060000

234 1052 268 1081 5.
293 1051 326 1080 6.
351 1050 451 1081 Dess.
476 1052 508 1081 2.
541 1049 655 1081 Pulm.
676 1049 797 1082 Hunu.
833 1049 1011 1083 Gemblac.
1037 1051 1070 1081 2.
1103 1053 1142 1082 et
1176 1049 1305 1082 Beller.
1331 1047 1420 1081 Altt.
1447 1047 1591 1081 Venett.
1615 1048 1697 1084 Yet.

1095 1095 1145 1133 tg.
1173 1092 1258 1124 Fab.
1286 1091 1407 1125 Heius.
1435 1090 1539 1124 Fabr.
1565 1090 1698 1127 m.

234 1134 340 1167 Baxt.
381 1134 494 1167 Bond.
525 1135 704 1167 Schrevel.
734 1134 864 1177 Delph.
900 1140 936 1167 et
969 1134 1090 1167 Comb.
1148 1135 1275 1166 Colckio
1298 1134 1415 1166 Bentl.
1450 1132 1577 1179 Regu.
1609 1143 1700 1166 uuus

234 1177 370 1209 Bersm.
420 1177 535 1209 Colcho
550 1177 594 1220 (s.
613 1176 746 1219 Cholca)
768 1178 838 1210 duo
863 1177 997 1211 Nicott.
1021 1177 1185 1211 Russard.
1213 1182 1250 1209 et
1272 1176 1369 1220 quid.
1393 1176 1451 1209 aui
1471 1177 1595 1214 lamb.
1621 1176 1700 1208 libri

234 1219 372 1252 Marcii.
393 1220 462 1252 duo
486 1220 634 1252 Blandd.
656 1221 834 1262 antiquiss.
860 1220 943 1253 item
973 1230 1060 1253 unus
1091 1220 1216 1252 Bland.
1241 1230 1261 1252 a
1283 1230 1327 1252 m.
1351 1229 1378 1252 s.
1396 1219 1510 1255 ω.
1532 1229 1552 1251 a
1574 1229 1620 1251 m.
1643 1229 1698 1260 pr.

234 1262 317 1294 Div.
339 1272 360 1294 a
382 1272 427 1295 m.
452 1273 481 1295 s.
505 1273 561 1304 ap.
588 1264 694 1305 Cruq.
720 1264 867 1296 Mentel.
888 1264 1000 1296 Pulm.
1022 1263 1205 1296 Gemblac.
1220 1266 1253 1296 1.
1277 1263 1424 1305 Μ.
1447 1272 1534 1294 unus
1556 1263 1693 1294 Bersrn.

234 1305 336 1336 Dess.
362 1308 392 1338 1.
420 1306 615 1338 Helmstad.
639 1306 749 1338 codex
776 1306 908 1338 Graevii
932 1306 1109 1338 vetustiss.
1137 1316 1193 1348 ap.
1215 1304 1434 1339 Brouckhus.
1464 1304 1509 1336 ad
1540 1305 1649 1346 Prop.
1670 1313 1697 1336 1.

234 1350 265 1378 1.
292 1350 346 1379 30.
401 1349 489 1379 Tum
528 1349 578 1380 sic
616 1349 701 1380 edit.
736 1349 882 1381 Mediol.
915 1352 1012 1381 1477.
1050 1350 1155 1392 Cruq.
1182 1349 1302 1382 Bentl.
1334 1348 1422 1380 Cun.
1459 1348 1541 1380 San.
1573 1347 1694 1381 Joues.

233 1389 324 1422 Sivr.
344 1390 438 1430 Jani,
460 1390 603 1431 Bipont.
629 1391 772 1422 Mitsch.
800 1392 943 1423 Wetzel.
966 1390 1103 1423 Wakef.
1130 1390 1364 1423 et·Kidd.—-9
1386 1391 1432 1422 Et
1457 1389 1605 1431 quicquid
1626 1399 1696 1420 aaa·

233 1441 327 1472 quom
347 1431 421 1464 Alt.
448 1435 565 1464 l.—ll
591 1432 689 1464 Idem
719 1433 830 1465 codex
853 1438 890 1465 et
911 1433 1068 1475 quaedam
1093 1433 1175 1465 edd.
1199 1438 1298 1465 teste·
1318 1432 1462 1465 Landiu.
1495 1435 1527 1464 te
1553 1441 1696 1464 casurum

234 1480 356 1506 contra
372 1479 518 1507 metrum
534 1485 543 1514 ;
566 1480 620 1507 est
635 1485 655 1506 e
671 1476 881 1516 glossa.—13
907 1477 999 1514 Quod
1013 1476 1142 1517 quisque
1166 1475 1235 1508 duo
1252 1475 1424 1512 Lambini,
1438 1474 1575 1515 quidam
1593 1474 1697 1506 Bers-

234 1517 362 1558 mauni,
378 1517 477 1559 Lips.
494 1520 525 1550 4.
551 1518 745 1550 Helmstad.
762 1518 869 1550 Brod.
884 1518 1031 1552 Ascens.
1045 1518 1190 1550 Locher.
1211 1521 1248 1550 et
1263 1518 1390 1549 Venet.
1404 1519 1589 1549 1492-14
1614 1516 1696 1548 Bos-

231 1559 375 1600 phorum,
388 1560 572 1599 Bosforum,
597 1561 700 1593 codd.
717 1570 776 1603 ap.
801 1561 904 1601 saun
937 1561 1137 1602 Bosphorum
1162 1561 1279 1593 multae
1305 1560 1386 1592 edd.
1408 1563 1494 1591 vett.
1518 1559 1698 1599 Bosporum

232 1602 411 1635 Schrevel.
426 1602 544 1635 Bentl.
559 1602 686 1635 Sanad.
706 1603 802 1645 Sani,
825 1603 968 1646 Bipont.
991 1603 1132 1636 Mitsch.
1151 1603 1298 1636 wetzel.
1319 1601 1456 1635 Wakef.
1485 1601 1592 1634 Kidd.
1617 1601 1695 1632 aliae
1740 1612 1745 1621 s

895 1688 1039 1721 NOTAE

234 1755 350 1783 rentes
371 1751 485 1783 locum
508 1755 630 1784 tenent
654 1751 797 1793 pupilli;
821 1761 941 1785 secuu-

233 1802 313 1834 dum
325 1802 486 1842 clientes;
504 1803 648 1834 tertium
657 1802 832 1845 hospites;
847 1807 942 1845 post·

235 1863 275 1885 ea
291 1854 443 1896 cognati,
459 1853 606 1890 affines,’
619 1856 687 1886 &c-

276 1906 296 1935 8
323 1904 448 1936 Venena
464 1904 596 1946 Colcha]
621 1904 758 1937 Colchis
775 1903 867 1936 Asioe
889 1913 941 1936 re-

235 1954 291 1994 gio
306 1953 351 1986 ad
367 1963 461 1986 oram
484 1955 610 1987 Euxini
633 1955 748 1994 maris,
763 1956 878 1988 Ponto
893 1955 942 1987 vi-

235 2003 328 2043 cina,
354 2003 457 2035 hodie
491 2004 681 2046 Mingrelia,
709 2009 834 2045 estque
862 2014 942 2046 pars

235 2053 409 2094 Georgiae.
454 2054 609 2086 Venenis
630 2059 745 2086 autem
762 2064 820 2086 eas
833 2048 955 2095 regio?

234 2112 295 2135 nes
316 2103 461 2135 famosas
486 2103 638 2135 reddidit
652 2105 708 2135 vel
731 2114 800 2135 uua
813 2104 943 2136 Medea

236 2153 342 2195 Regis
358 2153 560 2186 Colchorum
587 2153 659 2185 filia
673 2153 849 2186 veneficiis
871 2155 940 2186 suis

235 2203 387 2245 inclyta3
413 2204 467 2235 vel
488 2203 579 2245 quod
602 2206 612 2221 ¹
629 2208 821 2235 nascuntur
837 2203 941 2243 pluri-

234 2264 291 2286 ma
317 2254 457 2293 Ponto:
485 2258 524 2285 ut
553 2253 647 2285 canit
673 2253 798 2295 Virgil.
820 2253 940 2295 Eclog.

234 2313 318 2336 vnr.
356 2303 458 2336 Adde
481 2303 718 2335 Mithridatem
743 2303 848 2335 Ponti
872 2303 941 2335 Re-

236 2365 327 2396 gem,
343 2354 402 2396 qui
425 2354 566 2387 venenis
585 2355 690 2387 etiam
705 2353 844 2395 impune
866 2363 942 2386 ves-

237 2405 391 2438 cebatur.

283 2455 401 2487 Colcha
425 2454 606 2497 [colchica]
645 2453 796 2488 Quidam
822 2454 942 2495 legunt

240 2507 366 2547 Colcho,
380 2510 419 2538 ut
433 2516 518 2547 opus
536 2515 603 2537 non
619 2505 663 2537 sit
678 2505 831 2537 ultimam
846 2504 944 2546 hujtis

239 2566 357 2589 versus
382 2555 548 2598 syllabam
570 2555 716 2598 rejicere
739 2554 783 2587 ad
797 2563 944 2597 sequeu-

240 2613 311 2638 tem
326 2616 476 2638 versum.

281 2660 322 2688 11
348 2657 455 2689 Triste
470 2657 607 2700 lignum]
625 2656 788 2690 Infelices
804 2656 945 2690 arbores

240 2717 318 2750 quse
339 2706 512 2746 dicantur,
528 2712 668 2741 enarrat
681 2708 775 2742 Ptin.
791 2716 876 2740 xm.
890 2710 945 2742 21.

242 2762 280 2790 et
292 2765 371 2789 xvi.
387 2759 441 2789 26.

288 2807 465 2849 Cadmeum]
490 2807 592 2842 Quod
612 2808 762 2842 minatur
777 2817 892 2842 casum
908 2812 946 2842 et

994 1753 1126 1784 ruinam
1141 1762 1150 1784 ι
1173 1752 1229 1785 hic
1245 1762 1327 1784 vero
1339 1749 1510 1793 significat
1524 1749 1615 1792 quod
1625 1750 1699 1792 jam

994 1803 1144 1836 cecidit:
1170 1814 1238 1846 quo
1253 1813 1355 1835 sensu
1370 1802 1501 1835 fulmen
1523 1802 1629 1835 etiam
1644 1810 1703 1835 ca-

995 1853 1121 1886 ducum
1137 1859 1295 1886 vocatur.

1039 1906 1079 1935 13
1104 1903 1193 1940 Quia
1204 1904 1336 1945 quisque
1349 1902 1441 1943 vitet,
1453 1902 1528 1944 Esou]
1553 1901 1702 1943 Egregie

996 1953 1139 1986 divertit
1155 1953 1198 1986 ad
1214 1954 1326 1986 locum
1341 1961 1555 1985 communem
1573 1950 1618 1983 de
1641 1961 1703 1993 pe·

996 2004 1114 2036 riculis
1136 2009 1174 2036 et
1193 2004 1330 2036 casibus
1351 2002 1558 2044 improvisis,
1581 2001 1703 2044 quibus

997 2054 1220 2094 utplurimum
1247 2054 1290 2085 ad
1321 2058 1466 2085 mortem
1498 2053 1706 2094 abripimur.

996 2103 1107 2143 Alius,
1123 2103 1247 2145 iuquit,
1262 2103 1378 2141 maris,
1394 2103 1480 2134 alius
1497 2102 1576 2134 belli
1593 2103 1702 2134 solum

995 2158 1096 2185 cavet
1111 2153 1325 2185 discrimina:
1342 2156 1488 2193 uterque
1499 2160 1597 2190 vero,
1609 2150 1701 2192 quod

995 2213 1062 2235 nou
1079 2204 1190 2244 timet,
1209 2202 1303 2235 subit
1327 2211 1434 2243 genus
1457 2202 1597 2240 mortis;
1621 2210 1653 2232 v.
1669 2210 1702 2243 g.

995 2252 1115 2285 morbo
1131 2253 1358 2294 extinguitur.

1040 2305 1081 2335 14
1091 2301 1282 2342 Bosporum]
1296 2301 1470 2342 Augustas
1477 2299 1594 2332 fauces
1603 2308 1702 2341 quas·

995 2352 1083 2384 libet
1107 2352 1277 2393 designat,
1303 2361 1366 2393 per
1395 2361 1480 2392 quas
1505 2359 1606 2382 nemo
1625 2349 1700 2381 sine

997 2402 1148 2444 periculo
1175 2411 1216 2433 ac
1231 2400 1413 2433 formidine
1435 2400 1584 2441 navigat.
1629 2401 1702 2431 Du-

997 2453 1079 2494 plex
1115 2456 1230 2484 nutem
1271 2451 1445 2492 Bosporus
1484 2450 1703 2490 celebratum

996 2503 1162 2535 Thracius
1184 2502 1275 2534 iuter
1300 2501 1449 2534 Pontum
1473 2501 1645 2533 Euxinum
1665 2505 1703 2533 et

997 2552 1258 2595 Propontidem,
1274 2561 1335 2584 seu
1349 2552 1530 2583 Thraciam
1553 2551 1644 2583 inter
1666 2554 1704 2583 et

999 2605 1113 2638 Asiam
1140 2604 1325 2644 Minorem,
1347 2607 1494 2645 quatuor
1509 2602 1626 2634 stadiis
1642 2611 1703 2644 pa-

999 2660 1096 2695 tens3
1119 2659 1156 2687 et
1171 2653 1486 2694 Cimmerius,inter
1499 2651 1702 2685 Maeotidem

999 2705 1167 2739 Paludem
1192 2709 1228 2738 et
1253 2705 1405 2737 Pontum
1428 2704 1620 2737 Euxinum:
1643 2703 1702 2736 ho·

1001 2757 1071 2801 die,
1083 2757 1216 2790 Fretum
1233 2755 1338 2799 Coffa.
