1916 3190
308 239 392 281 176

792 252 835 291 Q.
868 252 1076 284 HoRA'rll
1110 252 1285 287 FLAGGI

480 344 693 387 Auditam
713 346 940 387 moderere
961 347 1189 388 arboribus
1208 347 1364 399 fldem3

480 412 582 454 Non
602 425 728 454 vanae
747 413 900 454 redeat
921 415 1100 466 sanguis
1121 415 1317 468 imagini,

646 479 794 530 Quam
814 480 938 533 virga
959 481 1101 522 semel
1121 481 1312 530 horrida,

476 546 582 588 Non
601 546 713 588 lenis
734 547 943 601 precibus
961 546 1055 588 fata
1075 547 1313 596 recludere,

476 613 620 667 Nigro
641 613 904 667 compulerit
926 613 1174 656 Mercurius
1195 615 1329 668 gregi.
1378 630 1386 637 ’

475 680 645 723 Durum
663 681 672 721 !
705 680 780 721 sed
799 680 943 721 levius
964 679 1015 721 fit
1034 681 1268 734 patientia,

645 746 875 801 Quicquid
889 746 1113 805 ¹corrigere
1131 752 1199 789 est
1217 748 1358 789 nefas.

1698 750 1755 791 20

301 845 383 877 nime
399 848 502 876 lumen
515 846 582 876 vita
596 846 747 877 reddatur
760 845 850 876 inani
870 844 1047 885 simulacro,
1063 846 1142 884 quod
1156 846 1312 876 tremendo
1328 846 1420 878 semel
1433 845 1564 876 caduceo
1578 847 1619 877 ad
1634 846 1757 878 turlmm

299 890 403 918 ulrum
417 889 605 927 aggregarit
621 887 800 919 Mercurius
813 896 1004 928 nequaquam
1015 887 1128 925 facilis
1142 889 1279 928 exorari,
1294 890 1329 918 nt
1343 888 1420 925 fata
1435 887 1604 919 rescindat.
1649 889 1757 920 Gracc

299 929 423 970 quidem
451 933 500 962 est
526 930 624 962 illud:
654 934 686 961 αι
715 929 909 961 tolerabilius
928 928 1062 967 ferendo
1087 930 1221 971 efficitur
1247 931 1453 971 quodcumque
1478 930 1643 962 immutare
1671 931 1756 963 haud

299 971 385 1004 licet.

912 1021 1152 1034 OWONJOO

299 1076 470 1109 Altt.&c.
498 1075 1756 1117 et·sicLoeher.Ascens.Venett.13asil,1531.1530.Steph.Rutgers.

299 1119 434 1151 Fabric.
449 1119 488 1151 T.
508 1120 592 1151 Fab.
609 1119 740 1152 Dacer.
756 1119 872 1151 Bentl.
887 1119 1006 1153 Jones.
1023 1119 1139 1162 Heyu.
1156 1120 1260 1152 Obss.
1271 1119 1314 1151 ad
1326 1119 1458 1151 Tibull.
1480 1129 1514 1161 p.

1529 1121 1604 1151 155.
1647 1120 1657 1137 ‘
1669 1120 1755 1152 Mihi

299 1162 451 1203 quidem,
465 1162 555 1203 quod
573 1161 678 1202 aiunt,
690 1162 996 1203 interrogationem
1013 1162 1216 1195 vividiorem
1231 1161 1348 1195 facere
1365 1162 1490 1203 locum,
1502 1161 1537 1194 id
1561 1162 1672 1212 ipsum
1687 1161 1756 1194 dis-

298 1204 430 1246 plicet3
454 1214 532 1236 uam
547 1205 736 1237 molliorem
760 1214 836 1236 esse
855 1205 1076 1246 sententiam,
1091 1205 1268 1247 minusque
1292 1203 1468 1237 offendere
1491 1205 1641 1246 potuisse
1657 1213 1754 1236 moes-

298 1252 373 1283 tum
387 1247 585 1289 Virgilium,
604 1247 633 1279 si
648 1247 720 1279 sine
737 1247 1006 1288 interrogatione
1021 1248 1130 1280 instar
1144 1249 1293 1289 querelae
1309 1246 1486 1287 efferatur,
1509 1247 1610 1288 plane
1631 1247 1754 1280 sentio.

300 1289 405 1324 Quisi
421 1290 509 1339 conj.
523 1290 629 1331 Cruq.
662 1290 749 1326 Quin
762 1290 791 1321 si
807 1291 897 1331 conj.
908 1291 952 1323 T.
966 1290 1100 1323 Faber)
1109 1291 1202 1322 Jani.
1234 1290 1382 1332 Cuning.
1398 1271 1551 1322 blandior.
1552 1291 1639 1321 -16
1651 1289 1754 1325 Quam

295 1332 1170 1424 333331133313535353331333m113033333
1188 1332 1753 1427 {Ziziesssstil'fiffssssu'vfflr‘ffiii2

299 1416 459 1456 Quicquid
470 1417 624 1458 con-igier
637 1418 755 1459 nequit.

952 1469 1099 1502 No'rAE

297 1532 435 1574 Orpheo,
447 1533 517 1575 ἔξω]
532 1533 688 1566 Adverte
703 1532 995 1575 comparationem

293 1581 431 1624 Virgilii
458 1593 535 1616 cum
565 1584 720 1625 Orpheo.
763 1584 890 1616 Sensus
920 1587 972 1614 est
987 1594 994 1612 :

293 1633 398 1665 Nosti
405 1634 595 1674 Orpheum,
603 1633 781 1667 arboribus
791 1638 912 1665 cantus
922 1642 996 1664 sua-

294 1683 401 1715 vitate
416 1684 655 1725 pertractis‚-a
681 1693 718 1715 se
733 1681 995 1715 demulcendum

291 1732 397 1765 etiam
411 1742 567 1775 sperasse
581 1733 775 1766 Inferorum
798 1737 994 1773 tyrannum,

290 1786 331 1814 ut
347 1782 555 1825 Eurydieem
568 1793 709 1816 uxorem
719 1788 830 1815 morte
845 1782 993 1814 ablatam

291 1832 477 1873 redderet3
502 1834 563 1866 sed
579 1834 677 1866 irrito
691 1838 728 1866 et
739 1834 830 1866 inani
847 1836 991 1865 conatu:

287 1881 338 1913 sic
359 1887 409 1924 tu,
425 1883 491 1914 etsi
507 1883 623 1915 vincas
639 1883 816 1925 Orpheum
837 1881 994 1914 carminis

290 1930 484 1971 dulcedine,
498 1932 587 1964 haud
603 1938 716 1965 tamen
732 1933 852 1965 flectas
873 1932 993 1965 Numi·

288 1989 346 2020 na,
362 1985 401 2012 ut
417 1981 619 2014 Quintilium
637 1985 835 2014 restituant.
929 2022 933 2024 ‚

334 2033 374 2062 15
393 2031 469 2063 Non
480 2041 570 2063 vanae
580 2033 687 2063 redeat
700 2033 829 2072 sanguis
842 2032 993 2074 inmgini]

287 2081 368 2114 Nou
391 2081 463 2115 vita
484 2081 608 2113 redeat
629 2086 773 2118 mortuo,
796 2091 863 2112 nou
879 2082 993 2112 anima

287 2131 487 2164 remittatur
504 2131 540 2163 iu
564 2141 688 2173 eorpus
705 2131 874 2164 exanime.
918 2131 990 2163 Ita-

287 2193 355 2226 que
377 2193 492 2216 vanam
515 2183 686 2224 imaginem
708 2182 928 2224 interpretari
951 2183 990 2215 li·

286 2233 349 2266 bet
363 2234 506 2266 bominis
520 2234 685 2275 umbram,
702 2242 830 2266 manes.
862 2233 988 2275 virgil.

286 2283 423 2317 AEueid.
439 2292 490 2316 ιν.
504 2286 581 2317 654.
595 2283 606 2301 ‘
621 2283 668 2315 Et
683 2292 773 2315 nuuc
788 2291 908 2324 magua
920 2282 989 2314 mei

285 2334 349 2366 sub
364 2339 476 2366 terras
491 2334 557 2366 ibit
573 2333 706 2375 imago?
731 2333 777 2365 Et
792 2332 926 2365 AEneid.
937 2341 988 2366 vr.

286 2387 363 2417 292.
385 2385 396 2402 ‘
413 2385 460 2416 Et
479 2384 515 2415 ni
533 2384 638 2416 docta
651 2392 765 2415 eomes
780 2387 900 2415 tenues
914 2382 988 2415 sine

286 2445 435 2478 corpore
449 2436 539 2467 vitas
554 2434 749 2467 Admoneat
770 2434 915 2465 volitare
931 2443 988 2465 ca-

286 2496 331 2519 va
345 2485 408 2521 sub
425 2486 573 2527 imagine
586 2484 728 2517 formael
758 2483 913 2524 Sanguis]
928 2484 987 2515 vi-

286 2541 335 2570 ta.
351 2536 486 2570 AEneid.
502 2545 553 2568 rx.
568 2533 643 2569 349.
667 2536 677 2554 ‘
691 2535 906 2576 Purpuream
928 2543 987 2566 vo-

285 2588 350 2620 mit
365 2588 423 2619 ille
438 2586 611 2619 animam!
706 2620 708 2624 ,

331 2640 372 2669 16
397 2639 500 2674 Quam
521 2638 614 2678 virga
636 2636 741 2677 semel,
761 2635 830 2677 δῖα]
862 2635 920 2667 De
934 2644 987 2667 ca-

285 2686 393 2719 duceo
418 2687 595 2727 Mercurii.
617 2687 760 2729 ejusque
782 2686 910 2718 animas
926 2684 986 2716 de-

285 2736 434 2769 ducendi
450 2741 637 2778 potestate,
647 2736 725 2770 vide
736 2746 840 2778 supra
856 2735 933 2768 ode
946 2744 982 2768 x.

286 2797 335 2821 vs.
351 2790 400 2819 18.

329 2840 369 2869 17
395 2837 467 2868 Non
482 2837 559 2870 lenis
574 2837 797 2878 precibussata
812 2834 981 2875 recludere]

1049 1533 1172 1574 virgil,
1198 1533 1324 1574 Geor-g.
1349 1535 1494 1566 rv.469.
1520 1531 1564 1564 de
1585 1531 1751 1574 Orpbeoz

1049 1582 1060 1600 ‘
1079 1583 1269 1624 Manesque
1291 1582 1390 1623 adiit,
1405 1590 1588 1624 regemque
1605 1585 1752 1613 tremen-

1049 1631 1143 1670 dum,
1174 1631 1369 1673 Nesciaque
1404 1631 1557 1663 humanis
1593 1631 1753 1672 precibus

1049 1690 1243 1713 assuescere
1273 1681 1400 1714 corda.’
1439 1681 1573 1714 AEneid.
1603 1690 1654 1713 vr.
1674 1683 1752 1713 876.

1047 1731 1058 1748 ‘
1073 1731 1205 1763 Desine
1235 1731 1309 1764 fata
1339 1732 1456 1764 Deum
1480 1730 1579 1763 flecti
1609 1739 1750 1772 sperare

1048 1782 1242 1823 precando!

1091 1834 1133 1864 18
1157 1832 1263 1872 Nigro
1284 1831 1465 1872 compulerit
1482 1829 1592 1872 greg-i]
1614 1830 1750 1863 Ceteris

1047 1881 1211 1913 Manibus
1226 1882 1434 1924 aggregarit,
1451 1887 1488 1914 et
1505 1881 1549 1914 ad
1565 1881 1750 1914 Plutonem

1047 1931 1262 1973 perduxerit.

1091 1984 1132 2013 19
1148 1981 1265 2013 Levius
1269 1981 1316 2022 fit
1327 1980 1484 2022 patientia
1496 1980 1665 2022 Quicquid,
1676 1980 1749 2022 ξω]

1046 2031 1203 2071 Euripid.
1231 2028 1398 2063 Phoeniss.
1424 2031 1486 2062 Δεῖ
1503 2029 1609 2071 φέρειν
1629 2029 1670 2062 τὰ
1683 2031 1749 2061 τῶν

1045 2083 1132 2112 θεῶν.
1152 2082 1272 2113 Seuec.
1288 2083 1298 2099 ‘
1311 2081 1489 2121 Optimum
1505 2087 1559 2114 est
1569 2083 1640 2124 pati
1654 2080 1745 2124 quod

1043 2129 1227 2162 emendare
1242 2139 1310 2161 non
1326 2129 1456 2171 possis!
1479 2125 1596 2163 Plaut.
1609 2132 1749 2172 Captiv-

1043 2189 1086 2212 11.
1102 2183 1132 2213 1.
1149 2183 1180 2211 1.
1197 2184 1207 2198 ·
1218 2180 1335 2212 Decet
1350 2179 1386 2211 id
1405 2179 1476 2221 pati
1492 2190 1592 2222 aequo
1608 2181 1742 2214 animo:

1043 2230 1069 2260 si
1081 2229 1116 2261 id
1126 2229 1277 2271 facietis,
1290 2229 1396 2261 levior
1408 2229 1502 2262 labos
1514 2231 1604 2262 erit.'
1625 2231 1746 2272 Virgil.

1042 2279 1177 2312 AEneid.
1210 2289 1246 2311 v.
1271 2281 1348 2310 710.
1377 2279 1387 2297 ‘
1402 2279 1606 2319 Superanda
1633 2282 1745 2313 omnis

1041 2326 1178 2360 fortuna
1192 2327 1335 2360 ferendo
1347 2327 1425 2360 est.'
1447 2328 1552 2361 Ovid.
1565 2330 1653 2362 Met.
1661 2338 1744 2362 vm.

1041 2380 1116 2410 683.
1131 2383 1141 2398 ‘
1158 2383 1464 2421 paupertatemque
1478 2377 1636 2420 ferendo,
1650 2377 1743 2411 Effe-

1041 2441 1120 2464 cere
1135 2429 1272 2463 levem!
1316 2430 1448 2462 Contra
1473 2439 1567 2467 vero,
1589 2430 1741 2472 quisquis

1041 2482 1130 2513 mala
1143 2481 1335 2513 necessaria
1348 2480 1567 2522 impatienter
1576 2485 1614 2512 et
1625 2479 1740 2522 inique

1041 2530 1122 2569 fert,
1135 2532 1215 2574 quid
1230 2530 1336 2571 aliud,
1347 2539 1447 2572 quam
1462 2539 1586 2569 novum
1601 2529 1666 2561 sibi
1681 2530 1742 2561 do-

1041 2582 1149 2614 lorem
1171 2585 1279 2621 creat.
1300 2584 1339 2612 et
1361 2579 1484 2611 malum
1507 2579 1598 2611 malo
1618 2579 1740 2612 addit?

1040 2632 1218 2674 Ejusmodi
1249 2629 1430 2670 homiuem,
1459 2630 1518 2672 qui
1545 2630 1739 2677 communis

1041 2682 1175 2714 cunctis
1210 2679 1410 2712 mortalibus
1439 2679 1655 2714 incommoda
1684 2689 1738 2711 re·

1039 2732 1145 2774 spuit,
1160 2730 1301 2772 egregie
1317 2729 1476 2770 suggillat
1489 2724 1679 2772 Juvenalis,
1699 2733 1736 2763 et

1037 2786 1048 2801 ⁸
1064 2782 1200 2824 gallinae
1220 2780 1325 2812 fllium
1343 2779 1446 2812 albae’
1469 2789 1531 2827 per
1552 2779 1734 2814 ludibrium

1036 2838 1152 2875 vocat,
1165 2831 1235 2866 Sat.
1251 2840 1333 2865 xm.
1351 2833 1424 2863 141.
