1916 3190
800 221 1024 253 ιιοιιΑτιι.
1588 211 1649 258 25

191 319 326 361 modo
343 318 637 372 Tanaquillus
667 316 813 358 Faber
845 321 890 358 et
923 316 1141 374 Dacerius
1164 327 1196 357 ι.
1218 316 1303 357 Od.
1326 318 1393 358 14.
1415 323 1643 371 traxerint,

191 388 237 429 in
256 386 531 439 Argumento
552 385 673 427 illius
693 383 954 427 videbimus,

250 453 512 496 Offendebat
532 452 750 494 Horatius
768 451 910 493 redux
926 456 1099 509 patre—m
1126 464 1175 492 se
1205 451 1389 494 absente
1411 459 1644 506 mortuum,

192 534 333 575 neque
370 520 571 563 relietum
612 518 702 560 sibi
740 518 934 560 habebat
971 518 1124 567 larem,
1162 530 1245 559 nec
1284 517 1495 572 fundum3
1546 535 1644 575 quae

191 588 330 630 illieo
347 587 511 628 tristior
531 598 627 627 sors
657 585 790 627 fuerit
816 588 1004 639 oportet,
1032 598 1132 626 cum
1163 585 1397 626 commoda
1426 591 1471 628 et
1500 588 1646 641 splen-

192 653 298 697 dida
315 653 431 695 adeo
456 652 614 694 fuisset
643 652 734 695 vita
754 652 970 706 superior.
1020 651 1180 706 Itaque
1212 657 1452 706 paupertas
1482 667 1536 697 ac
1565 657 1648 697 ob-

193 720 398 770 scuritaS,
433 720 480 761 in
517 732 729 773 generoso
768 719 916 761 animo
951 719 1113 773 ingenii
1151 720 1395 773 artiumque
1435 723 1645 773 nutriceS‚

192 799 292 830 eum
312 787 497 842 primum
518 787 803 843 impulerunt,
824 791 873 828 ut
889 799 1043 828 versus
1058 786 1222 829 faceret
1238 785 1317 842 (ιι.
1340 786 1478 842 Epist.
1495 789 1561 831 11.
1577 792 1647 831 51.

192 852 339 908 sqq.);
368 867 471 905 nou,
489 867 578 910 quo
598 853 701 895 inde
721 866 885 907 panem
911 857 1140 907 quaereret,
1163 853 1243 894 sed
1267 867 1356 908 quo
1375 855 1649 899 elucesceret

194 933 248 962 ac
267 921 352 962 sibi
371 923 647 974 compararet
665 923 895 974 patronoS.
955 918 1115 973 Neque
1136 920 1284 970 video,
1311 922 1537 975 quomodo
1565 924 1648 966 boc

195 988 258 1029 illi
276 988 494 1041 opprobio
514 988 585 1035 sit,
605 999 706 1029 cum
725 991 916 1036 constet,
938 987 1059 1028 omni
1090 989 1302 1029 memoria
1321 989 1366 1029 in
1396 989 1494 1029 aliis
1515 990 1648 1031 etiam

194 1054 426 1107 generibus
447 1066 583 1095 sensu
603 1054 880 1108 paupertatis
909 1065 1093 1106 magnos
1122 1054 1241 1095 viros
1268 1054 1498 1107 evasisse;
1525 1069 1650 1110 mag·

194 1132 340 1174 naque
370 1120 559 1173 ingenia,
600 1119 704 1161 dum
732 1119 933 1161 adversis
962 1119 1098 1160 rebus
1127 1120 1395 1171 obnituntur,
1425 1121 1511 1163 hoc
1546 1123 1649 1177 ipso

194 1187 295 1228 nisu
314 1187 358 1228 in
375 1186 511 1228 altum
531 1186 698 1228 extolli.
748 1185 908 1228 Fuerat
925 1186 969 1226 in
992 1185 1183 1227 Horatio
1204 1199 1407 1240 magnum
1425 1189 1648 1242 ingenium

193 1253 432 1307 poeticum,
453 1254 687 1295 subactum
702 1251 961 1294 Graecorum
981 1252 1307 1304 familiaritate;
1338 1253 1422 1295 boc
1443 1256 1648 1298 suscitari

193 1320 381 1375 primum
399 1320 475 1362 tali
498 1319 688 1374 impulsu
718 1319 964 1372 oportebat.
1023 1318 1136 1360 Post
1165 1324 1330 1369 autem,
1351 1332 1453 1362 cum
1482 1321 1526 1362 in
1558 1323 1649 1363 otio

193 1386 378 1428 honeste
407 1388 620 1441 beateque
650 1385 835 1436 viveret,
864 1385 1004 1427 solius
1041 1385 1114 1426 vel
1145 1386 1281 1427 animi
1309 1391 1354 1428 et
1381 1387 1547 1441 gloriae,
1578 1389 1650 1430 vel

195 1454 362 1507 publici
403 1465 514 1494 usus
565 1452 709 1506 gratia
751 1451 948 1493 carmina
992 1452 1110 1494 fecit.
1187 1452 1304 1494 Vitae
1347 1456 1648 1498 sustentandae

136 1533 141 1536 ·
195 1532 331 1562 causa
367 1520 579 1574 scriptum
614 1519 736 1561 illum
773 1518 836 1573 (s.
876 1519 1004 1573 quasi
1043 1519 1307 1575 scribatum)
1347 1524 1649 1575 quaestorium,

196 1599 327 1641 quem
358 1587 595 1628 Suetonius
623 1587 748 1637 dicit,
780 1586 866 1628 sibi
897 1599 1178 1641 comparasse
1210 1587 1412 1639 videtur;
1449 1594 1497 1630 ut
1531 1593 1651 1631 esset

194 1654 239 1694 in
268 1653 446 1696 decuria
475 1649 748 1704 Scribarum,
779 1654 856 1707 qui
876 1651 1107 1704 Quaestori
1136 1659 1409 1708 apparerent.
1469 1655 1559 1696 Sed
1580 1669 1650 1697 se-

196 1720 341 1774 quenti
359 1724 555 1775 tempore
573 1719 683 1761 illud
703 1732 862 1760 munus
882 1719 1131 1771 neglexisse
1151 1733 1268 1769 eum,
1295 1720 1425 1762 facile
1445 1722 1650 1775 intelligi-

198 1791 283 1827 tur.
341 1787 411 1828 cf.
439 1791 584 1828 autem
617 1798 668 1826 ιι.
699 1786 795 1827 Sat.
823 1786 866 1827 6.
898 1786 970 1827 36.
1029 1785 1149 1826 Illud
1178 1798 1284 1826 vero
1314 1786 1419 1828 hinc
1450 1792 1649 1841 apparet,

198 1853 310 1894 nulli
330 1854 606 1908 superiorum
626 1864 838 1892 annorum
860 1851 1175 1904 assignandum
1194 1864 1293 1892 esse
1312 1852 1448 1893 ullum
1474 1865 1651 1896 carmen

201 1919 393 1961 Horatii.
451 1919 574 1960 Huic
594 1923 742 1960 autem
763 1930 880 1959 anno
911 1916 1153 1958 Massouus
1179 1917 1371 1970 eleganti
1391 1919 1649 1972 suspicione

198 1985 348 2027 tribuit
366 1995 401 2025 1.
420 1984 514 2026 Sat.
532 1985 576 2025 7.
607 1995 707 2036 quae
740 1983 917 2024 omnino
947 1982 1112 2036 Ecloga
1135 1982 1335 2037 juvenile
1364 1985 1514 2038 prodit
1532 1987 1650 2041 inge-

199 2051 336 2100 nium,
374 2063 519 2105 neque
558 2051 711 2104 inepte
750 2063 831 2104 pro
870 2051 1013 2104 primo
1052 2049 1164 2092 foetu
1205 2050 1441 2094 Horatiani
1482 2053 1649 2107 ingenii

197 2117 350 2159 baberi
370 2118 531 2171 possit,
551 2130 682 2171 quem
702 2117 882 2171 quidem
902 2117 1082 2170 dignum
1100 2118 1219 2159 lectu
1239 2119 1336 2172 ipse
1355 2119 1572 2165 habuerit.

255 2183 413 2238 Neque
430 2183 477 2225 in
497 2183 675 2237 Virgilii
695 2188 740 2225 et
758 2183 887 2225 Varii
917 2184 1159 2226 amicitiam
1190 2189 1294 2226 ante
1314 2185 1427 2229 hunc
1444 2199 1484 2230 a.
1506 2188 1650 2230 venire

131 2254 134 2256 ’
199 2252 367 2306 potum
397 2263 541 2304 neque
570 2252 683 2294 forte
703 2251 789 2292 hoe
815 2251 917 2304 ipso
948 2251 1081 2293 veuit.
1133 2250 1243 2292 ltem
1276 2252 1391 2293 male
1415 2252 1502 2294 huc
1524 2255 1653 2299 refert

202 2329 236 2360 1.
257 2318 344 2370 Qd.
373 2318 417 2359 2.
467 2317 726 2370 Rodellius3
753 2330 856 2359 cum
887 2318 1091 2359 arbitrari
1123 2318 1201 2359 vix
1235 2309 1479 2373 possimus,
1502 2320 1649 2362 Hora-

202 2385 312 2427 tium
331 2389 437 2427 tunc
450 2385 546 2439 jam
563 2389 734 2427 tantum
755 2384 943 2428 Poetam
957 2385 1116 2435 fuisse,
1134 2384 1452 2444 quantumfhoc
1472 2398 1649 2429 carmen

202 2452 356 2506 arguit.
