1916 3190
710 220 717 226 ’
738 244 781 282 Q.
811 241 1022 274 nouum
1055 243 1227 275 rusum

492 333 561 375 Tu
579 334 677 375 lene
698 337 952 375 tormentum
974 335 1151 388 ingenio
1173 336 1383 379 admoves

493 400 756 454 Plerumque
776 401 913 442 duro:
943 404 991 443 tu
1009 402 1271 455 sapientium
1294 443 1297 446 ,

552 466 691 508 Curas
713 471 759 508 et
779 479 989 508 arcanum
1001 468 1167 521 Jocoso

605 532 851 575 Consilium
872 535 1032 587 retegis
1052 535 1213 589 Lyaeo:

491 599 562 640 Tu
585 613 711 652 spem
731 600 903 641 reducis
922 601 1140 642 mentibus
1161 602 1324 653 anxiis,

492 665 710 720 Viresque
728 680 739 718 ;
779 671 824 708 et
843 667 973 708 addis
993 680 1155 709 cornua
1177 670 1376 723 pauperi,

1650 471 1706 512 15

255 782 369 820 fuisse.
414 784 463 815 Tu
477 786 594 816 dulcem
615 786 678 818 eim
701 785 827 817 adhibes
849 786 951 816 animo
977 786 1133 817 interdum
1147 787 1319 826 asperiori.-
1341 791 1376 819 tu
1389 787 1562 828 sapientum
1576 788 1706 819 intimus

262 829 293 856 et
317 827 430 858 anxius
451 827 655 867 cogitationes
675 829 793 859 revelas
814 837 871 867 per
895 828 1001 859 vinum
1015 828 1177 866 festivum.
1221 829 1267 860 Tu
1282 830 1387 861 reddis
1397 830 1553 872 fiduciam
1567 835 1596 862 et
1612 831 1706 861 robur

862 921 1102 935 OOOCMOOOOO

262 972 334 1004 cuti
359 974 496 1006 Wakef.
520 979 558 1007 et
578 975 684 1006 Kidd.
726 975 737 993 ‘
757 976 805 1006 Tu
827 975 938 1007 leniter
962 979 1095 1007 mentem
1118 975 1252 1007 emend.
1280 975 1440 1008 Waddel.
1465 976 1578 1008 Anim.
1600 977 1704 1010 Critt.

261 1024 299 1055 p.
311 1017 365 1047 46.
388 1025 463 1047 nam
479 1016 523 1047 ad
538 1017 710 1058 ingenium
721 1017 843 1048 durum
857 1017 1120 1058 expugnandum
1131 1026 1199 1049 non
1211 1017 1274 1048 leni
1288 1022 1473 1054 tormento,
1487 1018 1549 1050 sed
1562 1017 1707 1050 fortibus

261 1056 583 1132 332225⁹ss¹1255501³1
600 1058 843 1141 Ἓέἓθὲἰέῗ
857 1059 1706 1141 32⁰3:22052223222⁸¹33202523¹2÷22ss0mmffl

260 1143 456 1173 tormentum.
498 1142 583 1173 Mox
598 1153 719 1174 anwves
733 1143 885 1174 nonnulli
901 1153 955 1183 ap.
969 1143 1130 1175 Glarean.
1155 1143 1223 1174 duo
1249 1143 1383 1175 Bersm.
1403 1143 1509 1175 Brod.
1525 1153 1603 1176 cum
1618 1144 1707 1184 glos-

263 1190 346 1213 sem.
369 1184 379 1200 ‘
393 1183 556 1224 separat:
579 1194 619 1215 ac
635 1195 654 1215 e
670 1185 797 1216 nostris
813 1185 960 1217 Mentel.
976 1186 1079 1217 Dess.
1095 1189 1128 1217 2.
1151 1185 1246 1226 Lips.
1262 1187 1293 1216 3.
1307 1187 1340 1216 4.
1364 1186 1448 1217 item
1471 1185 1564 1226 Lips.
1581 1189 1612 1218 1.
1627 1195 1647 1217 a
1659 1195 1704 1217 m.

259 1232 285 1254 s.
302 1222 341 1264 (a
359 1234 405 1256 m.
419 1235 471 1266 pr.
486 1225 640 1267 removes)
656 1231 692 1258 et
707 1227 797 1268 Lips.
811 1230 844 1258 2.
871 1237 891 1258 a
911 1237 955 1258 m.
971 1236 1024 1267 pr.
1038 1227 1188 1259 Helmst.
1203 1228 1349 1268 Franeq.
1365 1236 1442 1258 cum
1456 1227 1606 1259 scholio:
1629 1228 1640 1245 ‘
1653 1237 1707 1260 re·

260 1266 401 1305 movet‚’
422 1272 457 1299 et
472 1269 538 1300 lene
553 1278 628 1300 cum
645 1273 746 1300 nota:
770 1273 779 1287 ⁸
794 1269 941 1301 leniter!
983 1269 1052 1301 Sed
1068 1274 1189 1309 aperte
1207 1268 1418 1310 jungendum
1432 1270 1498 1300 lene
1512 1272 1709 1309 tomentum,

260 1309 456 1348 oppositum
469 1312 645 1351 eleganter
655 1311 781 1350 ingenio
795 1310 897 1344 duro?
917 1311 1094 1344 sunu—14
1117 1312 1216 1343 Dess.
1230 1314 1262 1343 2.
1274 1315 1309 1343 tu
1322 1311 1586 1352 sapientium—15
1610 1311 1706 1352 Lips.

260 1351 293 1380 3.
322 1351 423 1382 ouras
436 1355 465 1384 et
479 1353 683 1384 arcani.-16
705 1353 801 1394 Lips.
815 1356 848 1385 4.
861 1356 982 1392 releges
990 1364 1003 1390 ‚·
1027 1353 1100 1385 Alt.
1115 1357 1147 1385 2.
1163 1364 1183 1385 a
1198 1363 1242 1385 m.
1258 1363 1310 1394 pr.
1331 1353 1544 1393 seligam—17
1567 1353 1614 1384 Tu
1637 1362 1707 1393 spes

260 1390 450 1427 Helmstad.
477 1395 524 1426 Tu
547 1404 630 1436 spem
651 1395 781 1428 reducas
806 1396 1040 1428 Mentel.—18
1061 1396 1156 1437 Lips.
1170 1398 1202 1428 2.
1219 1405 1238 1427 a
1254 1405 1301 1440 ιιι.
1313 1405 1365 1437 pr.
1385 1398 1417 1427 et
1429 1396 1524 1428 addes
1536 1404 1704 1428 cornua.—

913 1488 1056 1522 NOTAE

258 1556 412 1580 sermone
426 1548 671 1589 producimus!
694 1551 774 1583 Huc
789 1551 893 1583 etiam
907 1550 958 1583 fa-

258 1596 308 1627 cit
322 1596 414 1638 quod
429 1598 551 1630 scribit
567 1599 700 1631 Plinius
721 1608 799 1631 xiv.
814 1603 849 1633 4.
869 1605 878 1619 ‘
893 1601 958 1632 Ca-

258 1650 374 1678 tonum
389 1646 446 1679 ille
459 1648 610 1688 primus‚’
622 1649 745 1691 inquit,
767 1650 778 1668 ‘
787 1650 959 1691 triumpho

257 1700 293 1727 et
309 1706 452 1728 censura
465 1698 622 1740 insignis,
633 1699 741 1741 magis
762 1704 876 1732 tamen
890 1700 960 1732 cla-

256 1746 360 1777 ritate
389 1747 580 1789 literarum,
614 1749 868 1791 praeceptisque
881 1772 890 1782 .
902 1772 910 1782 .
924 1771 933 1782 .
947 1773 956 1782 .

257 1805 375 1836 agrum
410 1797 559 1838 colendi,
571 1821 580 1831 .
594 1821 603 1831 .
618 1821 627 1830 .
639 1798 683 1830 de
717 1799 844 1833 vitibus
867 1799 957 1831 uvis-

256 1855 322 1886 que
338 1846 387 1878 ita
398 1846 573 1888 prodidit3
595 1848 654 1890 qui
666 1849 759 1881 locus
773 1849 851 1882 vino
867 1850 957 1891 opti-

255 1896 352 1938 mus‚’
366 1900 433 1932 &c.

300 1948 341 1977 13
366 1948 414 1978 Tu
438 1948 506 1981 lene
525 1951 724 1990 tormentum,
741 1950 813 1992 sa]
836 1950 907 1982 Per
921 1955 957 1983 te

256 1994 382 2026 leniter
396 1997 534 2037 ingenia
558 2002 775 2040 torquentur,
791 2003 829 2031 et
843 2000 958 2041 qualia

258 2042 328 2087 sint
341 2046 586 2085 explorantur:
609 2049 782 2080 severiora
796 2049 964 2090 mitigem?

256 2096 326 2132 tur,
349 2093 489 2128 duriora
510 2097 719 2138 molliuntur,
741 2100 808 2131 ὄις.
853 2099 957 2131 Plato

256 2140 301 2173 de
331 2141 479 2183 Legibus
501 2145 551 2176 ait
574 2146 688 2177 vinum
711 2157 784 2178 esse
807 2152 955 2180 tormen-

256 2196 331 2223 tum
345 2192 483 2225 minime
495 2198 703 2225 sumtuosum
715 2199 774 2226 aut
785 2197 955 2235 periculo-

257 2250 332 2272 sum
343 2241 390 2272 ad
407 2242 633 2283 explorandos
655 2243 826 2274 hominum
851 2244 954 2277 affec-

255 2295 323 2323 tus.
366 2291 534 2332 Theognis
557 2292 698 2324 dicebat
716 2302 835 2324 aurum
850 2299 886 2325 et
901 2303 954 2325 ar·

258 2344 397 2381 gentum
418 2341 497 2382 igne
520 2342 656 2383 probari
678 2346 715 2375 et
735 2343 903 2389 dignosci,
917 2348 954 2378 at

256 2390 335 2423 vino
362 2395 512 2424 mentem
532 2391 678 2424 hominis
700 2393 889 2434 quamlibet
902 2402 954 2426 sa-

255 2439 395 2480 pientis.
438 2441 527 2474 Vide
554 2441 664 2482 Epist.
691 2441 736 2474 ad
762 2441 880 2474 Pison.
904 2451 955 2475 vs.

256 2491 333 2522 434.
378 2490 457 2522 Non
471 2490 603 2524 abludit
613 2491 784 2533 adagium,
798 2495 808 2510 ‘
820 2492 862 2525 In
875 2492 954 2525 vino

259 2539 411 2579 veritas,’
443 2544 480 2571 et
516 2540 636 2572 Persae
666 2541 843 2582 cujusdam
873 2551 955 2583 apo-

257 2589 451 2630 phthegma,
465 2590 475 2608 ‘
484 2599 698 2633 nequaquam
709 2601 795 2633 opus
808 2596 957 2625 tormen-

259 2637 302 2668 tis
318 2647 393 2669 esse
409 2637 453 2670 ad
468 2639 862 2681 exquirendnmwerum,
875 2640 953 2674 vino

256 2684 345 2716 enim
360 2687 486 2719 rectius
498 2687 598 2720 elici!
611 2687 701 2720 Vide
713 2689 843 2721 Erasm.
865 2689 954 2723 Sunt

258 2735 316 2780 qui
330 2740 453 2779 putent
465 2738 521 2771 hic
537 2738 643 2773 alludi
658 2739 702 2773 ad
715 2740 840 2774 arietes
853 2740 953 2774 alias-

1010 1561 1077 1592 que
1091 1551 1264 1583 machinas
1279 1551 1443 1593 ejusmodi
1456 1552 1611 1594 bellicas,
1631 1553 1705 1595 qui-

1011 1601 1075 1632 bus
1089 1600 1234 1632 admotis
1251 1601 1384 1632 urbium
1405 1601 1490 1632 muri
1504 1602 1703 1633 concutiun-

1012 1654 1081 1690 tur,
1116 1649 1334 1690 dejiciuntur,
1367 1655 1671 1692 expugnanturque
1694 1662 1703 1683 z

1009 1708 1096 1741 pace
1110 1703 1224 1732 tamen
1237 1699 1385 1740 illorum,
1395 1699 1491 1741 prior
1503 1699 1707 1742 interpreta-

1009 1749 1058 1781 tio
1068 1758 1134 1781 non
1146 1754 1200 1781 est
1212 1749 1459 1791 posthabenda,
1466 1750 1575 1782 multo
1584 1751 1706 1791 minus,

1009 1804 1049 1831 ut
1064 1798 1236 1840 sanciunt,
1252 1798 1479 1840 explodenda.

1054 1850 1096 1880 14
1120 1848 1167 1880 Tu
1187 1848 1374 1889 sapientiam
1395 1848 1510 1888 cum,
1528 1848 1599 1890 ξω]
1616 1848 1706 1881 Gra-

1009 1897 1122 1930 viores
1133 1898 1356 1938 cogitationes
1368 1897 1614 1939 reconditaque
1624 1907 1706 1930 con-

1010 1947 1087 1979 silia
1114 1947 1215 1979 hilari
1250 1947 1504 1989 compotatione
1529 1948 1566 1980 in
1594 1947 1705 1980 lucem

1010 1996 1194 2038 aliquando
1208 1994 1442 2038 proferuntur.

1053 2051 1095 2080 16
1115 2046 1227 2089 Lyoeo]
1248 2047 1361 2080 Unum
1375 2052 1429 2080 est
1443 2057 1464 2080 e
1482 2048 1612 2081 Bacchi
1627 2057 1705 2090 cog-

1009 2097 1199 2129 nominibus
1213 2106 1233 2128 a
1247 2096 1347 2137 λύειν,
1364 2096 1455 2138 quod
1472 2099 1575 2130 solvat
1588 2102 1625 2130 et
1639 2098 1705 2130 dis-

1009 2148 1117 2180 cutiat
1130 2146 1353 2188 aegritudines
1368 2150 1405 2178 et
1419 2156 1528 2180 curas.

1052 2200 1092 2229 17
1117 2197 1166 2229 Tu
1178 2206 1263 2237 spem
1281 2197 1421 2238 reducis]
1458 2195 1562 2238 Apud
1577 2196 1705 2230 Athen.

1007 2254 1051 2278 ιι.
1068 2249 1099 2278 1.
1114 2255 1158 2277 ex
1173 2246 1335 2287 Diphilo:
1359 2251 1369 2265 ‘
1382 2247 1538 2279 Bacchus
1553 2247 1706 2279 cordatis

1007 2300 1044 2326 et
1060 2296 1286 2335 prudentibus
1303 2295 1382 2328 viris
1402 2297 1540 2336 amicus,
1561 2297 1703 2338 ipseque

1007 2343 1143 2384 sapiens
1169 2352 1267 2383 aeque
1289 2352 1330 2374 ac
1358 2344 1482 2383 suavis,
1503 2345 1652 2384 abjectos
1666 2348 1704 2377 et

1002 2392 1147 2425 humiles
1162 2390 1247 2423 facit
1261 2400 1432 2423 assumere
1449 2401 1588 2433 magnos
1603 2394 1703 2434 spiri-

1004 2446 1074 2482 tus,
1097 2439 1328 2483 superciliosis
1350 2449 1392 2472 ac
1412 2440 1546 2473 tetricis
1565 2451 1702 2482 persua.

1005 2492 1067 2524 det
1093 2495 1131 2523 ut
1156 2489 1305 2531 rideant,
1330 2488 1461 2530 ignavis
1481 2493 1519 2521 nt
1541 2490 1703 2533 audeant,

1006 2540 1133 2574 timidis
1161 2543 1201 2572 ut
1226 2539 1332 2571 fortes
1354 2537 1446 2570 sint?
1491 2539 1544 2570 Ex
1567 2539 1702 2572 Chaere-

1006 2601 1128 2623 mone:
1153 2592 1162 2608 ‘
1176 2590 1245 2621 Per
1269 2589 1382 2620 vinum
1403 2588 1629 2621 conciliantur
1651 2590 1703 2622 bi-

1004 2640 1164 2673 bentibus
1194 2638 1293 2680 risus,
1321 2637 1505 2679 sapientia,
1530 2637 1703 2682 docilitas,

1005 2692 1093 2724 bona
1109 2688 1246 2722 omnia?

1050 2744 1091 2774 18
1111 2738 1214 2774 Addi-
1240 2747 1354 2771 cornuo
1381 2737 1524 2781 pauperi]
1563 2736 1703 2772 Baccho
