1916 3190
669 247 942 281 cunnum
978 246 1073 278 ms.
1107 246 1140 277 1.
1169 235 1240 277 38.
1596 233 1681 276 237

400 344 529 386 Mitte
549 345 724 393 sectari,
746 356 850 385 rosa
869 355 959 397 quo
978 342 1174 384 locorum

743 411 850 452 Sera
867 413 1069 452 moretur.

229 553 337 586 omitte
354 555 547 595 persev-atari
560 555 668 596 quum
682 557 717 587 in
731 555 909 596 regionibus
920 554 1036 585 dume
1052 561 1132 584 ma
1145 553 1303 584 serotina.
1348 551 1499 592 Inprimis
1514 552 1633 590 studeo,
1648 559 1687 581 ns

881 680 1026 714 NOTAE

226 778 425 810 succrescit·
469 778 548 810 Hac
573 778 760 810 utebantur
781 782 853 810 turn
881 776 926 809 sd
972 777 1076 818 jubet
1091 786 1134 809 ex
1151 775 1393 814 Archestrato,
1419 776 1429 793 ⁸
1447 779 1616 815 perpetuo
1632 785 1686 807 co-

226 827 413 860 nectendos
442 826 557 868 flores,
582 833 652 860 tum
677 828 719 860 sd
746 828 925 859 lemniscos

225 876 482 919 appendendos.
527 878 618 910 Plin.
634 886 713 910 xvr.
729 879 780 909 14.
800 878 812 895 ‘
826 875 926 909 luter

226 927 389 959 corticem
419 932 455 959 et
482 927 610 968 lignum
640 933 760 959 tenues
790 927 927 966 tunice,

225 975 409 1017 multiplici
433 977 643 1014 membrana,
665 986 685 1008 e
708 977 828 1018 quibus
854 977 926 1008 viu·

227 1025 304 1056 culs
327 1025 411 1056 tiliae
434 1030 619 1058 vocantur:
642 1027 849 1058 tenuissima
872 1036 927 1058 ea·

228 1083 299 1105 rum
310 1073 468 1114 philyroe,
480 1085 679 1107 coronarum
690 1076 860 1108 lemniscis
870 1086 928 1108 ce-

227 1124 352 1163 lebres,
366 1124 578 1165 antiquorum
594 1125 744 1156 honore?
786 1126 833 1157 Et
844 1135 926 1158 1¹1.

228 1176 260 1206 8.
274 1175 285 1192 ‘
294 1173 436 1206 crassus
449 1174 556 1214 dives,
570 1175 696 1215 primus
709 1180 854 1216 argento
869 1186 928 1208 au·

228 1232 336 1265 roque
352 1222 434 1255 folio
453 1224 620 1264 imitatus,
645 1225 734 1256 ludis
749 1226 817 1257 suis
832 1236 928 1258 coro·

227 1283 289 1305 nas
305 1273 413 1306 dedit.
455 1273 687 1307 Accesserant
706 1281 743 1306 et
763 1275 927 1316 lemnisci,

227 1332 313 1365 quos
328 1322 430 1364 adjici
443 1323 592 1364 ipsarum
606 1334 805 1356 coronarum
821 1325 927 1357 honos

226 1377 302 1404 erut
315 1395 325 1404 .
342 1395 351 1405 .
367 1395 376 1404 .
392 1373 554 1405 Claudius
584 1373 735 1405 Pulcher
765 1374 927 1407 bracteas

226 1423 328 1454 etism
353 1422 495 1464 philyrae
521 1422 641 1456 dedit?
686 1423 811 1465 Angel.
833 1425 927 1457 Poli-

226 1471 310 1504 tian.
341 1472 488 1505 Miscell.
516 1483 593 1514 cap.
622 1476 677 1505 72.
707 1475 757 1506 ita
783 1475 925 1508 scribit:

226 1522 401 1564 ‘Philyroe
431 1533 511 1555 usus
541 1524 752 1565 percelebris
782 1525 863 1558 olim
892 1526 927 1558 iu

226 1573 386 1604 texendis
416 1574 572 1605 coronis:
604 1584 624 1606 e
654 1575 796 1616 philyris
823 1575 927 1608 etiam

226 1621 355 1654 fiebant
384 1623 551 1663 lemnisci,
575 1623 611 1655 id
641 1629 707 1661 est,
733 1618 883 1657 fusciolae
908 1634 928 1656 e

228 1673 362 1704 coronis
377 1673 559 1714 pendulam.¹

273 1722 420 1764 Corone]
458 1724 526 1756 11ae
553 1723 681 1756 fiebant
706 1734 725 1756 e
749 1724 929 1757 frondibus

226 1781 268 1803 ne
284 1771 423 1804 floribus
437 1773 586 1814 hederae,
607 1784 707 1815 rosae,
728 1775 842 1814 violae,
857 1775 929 1805 lau-

229 1822 272 1861 ri,
297 1822 371 1857 lilii,
397 1824 553 1860 narcissi,
578 1825 693 1865 myrti,
719 1825 783 1855 &c.
807 1823 929 1864 hisque

228 1871 354 1904 discuti
369 1872 586 1913 ebrietatem,
606 1878 642 1905 et
657 1873 781 1914 capitis
794 1872 929 1904 dolores

228 1921 433 1962 credebant,
447 1932 506 1954 seu
522 1923 798 1963 constringendo,
807 1932 866 1955 seu
875 1932 931 1955 re-

227 1970 433 2012 frigerando.
478 1972 655 2004 Plutarch.
682 1973 842 2014 Sympos.
871 1982 930 2005 111.

231 2025 263 2054 1.
286 2023 297 2040 ‘
312 2021 367 2054 An
388 2023 480 2055 inter
500 2023 687 2064 potandum
708 2024 843 2056 coronis
860 2021 929 2055 <flo-

228 2071 298 2104 reis
326 2081 369 2104 sc
389 2072 493 2104 sertis
519 2072 684 2104 utendum
706 2071 778 2113 sit,'
812 2072 928 2106 multis

228 2120 404 2162 disputat:
428 2121 479 2153 ait
504 2131 597 2159 vero,
617 2121 781 2154 ‘Hedera
804 2131 927 2164 crapu-

228 2173 295 2203 lam
323 2171 489 2213 restingui
515 2194 525 2203 .
541 2195 550 2203 .
567 2195 576 2204 .
597 2172 794 2214 amethysto
823 2172 930 2204 herba

227 2220 318 2253 sicut
337 2227 375 2253 et
387 2231 522 2262 gemma
544 2222 765 2254 vinolentiam
790 2222 928 2254 retundi

228 2292 239 2302 .
255 2292 265 2301 .
281 2293 292 2303 .
310 2270 423 2302 vinum
437 2271 618 2312 siquando
642 2277 748 2314 caput
772 2277 928 2304 tentave-

226 2320 286 2360 rit,
298 2318 419 2352 florum
435 2330 550 2352 auram
565 2322 733 2362 auxiliari,
744 2327 781 2354 et
794 2322 928 2354 munire

226 2371 389 2403 adversus
419 2371 615 2412 crapulam
643 2381 686 2404 eo
713 2372 806 2414 quod
826 2371 928 2404 flores

226 2420 331 2461 calidi
369 2421 493 2452 leniter
532 2422 741 2462 spiramenta
774 2423 929 2455 laxantes

228 2470 438 2511 spiraculum
468 2471 547 2503 vino
586 2476 774 2511 praestant:
810 2471 928 2513 frigidi

230 2530 310 2552 uero
322 2521 455 2554 modice
475 2522 677 2564 stringendo
692 2523 864 2564 repellunt
878 2523 928 2554 iu-

229 2569 415 2612 hibentque
440 2573 718 2613 evaporationes:
742 2581 807 2603 eeu
830 2572 930 2612 viola,

231 2624 268 2650 et
290 2630 416 2654 corona
439 2632 483 2654 ex
507 2623 616 2663 rosis,'
642 2626 708 2655 stc.
752 2624 798 2655 Et
818 2632 862 2654 ex
876 2623 928 2654 his

233 2670 375 2712 aliisque
390 2671 519 2704 ibidem
540 2674 772 2714 compluribus
788 2673 928 2705 conclu-

233 2719 296 2757 dit,
310 2721 444 2751 coronis
466 2720 580 2754 floreis
603 2724 694 2755 inter
716 2725 838 2765 pocula
852 2732 928 2755 usos

234 2774 415 2810 propterea
444 2776 593 2804 veteres.
637 2773 763 2806 Athen.
791 2782 848 2805 111.
875 2776 927 2809 ²1-

979 829 1071 859 ronis
1097 827 1189 858 inter
1214 835 1346 858 coenam
1370 830 1477 867 esput
1498 825 1686 858 omnifariis

979 875 1152 909 redimiri!
1196 875 1264 908 Sed
1292 885 1356 908 xv.
1371 879 1405 908 5.
1430 884 1473 906 ex
1493 875 1682 908 Aristotele

980 932 1016 959 et
1033 927 1204 963 Aristone,
1231 924 1395 958 affirmat:
1420 925 1612 968 ‘Antiquos
1639 927 1684 958 ob

980 978 1106 1018 cupitis
1121 977 1324 1018 gravitatem
1341 982 1377 1008 et
1395 976 1547 1008 dolorem
1573 986 1592 1008 a
1617 977 1686 1008 vini

982 1035 1067 1069 potu
1096 1029 1268 1060 vinculum
1302 1027 1516 1069 temporibus
1544 1028 1686 1060 adhibu-

982 1079 1063 1115 isse,
1092 1080 1181 1120 quod
1214 1089 1289 1111 eum
1313 1079 1496 1120 ligaturam
1521 1080 1686 1120 prodesse

982 1128 1187 1160 crederent:
1212 1134 1368 1170 posteros
1394 1134 1523 1170 nutem,
1545 1135 1686 1161 ornatus

982 1185 1018 1211 et
1047 1179 1294 1212 oblectamenti
1325 1179 1449 1220 gratia,
1482 1188 1624 1211 coronas
1652 1180 1686 1210 in

981 1229 1293 1270 compotationibus
1301 1228 1540 1269 excogitasse:
1549 1229 1593 1261 Et
1604 1238 1687 1270 pau·

982 1279 1015 1310 lo
1043 1284 1132 1319 post,
1158 1279 1228 1310 uit:
1252 1278 1403 1320 ‘cupitis
1429 1278 1540 1310 dolori
1562 1277 1686 1310 florum

980 1329 1160 1361 fasciculos
1175 1339 1216 1361 nc
1244 1334 1340 1360 serta
1363 1327 1496 1359 mederi
1516 1337 1579 1359 suo
1594 1337 1686 1359 com-

981 1388 1101 1420 pressu
1116 1384 1153 1410 et
1165 1377 1324 1410 vinculo!
1369 1376 1462 1408 Plin.
1477 1385 1558 1408 ιιι.
1568 1379 1600 1408 8.
1610 1378 1686 1419 jam

981 1428 1042 1460 cit.
1059 1428 1109 1459 sic
1124 1428 1228 1460 babet
1242 1438 1251 1459 :
1275 1431 1285 1445 ‘
1297 1426 1401 1468 Apud
1417 1427 1559 1459 Graecos
1574 1427 1619 1458 de
1629 1437 1686 1459 co-

981 1479 1072 1511 ronis
1100 1479 1270 1519 scripsere
1294 1477 1496 1509 Mnestheus
1519 1483 1557 1509 et
1582 1477 1687 1510 Caui-

981 1528 1120 1560 macbus
1131 1528 1277 1568 Medici,
1292 1538 1369 1570 quie
1381 1533 1546 1560 nocerent
1556 1528 1665 1569 capiti
1676 1539 1687 1560 2

983 1578 1141 1620 quoniam
1167 1584 1204 1609 et
1230 1578 1263 1608 in
1279 1578 1343 1609 hoc
1358 1583 1411 1610 est
1428 1578 1541 1620 aliqua
1555 1579 1688 1610 valetu-

981 1627 1071 1658 dinis
1101 1628 1237 1668 portio;
1262 1627 1296 1658 in
1328 1632 1413 1668 potu
1443 1632 1547 1669 utque
1573 1628 1687 1659 hilari-

982 1681 1055 1708 tate
1070 1676 1259 1717 praecipue,
1273 1676 1416 1708 odorum
1434 1677 1467 1708 vi
1482 1682 1686 1718 surrepente

958 1759 971 1762 ,,
982 1725 1179 1766 fallaciter:
1194 1729 1262 1758 διο.
1277 1726 1334 1758 nbi
1347 1726 1449 1758 etism
1463 1725 1572 1758 refert
1586 1727 1687 1759 Cleo-

984 1782 1117 1816 patram
1146 1786 1208 1818 per
1238 1777 1340 1808 illitus
1375 1787 1508 1809 veneno
1543 1787 1687 1810 coronas

983 1826 1135 1858 Antonio
1164 1826 1370 1859 insidi-tam.
1425 1827 1480 1859 Ex
1507 1827 1576 1859 illis
1605 1836 1688 1861 vero

984 1885 1061 1918 qnae
1076 1881 1157 1908 aute
1179 1876 1274 1909 dicta
1296 1882 1391 1916 sunt,
1411 1877 1517 1910 Ovid.
1542 1878 1636 1910 Fast.
1650 1887 1687 1911 v.

983 1929 1060 1957 337.
1071 1927 1122 1957 ita
1137 1927 1253 1958 canit:
1277 1931 1287 1945 ⁴
1299 1927 1424 1959 Ebrius
1436 1927 1599 1960 incinctis
1614 1928 1688 1969 phi·

982 1975 1056 2016 lyra
1085 1975 1229 2006 conviva
1251 1977 1385 2017 capillis
1414 1975 1540 2014 Saltu,
1564 1983 1601 2010 et
1627 1978 1689 2009 im·

982 2024 1133 2066 prudeus
1148 2025 1257 2056 utitur
1272 2033 1347 2058 arte
1361 2025 1471 2058 meri?

1023 2076 1044 2106 3
1066 2075 1168 2106 Mitte
1189 2076 1316 2113 sectari,
1343 2086 1416 2108 rosc
1442 2087 1514 2118 quo,
1534 2078 1606 2119 Asc-J
1630 2079 1686 2111 Ne

979 2124 1116 2156 labores
1132 2124 1176 2156 ad
1191 2125 1448 2167 investigandus
1469 2135 1563 2158 rosas
1585 2133 1686 2159 extra

982 2179 1131 2216 tempus,
1156 2175 1364 2207 texenda-ve
1387 2185 1408 2207 e
1429 2177 1516 2208 raris
1543 2176 1685 2210 floribus

982 2234 1138 2256 coronas.
1183 2225 1309 2258 Athen.
1326 2226 1387 2258 cit.
1398 2227 1433 2257 in
1453 2228 1618 2259 conviviis
1635 2238 1688 2259 10-

981 2284 1057 2306 seas
1087 2285 1232 2308 coronas
1260 2276 1491 2308 commendat.
1536 2277 1583 2308 At
1611 2287 1697 2317 eas,¹

982 2334 1057 2357 cum
1068 2331 1192 2357 natura
1196 2331 1319 2368 negat,
1331 2326 1503 2357 luxuriose
1511 2330 1684 2358 sectantes

981 2374 1031 2406 ita
1053 2375 1195 2415 corripit
1210 2376 1343 2406 Seneca
1358 2376 1469 2415 Epist.
1486 2377 1560 2407 122.
1577 2384 1621 2406 an
1636 2376 1685 2406 vi-

981 2430 1066 2457 vunt
1077 2430 1200 2457 contra
1210 2430 1382 2461 naturam,
1397 2425 1455 2466 qni
1470 2425 1590 2465 hyeme
1605 2435 1684 2457 con-

982 2476 1164 2516 cupiscunt
1186 2476 1318 2507 rosam?
1362 2475 1409 2507 Et
1433 2475 1491 2516 qui
1520 2485 1684 2517 aqunrum

982 2524 1134 2556 fomento
1150 2525 1349 2564 calentium,
1374 2530 1413 2557 et
1434 2525 1584 2557 calorum
1600 2532 1684 2568 apta

981 2575 1172 2607 mutatione
1198 2575 1270 2616 (vel
1297 2575 1422 2616 potius,
1450 2575 1687 2618 ‘imitatione‚'

981 2625 1016 2655 id
1046 2629 1112 2663 est,
1142 2623 1307 2656 imitando
1339 2626 1489 2657 calorem
1514 2627 1684 2666 aestivum,

982 2674 1040 2715 qui
1067 2684 1087 2704 a
1118 2678 1240 2706 natum
1264 2679 1331 2713 est,
1359 2683 1403 2706 ex
1431 2675 1550 2717 Lipsio
1579 2676 1682 2717 ibid.)

982 2724 1103 2755 bruma
1131 2724 1235 2757 lilium
1260 2723 1377 2757 florem
1404 2735 1544 2760 vernum
1567 2729 1683 2769 expri-

983 2774 1107 2804 munt?
