1916 3190
671 240 945 272 οΛκΜιΝυΜ
981 239 1076 269 ms.
1111 239 1140 268 ι.
1170 228 1239 268 36.

406 336 508 378 Neu
529 341 717 390 promtae
736 335 896 377 modus
923 334 1166 388 amphorae,

461 403 565 445 Neu
586 416 748 445 morem
770 404 814 444 in
835 403 1007 444 Salium
1028 402 1087 443 sit
1105 401 1281 455 requies
1300 399 1461 454 pedum
1481 414 1492 451 ;

404 470 510 512 Neu
531 470 655 511 multi
678 470 882 511 Damalis
901 469 1010 510 meri

459 537 650 578 Bassum
666 536 874 578 Threicia
895 538 1043 578 vincat
1061 533 1284 589 amystide
1304 546 1317 585 ;

235 664 403 702 emesae,-
425 675 500 698 neve
512 667 631 707 prolato
645 667 719 698 cado
733 668 880 706 parcam
891 675 904 702 ,·
919 673 1015 706 neque
1028 665 1072 696 sit
1080 665 1192 705 pedu-t
1206 664 1337 696 cessatio
1349 665 1391 696 nd
1403 663 1500 695 ritum
1513 663 1682 695 Saliorum.

232 705 320 739 Nece
331 708 475 740 Damalis
483 709 614 749 plurimi
634 710 702 740 vini
724 708 817 740 bibax
831 711 927 739 cer-tet
942 717 1012 739 cum
1027 708 1127 739 Basso
1138 708 1256 748 poculis
1273 707 1443 739 Thracibus
1453 718 1464 738 .-
1487 716 1562 738 aeve
1577 705 1681 737 convi-

232 886 291 918 alii
307 888 406 921 codd.
429 899 505 921 cum
534 891 673 923 Locher.
690 895 726 922 et
749 891 889 923 Venett.
915 891 983 922 Nec
1007 894 1160 930 prozntae,·
1184 888 1283 920 Harl.
1307 891 1339 920 2.
1366 891 1398 920 3.
1423 891 1456 919 4.
1483 890 1515 919 6.
1538 885 1681 918 ascens.

232 931 351 970 ceteri,
377 932 449 964 Neu
459 936 691 973 ,πωπω-12
716 933 813 964 Harl.
830 937 860 965 l.
873 937 904 966 5.
928 933 1022 973 Lips.
1046 933 1189 964 Locher.
1205 932 1345 963 Venett.
1363 932 1407 962 al.
1427 931 1495 962 Nec
1510 939 1682 961 morem.—

233 974 275 1004 la
298 973 407 1006 Iidem
431 975 530 1012 codd.
556 981 591 1007 et
616 975 759 1007 Asceus.
786 977 853 1008 Nec
868 976 982 1012 multi‚·
1008 975 1103 1006 Harl.
1119 978 1150 1006 2.
1166 977 1244 1006 3.4.
1260 977 1292 1006 6.
1313 973 1453 1014 aliique,
1486 973 1556 1005 Neu
1582 973 1685 1003 multi.

229 1015 239 1031 ‘
255 1014 374 1048 Metuo
390 1026 432 1048 ne
446 1017 509 1049 hoc
523 1028 584 1050 neu
599 1019 857 1059 transponendis
875 1018 1025 1049 versibus
1041 1018 1252 1048 occasionem
1269 1016 1416 1047 dederit.
1459 1015 1584 1046 Melius
1596 1016 1684 1046 enim

232 1061 270 1088 et
285 1058 398 1098 aptius
410 1067 512 1098 esset,
525 1061 553 1092 si
570 1067 649 1101 post
664 1070 714 1092 vs.
727 1063 779 1092 10.
797 1065 1021 1101 sequerentur
1035 1069 1084 1089 vs.
1099 1062 1149 1090 15.
1161 1061 1213 1090 16.
1238 1059 1318 1099 quia
1335 1063 1416 1090 tuuc
1434 1058 1508 1089 idea
1526 1066 1684 1088 versuum

234 1100 286 1130 13.
299 1102 351 1132 14.
374 1103 522 1134 naturali
538 1103 792 1134 continuatione
808 1103 903 1134 ducit
916 1101 958 1133 ad
977 1111 1025 1132 vs.
1043 1104 1160 1133 17-20.
1205 1101 1281 1132 Nisi
1299 1106 1422 1140 putare
1439 1101 1616 1138 malumus,
1632 1106 1683 1131 ta-

233 1141 301 1172 lem
317 1145 607 1183 perturbationem
624 1145 776 1177 idearum
794 1146 935 1185 lyricum
957 1144 1094 1185 poetam
1118 1143 1265 1174 decere.’
1285 1144 1373 1175 dmi.
1419 1143 1513 1174 ldem
1530 1142 1635 1173 sentit
1649 1142 1683 1174 J.

234 1183 454 1219 valen—13
477 1187 533 1219 Ab
551 1187 616 1220 hoe
630 1198 731 1219 versu
753 1197 840 1219 nova
856 1187 933 1219 Ode
948 1187 1069 1228 incipit
1086 1186 1119 1217 in
1137 1186 1201 1217 Ed.
1218 1185 1384 1224 Sivriana,
1405 1185 1461 1217 ubi
1485 1185 1611 1225 legitur
1628 1185 1685 1216 da-

892 1293 1032 1326 NOTAE

230 1367 341 1409 plenas
362 1367 641 1408 significationem
663 1369 807 1409 laetitiae,
832 1370 926 1409 large
1023 1370 1063 1399 13
1088 1367 1162 1399 Nea
1175 1366 1269 1398 multi
1283 1366 1431 1398 Damalis
1443 1365 1521 1398 meri
1536 1365 1686 1404 Bonum,

228 1417 414 1450 bibendum
425 1420 494 1459 ait;
518 1420 616 1451 simul
632 1425 668 1452 et
684 1427 837 1452 veterum
853 1427 926 1451 tan·
978 1417 1047 1459 ξω]
1077 1415 1132 1448 Ad
1161 1416 1355 1448 convivium
1388 1416 1497 1448 amica
1524 1414 1684 1447 Numidae

231 1466 282 1507 git
308 1476 446 1505 morem,
462 1479 530 1514 quo
550 1470 677 1502 amicos
701 1470 754 1501 vel
776 1469 927 1511 proficis·
979 1468 1135 1500 Damalis
1156 1467 1304 1498 invitata
1326 1476 1404 1499 cnm
1427 1475 1516 1498 novo
1531 1466 1581 1497 sic
1596 1475 1686 1496 ama—

230 1521 363 1557 centes,
391 1518 486 1550 vele
512 1521 786 1561 peregrinatione
813 1530 927 1553 rever·
981 1522 1056 1550 tore
1085 1522 1300 1556 consuescat,
1329 1522 1369 1549 ut
1400 1517 1523 1548 relicta
1558 1515 1686 1547 veteris

230 1570 345 1598 tentes
373 1569 527 1600 convivio
556 1570 786 1611 excipiebant.
840 1572 926 1604 Quae

228 1616 366 1660 quidem
381 1618 493 1660 epuloe
510 1619 715 1658 dicebantur
740 1622 875 1653 viaticae
892 1627 928 1653 et

229 1666 442 1700 adventitiae.

274 1718 316 1747 12
339 1716 411 1749 Neu
430 1727 544 1749 morem
558 1719 593 1750 in
607 1718 727 1751 Salium
747 1721 791 1752 sit
808 1721 930 1761 requies

229 1766 356 1807 pedm]
388 1767 462 1799 Nec
490 1769 693 1801 omittantur
715 1770 865 1810 tripudia
893 1775 929 1801 et

232 1815 429 1846 saltationes
447 1817 489 1847 iis
507 1817 647 1854 similes,
670 1829 751 1860 quas
767 1824 929 1851 exercent

231 1863 316 1894 Salii
327 1863 452 1896 Martis
462 1865 666 1898 Sacerdotes
677 1877 695 1898 a
706 1867 819 1899 Numa
828 1868 929 1900 Pom-

234 1913 317 1953 pilio
343 1914 503 1956 iustituti,
530 1925 668 1947 numero
694 1917 889 1957 duodecim,
910 1928 930 1950 e

232 1963 386 1996 Patricio
402 1975 526 2007 genere
538 1976 546 1996 :
564 1976 584 1998 a
594 1966 692 1999 Tullo
702 1967 828 1999 deinde
838 1968 929 1999 Hos-

233 2014 306 2046 tilio
320 2014 497 2056 duplicati.
540 2015 602 2056 Hi,
622 2026 719 2049 aenea
734 2018 841 2059 galea,
857 2018 929 2050 bal·

233 2064 325 2105 theo,
339 2075 380 2096 ac
402 2066 541 2098 thorace
567 2067 702 2107 armati,
729 2077 791 2108 per
811 2068 928 2100 urbem

231 2113 448 2153 incedebant,
470 2115 578 2155 gradu
598 2118 799 2158 composito,
822 2122 927 2159 atque

231 2163 274 2195 ad
292 2163 384 2195 tibiae
405 2165 558 2196 modulos
576 2165 812 2199 subsilientes:
839 2169 927 2200 unde

231 2222 364 2246 nomeu.
386 2215 492 2246 Sacra
503 2215 561 2246 illa
575 2217 681 2248 coenis
691 2227 825 2259 quoque
841 2228 930 2250 sum-

231 2265 929 2310 tuosis,cautibus,etsymphoniaopipare

230 2314 461 2347 celebrabant.
505 2315 596 2347 Vide
623 2316 721 2357 plura
742 2318 832 2358 apud
857 2319 931 2350 Liv-

232 2373 258 2396 ι.
273 2367 327 2396 20.
351 2365 423 2398 Jul.
437 2365 528 2398 Poll.
545 2375 595 2398 tv.
612 2369 664 2398 14.
686 2368 832 2400 maxime
849 2379 931 2402 vero

231 2413 331 2446 Alex.
358 2415 404 2446 ab
430 2415 532 2447 Alex.
558 2425 584 2448 1.
611 2419 665 2449 26.
685 2419 750 2449 dcc.
784 2419 931 2461 Dionys.

198 2465 203 2469 ”
233 2462 409 2496 Halicarn.
434 2465 493 2496 lib.
509 2474 551 2497 11.
567 2466 617 2498 sic
632 2466 759 2499 habet:
781 2469 792 2486 ‘
808 2469 930 2501 Hi‘au-

234 2515 302 2544 tem
326 2513 408 2544 Salii
434 2524 550 2546 omues
573 2516 756 2548 saltatores
780 2523 872 2556 sunt,
894 2523 932 2549 et

189 2583 196 2589 .
232 2560 429 2595 laudatores
445 2570 651 2597 armatorum
673 2567 849 2607 Deorum,’
866 2569 931 2599 &c-

234 2609 343 2642 Varro
368 2613 410 2644 de
433 2615 532 2655 Liug.
555 2615 629 2647 Lat.
652 2617 712 2648 lib.
729 2626 781 2649 tv.
803 2619 854 2649 sic
874 2619 929 2649 ha·

234 2659 293 2692 bct
307 2670 317 2690 ε
340 2662 350 2678 ‘
369 2662 450 2694 Salii
475 2673 496 2694 a
516 2665 685 2705 saltando,
699 2667 791 2708 quod
813 2667 929 2701 facere

233 2709 269 2740 iu
286 2710 425 2742 comitio
447 2713 630 2753 quotannis
644 2715 678 2747 iu
692 2717 797 2749 sacris
816 2719 927 2751 solent

235 2764 272 2792 ct
284 2758 437 2807 debent:

982 1568 1082 1600 amici
1110 1567 1355 1606 familiaritate,
1383 1567 1481 1599 Bassi
1513 1566 1687 1606 videlicet,

982 1628 1049 1649 non
1066 1618 1211 1659 amplius
1226 1628 1301 1650 cnm
1314 1627 1355 1649 eo
1368 1623 1480 1649 certet
1496 1617 1685 1649 bibacitate

983 1668 1099 1699 vinosa
1115 1667 1249 1709 quidem
1264 1668 1397 1700 mulier.

1027 1719 1126 1749 Multi
1140 1719 1234 1759 meri]
1249 1718 1322 1749 Cic.
1336 1718 1432 1749 Fam.
1448 1725 1498 1748 ix.
1511 1719 1566 1748 26.
1581 1716 1592 1733 ⁴
1606 1715 1685 1746 Non

983 1768 1082 1798 multi
1094 1767 1162 1798 cibi
1176 1767 1343 1807 hospitem
1356 1766 1518 1806 accipies,
1530 1766 1589 1797 sed
1601 1765 1686 1796 mul·

984 1816 1119 1858 tijoci.'
1140 1817 1210 1848 Alii
1224 1818 1272 1848 sic
1287 1818 1578 1857 interpretantur:
1598 1815 1686 1847 Bas-

984 1877 1040 1898 sus
1064 1871 1100 1898 et
1128 1866 1280 1899 Damalis
1303 1870 1438 1898 certent
1459 1865 1605 1906 poculis,
1619 1874 1685 1897 nec

985 1917 1019 1948 in
1036 1917 1306 1958 pergraecatione
1318 1917 1396 1948 huic
1411 1916 1469 1947 ille
1484 1914 1600 1947 cedat.

1027 1969 1069 1998 14
1090 1965 1242 2006 Bassum]
1267 1965 1302 1996 Is
1324 1964 1417 1997 forte
1442 1969 1495 1996 est
1518 1963 1685 1995 lambiens

981 2015 1040 2047 ille
1067 2015 1178 2047 Po'eta
1203 2014 1247 2046 ad
1271 2024 1370 2056 quem
1396 2018 1450 2045 est
1472 2013 1636 2054 Propert.
1657 2022 1683 2045 1.

981 2065 1079 2107 Eleg.
1092 2068 1125 2097 4.
1145 2070 1183 2097 et
1205 2065 1308 2097 Ovid.
1321 2064 1426 2096 Trist.
1441 2073 1493 2096 tv.
1521 2065 1614 2104 meg.
1632 2066 1684 2095 10.

980 2117 1049 2149 Ubi
1076 2116 1165 2148 male
1187 2116 1307 2148 Battus
1328 2116 1477 2157 legitur-3
1501 2115 1625 2146 Bassus
1650 2125 1684 2146 e-

981 2167 1050 2198 nim
1077 2171 1223 2199 vocatur
1246 2166 1337 2207 apud
1362 2165 1569 2207 antiquiores
1604 2165 1683 2196 vitae

983 2217 1099 2249 Ovidii
1116 2218 1321 2258 scriptores:
1339 2216 1438 2248 testis
1454 2217 1619 2256 Scaliger.

1029 2268 1173 2299 Threicia
1186 2267 1357 2308 amystide]
1383 2266 1448 2297 Vel
1470 2266 1595 2306 poculo
1616 2265 1683 2295 val-

983 2316 1027 2348 de
1050 2318 1194 2359 capaci3
1218 2318 1272 2348 vel
1290 2315 1430 2348 bibendi
1452 2324 1575 2354 genere
1592 2313 1685 2354 apud

983 2367 1138 2399 Thracas
1159 2372 1195 2399 et
1218 2367 1364 2406 Scythas
1381 2365 1507 2395 usitato
1522 2362 1686 2402 ἀπνευστὶ,

984 2418 1056 2449 sine
1083 2417 1321 2458 respiratione,
1349 2413 1476 2454 ἀμυστὶ,
1503 2414 1619 2444 hiante
1648 2418 1684 2444 et

985 2473 1128 2508 patente
1143 2476 1202 2497 ore
1217 2471 1254 2496 et
1269 2465 1357 2496 rictu
1370 2477 1379 2495 ι
1404 2463 1493 2494 unde
1507 2461 1685 2502 ἀμυστίζειν

985 2516 1111 2547 dicitur
1138 2516 1166 2546 is
1187 2515 1246 2557 qui
1269 2514 1318 2546 sic
1342 2514 1456 2544 vinum
1480 2513 1683 2555 ingurgitat,

983 2568 1238 2608 largohaustu,
1268 2564 1413 2605 ductim,
1439 2562 1621 2595 confertim
1646 2570 1683 2596 et

983 2616 1186 2654 confestim3
1222 2624 1289 2646 nou
1320 2618 1433 2646 antem
1465 2613 1683 2654 ambulando,

984 2668 1039 2699 vel
1051 2668 1144 2698 lento
1159 2666 1277 2697 ductu.
1299 2664 1387 2696 Vide
1399 2664 1577 2696 Plutarch.
1587 2665 1683 2706 Sym-

983 2728 1060 2759 pos.
1084 2718 1170 2749 Coel.
1185 2726 1235 2749 w.
1258 2718 1314 2749 26.
1337 2719 1375 2748 et
1398 2723 1460 2750 xv.
1475 2719 1507 2749 6.
1533 2717 1679 2749 Turneb.

985 2776 1094 2800 xvux.
1106 2769 1160 2799 27.
