1916 3190
226 227 282 268 76
701 241 745 278 Q.
777 238 989 270 nonA'ru
1025 239 1198 271 rucei

398 331 727 387 Ventorumque
748 338 870 387 regat
890 338 1028 388 pater,

455 399 693 442 Obstrictis
716 401 831 451 aliis,
851 405 1011 455 praeter
1034 401 1227 456 Iapyga:

397 464 555 517 Navis,
577 480 676 521 quae
698 468 777 509 tibi
799 468 1020 509 creditum
1654 470 1683 510 5

456 532 611 574 Debes
635 533 880 588 Virgilium,
899 534 1058 576 finibus
1078 533 1243 576 Atticis

400 598 584 640 Reddas
607 600 883 651 incolumem,
906 614 1079 655 precor,

455 667 513 707 Et
534 680 684 709 serves
706 669 865 711 animae
887 669 1119 710 dimidium
1142 681 1265 709 meae.

224 784 397 822 ventor-um,
411 781 563 813 conclusis
583 781 723 822 reliquis,
745 782 871 820 excepto
886 779 1029 819 Iapyge:
1058 789 1076 810 ο
1102 781 1204 817 navis,
1226 790 1295 820 quoe
1316 780 1406 812 debes
1426 781 1598 821 Virgilium
1621 781 1681 813 tibi

223 824 428 863 commissum,
443 834 495 856 oro
507 828 542 855 ut
553 834 622 856 eum
635 825 782 865 sospitem
795 821 933 863 applices
946 823 987 853 ud
1001 821 1091 853 littus
1101 822 1303 859 Atheniense,
1318 833 1354 855 ac
1368 823 1486 855 tuearis
1497 828 1620 865 purtem
1634 824 1685 855 da·-

833 916 1076 929 “omno-‘000

226 984 329 1015 etiam
353 983 565 1023 Cuning.—3
589 983 707 1015 Codex
735 982 951 1021 Bersmanni,
979 981 1206 1022 Ventorumque
1218 986 1308 1023 pater
1320 985 1493 1021 regam-4
1515 981 1613 1013 Idem
1629 991 1686 1013 co-

225 1025 292 1056 dex
327 1035 403 1056 cum
422 1026 533 1057 Pulm.
550 1028 581 1058 1.
596 1028 628 1057 2.
641 1028 673 1057 3.
687 1028 720 1057 4.
746 1025 928 1056 Obstructis
955 1023 1041 1064 aliis,
1065 1024 1116 1054 uti
1137 1024 1246 1055 edidit
1271 1024 1451 1062 Muretus3
1483 1024 1542 1055 sed
1567 1033 1686 1055 omnes

225 1067 284 1099 alii
301 1067 402 1100 codd.
420 1073 456 1100 et
473 1067 553 1099 edd.
568 1068 675 1109 antiq.
689 1067 820 1098 liabent
837 1065 1021 1098 ebur-ictis.
1063 1065 1153 1096 Vide
1169 1066 1311 1098 Homer.
1327 1066 1397 1097 Od.
1412 1069 1452 1096 K.
1466 1066 1576 1106 princ.
1617 1066 1682 1097 Ob·

224 1110 339 1141 stru-sis
353 1110 490 1141 Servius
506 1111 548 1141 ad
574 1110 671 1149 Virg.
687 1110 761 1142 AEn.
777 1118 859 1141 vin.
873 1110 1028 1140 ⁷10.-5.
1050 1110 1072 1139 6
1095 1106 1230 1139 Wakef.
1257 1108 1491 1149 interpungit:
1515 1108 1632 1148 Navis,
1653 1118 1686 1149 q.

225 1156 251 1184 t.
277 1152 430 1184 creditum
455 1153 501 1184 D.
524 1153 697 1192 Virgilium
713 1152 836 1194 finibus
856 1149 988 1190 Atticis,
1014 1150 1154 1190 Reddas,
1177 1152 1230 1190 8515.
1254 1150 1305 1182 ita
1329 1154 1514 1182 annotans:
1538 1151 1548 1168 ‘
1562 1150 1684 1182 Mirari

225 1195 308 1226 satis
324 1204 468 1237 nequeo,
483 1196 651 1226 neminem
675 1195 870 1233 Editorum,
889 1202 1031 1234 quorum
1049 1202 1132 1224 sane
1161 1198 1364 1233 proventum
1387 1192 1595 1224 uberrimum
1618 1193 1685 1224 sibi

226 1242 332 1269 nacta
345 1242 396 1270 est
414 1237 550 1270 Horatii
566 1236 728 1276 felicitas,
753 1241 883 1268 rectam
906 1235 1050 1276 hujusce
1074 1234 1143 1266 loci
1169 1235 1336 1267 rationem
1361 1235 1556 1275 arripuisse.
1603 1236 1689 1267 Erat

225 1279 389 1320 Virgilius
405 1280 539 1312 scilicet
561 1279 594 1311 in
620 1279 705 1311 fines
725 1279 862 1311 Atticos
879 1287 966 1309 nave
982 1276 1203 1318 deferendus,
1219 1277 1310 1309 unde
1325 1278 1359 1308 in
1375 1277 1520 1318 patriam
1536 1277 1686 1309 reditum

226 1326 336 1354 tutum
354 1323 576 1355 dilectissimo
594 1322 712 1354 Poetae
729 1327 891 1363 precatur
910 1321 1074 1352 Flaccus:
1099 1320 1152 1351 cui
1179 1320 1359 1361 scriptoris
1381 1329 1484 1361 scopo
1501 1319 1685 1352 manifeste

883 1406 1025 1439 NOTAE

226 1471 311 1504 ridae
337 1476 504 1504 vocantur
530 1483 550 1504 a
574 1473 706 1505 Latinis
731 1472 882 1514 quidem,
909 1481 929 1503 a

227 1521 360 1554 Graecis
390 1531 471 1554 vero
497 1521 596 1555 Jovis
626 1522 701 1562 filii,
735 1520 927 1563 Διόσκουροι.

227 1571 339 1604 Porro
355 1571 444 1613 quod
462 1582 482 1603 a
498 1572 626 1604 Piratis
649 1582 690 1604 ac
707 1571 929 1614 praedonibus

226 1631 333 1662 mare,
357 1622 437 1654 dum
469 1623 636 1659 viverent,
665 1623 885 1661 liberassent,
909 1631 930 1653 a

227 1671 393 1713 Neptuno
408 1671 570 1704 dicuntur
585 1673 704 1713 adepti
727 1681 802 1704 esse
815 1676 929 1713 potes-

227 1725 337 1753 tatem
366 1720 539 1763 nanfragis
575 1721 779 1764 opitulandi.
836 1722 931 1754 Hinc

227 1772 366 1813 σωτῆρες
388 1772 495 1804 dicti:
519 1777 555 1804 et
581 1773 660 1804 hinc
682 1773 786 1804 lucida
805 1772 931 1804 sidera.-

226 1822 260 1854 in
277 1823 376 1855 astris
392 1822 551 1854 nimirum
572 1827 796 1857 recensentur
810 1823 933 1854 Castor

227 1876 264 1903 et
287 1871 435 1902 Pollux:
458 1881 644 1913 eorumque
667 1874 777 1904 stellae
794 1882 874 1905 cum
888 1873 933 1904 si-

228 1921 299 1952 mul
314 1927 497 1961 apparent,
513 1922 699 1960 salutares;
723 1932 800 1953 cum
815 1923 933 1954 solita-

228 1970 304 2009 riae,
321 1978 442 2010 graves
458 1973 493 2000 et
509 1969 620 2000 noxiae
638 1970 841 2002 creduntur.
867 1971 932 2002 Ar-

228 2019 349 2051 nobius
364 2019 461 2059 ignes
477 2027 536 2049 sen
553 2017 702 2058 fulgores
716 2019 862 2050 marinos
874 2029 932 2050 vo-

229 2074 299 2102 cat.
325 2068 416 2101 Vide
433 2068 525 2100 Plin.
542 2077 584 2100 11.
600 2070 653 2100 37.
678 2068 806 2109 Hygia.
821 2069 878 2100 lib.
892 2077 933 2100 ιι.

230 2122 296 2152 &c.
319 2123 356 2151 et
370 2117 459 2150 infra
475 2117 544 2150 Od.
561 2120 615 2150 12.
630 2118 727 2159 liujus
744 2118 822 2150 libri
837 2118 921 2150 Not.

272 2173 292 2203 3
321 2169 489 2202 Ventorum
500 2167 607 2209 pater]
634 2167 757 2200 Jovem
773 2168 934 2209 intelligit

229 2220 423 2259 Marcilius,
432 2219 509 2260 quia
523 2217 695 2249 veteribus
707 2217 862 2259 Physicis
872 2217 934 2251 Ju-

229 2272 322 2314 piter
336 2275 390 2303 est
402 2270 462 2302 aer
476 2270 628 2311 agitatus
644 2273 679 2301 et
695 2268 815 2306 fluens,
831 2269 931 2301 adeo-

233 2331 298 2363 que
311 2321 347 2353 id
362 2320 452 2363 quod
465 2325 605 2352 ventum
621 2319 841 2360 appellamus.
862 2318 933 2351 Alii

231 2372 354 2404 melius
366 2375 544 2413 exponunt
558 2370 602 2402 de
617 2369 728 2410 AEoIo,
742 2370 799 2412 qui
816 2374 933 2402 vento·

231 2433 306 2455 rum
322 2432 382 2454 rex
399 2427 434 2454 et
449 2425 550 2463 pater
564 2419 693 2460 dictus,
708 2419 797 2461 quod
813 2424 932 2451 vento-

233 2483 308 2505 rum
324 2478 563 2513 astrorumque
587 2469 756 2502 rationem
779 2469 935 2510 apprime

233 2523 402 2555 calluerit.
445 2521 481 2554 Is
496 2520 657 2562 regnavit
675 2519 790 2552 iliacis
806 2524 937 2561 tempo-

234 2572 328 2605 ribus
354 2571 446 2613 apud
467 2571 604 2603 Insulas
632 2569 770 2606 AEolias.
796 2578 873 2610 quoe
900 2573 938 2602 et

233 2622 424 2661 Vulcaniae‚
448 2621 583 2652 Italiam
610 2620 702 2652 inter
724 2624 760 2652 et
783 2619 936 2653 Siciliam

235 2671 370 2714 positae.
394 2670 485 2701 Plin.
498 2678 556 2703 111.
572 2673 604 2701 8.
619 2674 656 2702 et
670 2673 703 2702 9.

278 2725 300 2754 4
324 2719 497 2753 obstrictis
510 2718 599 2759 aliis]
623 2719 739 2751 Ceteri
762 2719 856 2752 venti
873 2719 934 2751 mi-

234 2773 326 2805 nime
342 2770 484 2814 propitii
499 2769 721 2811 retineantur,
738 2779 824 2802 unus
841 2770 937 2803 emit-

983 1474 1078 1503 tatur
1107 1470 1217 1511 Iapyx
1245 1469 1391 1510 Virgilio
1422 1469 1620 1501 commodus
1651 1468 1685 1499 in

983 1519 1068 1552 fines
1083 1520 1221 1552 Atticos
1234 1519 1445 1561 properanti.
1468 1518 1601 1552 Alludit
1615 1518 1689 1550 Ho-

983 1571 1089 1603 ratius
1106 1571 1148 1601 ad
1162 1574 1273 1601 utrem
1285 1569 1400 1610 Ulyssi
1416 1568 1460 1600 ab
1472 1568 1568 1600 AEolo
1584 1567 1689 1599 dona-

984 1626 1068 1661 tum,
1084 1621 1117 1652 in
1134 1630 1201 1662 quo
1218 1620 1311 1651 venti
1331 1623 1431 1652 erant
1446 1619 1582 1657 inclusi,
1598 1628 1687 1660 prae-

984 1675 1039 1703 ter
1062 1671 1259 1712 Zephyrum
1286 1668 1497 1711 navigationi
1525 1669 1599 1710 ejils
1623 1668 1688 1700 uti-

984 1722 1061 1754 lem.
1106 1721 1254 1754 Quidam
1277 1721 1410 1761 legunt,
1431 1719 1611 1758 obstructis,
1626 1718 1687 1750 sed

984 1772 1086 1803 male.
1121 1769 1263 1803 Homer.
1293 1769 1395 1802 modo
1415 1769 1478 1801 cit.
1503 1768 1630 1810 odyss.
1645 1772 1685 1799 K.

984 1821 1149 1859 κατέδησε,
1172 1820 1299 1860 ligavit.
1345 1819 1467 1860 Virgil.
1491 1818 1566 1850 AEn.
1590 1827 1615 1849 ι.
1639 1817 1690 1850 ἰιι·

987 1873 1099 1904 clusos
1113 1880 1254 1904 carcere
1270 1874 1390 1902 ventos
1406 1869 1538 1911 pariter
1553 1869 1660 1902 canit·

1030 1921 1168 1963 Iapyga]
1185 1921 1318 1953 Ventus
1332 1920 1391 1952 ille
1404 1929 1449 1951 ex
1463 1919 1600 1961 Apuliae
1612 1918 1688 1950 fini-

986 1971 1050 2002 bus
1088 1969 1328 2010 proficiscitur,
1364 1969 1526 2001 adversus
1559 1969 1687 2001 Eurum

986 2019 1058 2056 fiat,
1085 2019 1175 2050 idem
1203 2018 1449 2059 propemodum
1472 2023 1577 2060 atque
1601 2019 1690 2050 Cau-

987 2079 1054 2109 rus,
1082 2069 1118 2100 in
1148 2067 1320 2099 Graeciam
1348 2067 1492 2108 proinde
1520 2077 1565 2099 ex
1588 2068 1692 2100 Italia

987 2117 1197 2151 solventibus
1223 2118 1325 2159 plane
1348 2116 1452 2150 utilis.
1489 2116 1578 2149 Vide
1594 2117 1689 2150 Gen.

987 2178 1030 2202 ιι.
1045 2171 1102 2201 22.

1027 2222 1049 2251 6
1076 2217 1262 2259 Virgilium]
1286 2216 1378 2250 Huic
1394 2226 1470 2249 cum
1484 2216 1596 2249 Poeta
1611 2227 1689 2250 nos-

986 2273 1041 2301 tro
1071 2268 1287 2301 familiaritas
1317 2268 1476 2308 maxima,
1500 2272 1538 2299 nt
1566 2267 1689 2299 mirum

986 2328 1053 2351 non
1069 2318 1130 2351 abs
1146 2328 1182 2350 re
1197 2318 1368 2359 videatur,
1383 2316 1475 2359 quod
1495 2317 1622 2349 nullam
1637 2315 1689 2348 fe-

987 2369 1077 2401 cerit
1101 2377 1242 2410 usquam
1264 2368 1474 2399 mentionem
1489 2367 1690 2408 Lyricorum

987 2420 1158 2462 Principis
1173 2419 1402 2451 Hernicorum
1416 2419 1475 2450 ille
1490 2418 1672 2458 Princeps.

1031 2471 1168 2504 Finibus
1189 2471 1322 2511 Atticis]
1345 2469 1465 2503 Attica
1487 2469 1582 2510 regio
1605 2469 1690 2500 Hel·

988 2521 1074 2553 ladis
1091 2521 1126 2552 in
1142 2520 1266 2562 angulo
1287 2519 1462 2551 Orientali
1475 2522 1512 2550 et
1523 2517 1691 2558 Australi,

989 2571 1048 2604 ubi
1077 2572 1178 2612 longe
1201 2569 1466 2611 praeclarissima
1483 2573 1521 2601 et
1540 2569 1692 2600 nomina-

990 2621 1120 2654 tissima
1135 2620 1258 2653 civitas
1274 2623 1381 2660 caput
1396 2618 1544 2659 extollit,
1561 2617 1571 2635 ‘
1582 2617 1691 2650 Athe·

965 2675 967 2677 '
988 2681 1042 2704 nae
1057 2670 1205 2704 omnium
1219 2669 1448 2701 doctrinarum
1460 2667 1693 2709 inventrices,'

990 2721 1065 2754 Cio.
1080 2720 1124 2751 de
1136 2719 1238 2752 Orat.
1253 2728 1279 2751 1.
1295 2721 1348 2752 13,

1031 2773 1051 2803 8
1073 2770 1196 2803 Animae
1224 2768 1391 2802 dimidium
1417 2766 1510 2808 meoe]
1543 2767 1581 2801 S.
1597 2766 1689 2809 Aug.
