1916 3190
606 285 875 317 csnmuum
911 286 1003 315 mn.
1035 285 1065 316 ι.
1096 275 1166 316 12.

328 379 508 429 Crescit,
527 379 701 421 occulto
722 380 839 422 velut
856 380 982 421 arbor
1002 392 1118 430 aevo,

1518 276 1604 319 123

1545 383 1602 422 45

332 446 471 488 Fama
491 445 720 488 Marcelli:
750 447 887 488 micat
905 447 1016 487 inter
1034 458 1190 488 omnes

327 512 357 553 J
361 512 500 552 ulium
521 512 657 562 sidus,
675 513 795 553 velut
814 513 926 553 inter
945 513 1068 564 ignes

663 578 793 620 Luna
811 580 1016 620 minores.

329 642 490 684 Gentis
507 643 708 685 humanae
727 647 854 698 pater
873 649 1010 698 atque
1029 648 1192 695 custos,

161 756 243 788 sieut
255 755 350 788 arbor
363 760 478 788 secreto
493 755 638 796 temporis

660 763 836 797 progressu.
880 755 927 785 At
940 757 1057 786 ceteros
1071 755 1154 787 inter
1170 756 1309 797 splendet
1329 760 1448 788 astrum
1462 756 1558 795 Julii,
1572 758 1606 786 ut

161 797 252 830 Lanu
265 800 350 831 inter
364 800 498 831 utinm-es
511 799 628 830 stella.
675 797 763 839 Ofili
777 796 912 828 Saturni
926 796 1070 837 Jupiter,
1084 798 1210 830 hnmani
1220 800 1346 838 generis
1359 803 1466 830 auctor
1486 803 1515 830 et
1536 809 1606 829 con-

761 890 803 905 00
802 891 899 904 00000

901 891 1001 905 οοοοο

159 955 221 988 Sil.
234 955 318 988 Ital.
333 965 359 989 ι.
373 959 447 990 609.
462 961 494 990 et
507 958 611 990 ailus
621 962 691 990 arto
706 957 849 990 Mediol.
865 960 960 990 14⁷⁷.
975 962 1014 991 ut
1027 958 1116 999 conj.
1132 959 1334 990 Reum—45
1351 958 1428 990 Nic.
1444 957 1605 988 Heinsius

163 998 255 1038 co'nj.
276 999 397 1053 occulto
410 1009 485 1031 ma.
501 1010 588 1040 urvo,
614 1000 638 1030 ἰ.
656 1010 688 1032 e.
711 1000 851 1032 deserto
876 1010 1010 1041 campo,
1034 1001 1203 1041 probante
1228 1001 1485 1032 Bentleio.—⁴6
1511 999 1607 1031 Fama

809 1094 840 1126 N
846 1095 949 1127 0⁹1¹AE

164 1154 396 1195 triumphavit,
419 1156 627 1198 Romamque
644 1157 717 1198 jam
740 1158 785 1189 ab
806 1156 858 1190 his

163 1208 299 1246 captam
315 1208 453 1237 strenue
465 1207 647 1248 pugnando
659 1207 858 1240 vindicavit.

162 1253 220 1286 Ad
234 1262 339 1286 anuos
353 1256 527 1295 octogiuta
540 1255 756 1297 Reipublicae
773 1267 860 1288 sem·

159 1299 226 1343 'per
247 1301 339 1335 utilis
365 1303 475 1336 vixit:
498 1303 577 1337 hinc
602 1310 703 1345 pater
728 1307 859 1346 patriae,

162 1353 250 1385 alter
269 1353 443 1390 Romulus.
459 1364 499 1386 ac
512 1355 603 1386 urbis
624 1355 779 1388 conditor
793 1366 862 1388 me-

161 1402 249 1435 ritas
262 1403 439 1444 appellari.
483 1405 572 1436 Vide
589 1405 664 1437 Liv.
677 1406 739 1437 lib.
751 1415 784 1438 v.
794 1408 860 1438 διο.

204 1455 246 1484 46
271 1453 406 1491 Crescit,
425 1455 541 1486 occulto
566 1456 652 1486 velat
670 1456 762 1487 arbor
781 1467 861 1495 πο,

164 1502 263 1534 Fene
278 1502 439 1543 Marcelli]
452 1503 548 1535 Sicut
563 1504 665 1535 arbor
679 1505 801 1536 sensim
818 1515 859 1536 ac

163 1552 298 1584 nemine
331 1551 533 1585 advertente
569 1554 708 1590 erescit,
743 1556 860 1586 occano

163 1610 240 1641 eu,
253 1600 389 1632 labente
404 1601 492 1632 claui
514 1606 680 1642 tempore.
705 1612 860 1643 progres-

160 1657 204 1681 ιιι
217 1650 381 1682 meusium
398 1655 435 1682 et
449 1660 623 1690 annorum,
638 1652 687 1684 ita
702 1652 865 1684 Marcelli

162 1697 256 1731 fama
283 1699 317 1730 in
342 1698 417 1730 dies
446 1704 592 1740 augetur
622 1709 662 1732 ae
691 1701 860 1732 celebrior

162 1747 292 1780 uadit.
337 1749 495 1780 Erasmus
509 1749 599 1780 huuc
614 1750 724 1781 locum
746 1751 796 1782 sie
821 1750 860 1781 il·

164 1797 289 1828 lustrat
301 1807 311 1828 ς
325 1797 336 1816 ⁴
347 1797 465 1828 Solent
476 1799 646 1837 praecocia
656 1799 769 1830 subito
782 1798 861 1830 flac-

166 1853 330 1882 cescere3
356 1845 416 1876 sed
430 1846 519 1886 quod
541 1847 704 1885 paulatim
730 1857 862 1879 accres-

165 1893 231 1933 cit,
239 1892 392 1925 durabile
402 1898 466 1925 est.
480 1894 582 1925 Unde
593 1895 760 1927 Horatius
769 1896 861 1927 Mar-

166 1935 246 1974 celii
257 1941 383 1974 famam
404 1943 498 1975 velut
515 1953 592 1975 cum
615 1945 738 1977 robore
761 1946 861 1977 arbo-

167 1999 240 2023 rem
255 1996 451 2032 surgentem
469 1992 649 2026 celebrae*
692 1995 696 1998 ’
711 2003 715 2006 ’

209 2042 255 2072 46
273 2037 435 2079 Maricelli]
466 2040 551 2073 Quis
575 2040 647 2079 ille,
668 2051 744 2074 nor»
759 2043 858 2083 plane

166 2083 332 2132 conatus.
357 2088 427 2120 Alii
447 2089 564 2120 volunt
584 2090 634 2122 M.
656 2090 857 2122 Marcellum

161 2136 324 2169 >Octaviae
349 2136 495 2178 Augusti
519 2139 645 2170 sororis
665 2138 784 2180 filiurn,
804 2140 859 2172 cui

160 2187 202 2220 in
215 2187 358 2230 Imperii
377 2198 607 2221 successorem
624 2190 790 2232 adoptato
805 2201 858 2222 su—

160 2235 228 2270 ad*
245 2237 305 2269 ille
331 2237 434 2269 filiam
463 2238 694 2279 desponderat
720 2241 858 2273 Juliam.

160 2285 222 2319 De
237 2295 280 2319 eo
293 2287 418 2328 Vir-gil.
432 2288 563 2320 AEneid.
578 2298 630 2321 vt.
643 2292 719 2322 861.
735 2294 771 2321 et
786 2299 859 2331 seq.

159 2337 207 2372 »et
216 2335 352 2368 Seneca
373 2336 417 2368 ad
433 2337 598 2369 Marciam
621 2347 696 2379 cap.
718 2341 750 2370 2.
794 2340 860 2370 Ve-

161 2389 241 2417 -nun
265 2389 342 2417 eum
369 2386 397 2416 is
421 2386 599 2418 admodum
620 2388 768 2429 juvenis,
790 2390 862 2421 sola

162 2433 280 2465 indole
307 2435 473 2475 praeclara
502 2436 700 2468 nobilitatus
727 2438 863 2477 obierit,

160 2491 236 2522 quo
250 2487 353 2523 pacto
367 2484 439 2524 ejus
454 2483 543 2515 fama
561 2495 715 2518 crescere
737 2487 771 2518 in
788 2487 861 2518 dies

170 2530 214 2562 ab
234 2531 380 2564 Horatio
401 2533 560 2566 dicatur?
600 2536 725 2577 Itaque
750 2537 860 2567 malim

165 2584 238 2619 :ego
251 2589 327 2612 cum
348 2582 422 2613 aliis
447 2583 637 2625 intelligere
660 2586 710 2617 M.
726 2585 863 2617 Claudi-

172 2635 227 2658 um
240 2626 453 2670 Marcellum,
477 2633 654 2674 quinquies
670 2634 863 2672 Consulem,

173 2674 233 2714 qui
248 2674 366 2707 Gallos
387 2677 644 2721 Germanosque
668 2682 865 2723 debellavit,

166 2724 349 2764 ipsumque
358 2724 584 2760 Hannibalem
591 2730 757 2764 invictum
763 2738 865 2763 antea

166 2771 264 2804 »vinci
292 2779 390 2812 posse
409 2773 525 2807 docuit
539 2787 548 2808 :
572 2782 676 2819 atque
690 2779 734 2821 ab
749 2789 791 2811 eo
806 2779 864 2812 de-

911 1168 1001 1190 mum
1032 1158 1280 1191 circumventus
1306 1167 1348 1189 ac
1375 1166 1484 1189 eaesns
1502 1157 1606 1189 etiam

911 1209 978 1240 coli
993 1212 1030 1240 et
1045 1209 1218 1240 observari
1229 1207 1352 1239 meruit
1364 1211 1440 1247 post
1453 1210 1607 1238 mortem.

913 1257 1000 1288 Nam
1016 1262 1052 1288 et
1068 1256 1251 1289 honorifice
1273 1256 1488 1288 cremandum
1513 1256 1608 1288 Han-

912 1306 1005 1338 nibal
1033 1306 1179 1346 curavit,
1202 1307 1342 1347 ejusque
1364 1306 1497 1337 eineres
1524 1315 1609 1337 urna

913 1360 1077 1396 argentea
1092 1356 1237 1388 inclusos
1249 1360 1285 1386 et
1295 1365 1422 1387 corona
1431 1362 1535 1387 turea
1550 1354 1609 1386 de-

913 1410 1047 1436 coratos
1073 1405 1115 1436 ad
1143 1405 1221 1445 ejus
1244 1404 1350 1435 filium
1376 1404 1482 1436 misit.
1526 1404 1608 1435 Plu-

913 1454 1022 1486 tarch.
1043 1455 1118 1486 Liv.
1142 1454 1201 1486 lib.
1216 1463 1327 1486 xxm.
1349 1459 1385 1486 et
1400 1463 1472 1495 seq.
1488 1453 1609 1494 virgil.

915 1503 1047 1535 AEneid.
1064 1513 1113 1536 vr.
1126 1507 1201 1535 855.

958 1554 1059 1586 Uicae
1095 1554 1180 1585 inter
1216 1562 1320 1584 omes
1353 1552 1474 1583 Julium
1506 1551 1608 1591 sidus]

912 1604 1052 1635 Sueton.
1066 1603 1088 1636 J
1093 1604 1137 1635 ul.
1153 1613 1229 1643 cap.
1244 1605 1297 1634 88.
1314 1602 1364 1633 ita
1378 1600 1500 1632 scribit
1514 1610 1524 1632 :
1545 1604 1554 1618 ⁸
1565 1601 1607 1632 In

914 1653 1064 1683 Deorum
1093 1661 1268 1683 numerum
1298 1652 1423 1682 relatus
1447 1654 1511 1686 est,
1542 1658 1609 1681 non

916 1711 976 1733 on
990 1701 1091 1733 modo
1113 1701 1383 1738 decernentium,
1403 1699 1464 1730 sed
1479 1703 1517 1730 et
1532 1708 1610 1739 per-

913 1750 1070 1781 suasione
1084 1750 1196 1787 vulgi:
1221 1748 1387 1789 siquidem
1410 1748 1512 1786 ludis,
1527 1757 1610 1788 quos

914 1799 1023 1838 primo
1038 1802 1257 1830 consecratos
1272 1798 1304 1828 ei
1316 1797 1424 1828 haeres
1435 1795 1612 1837 Angustus

913 1846 1052 1885 edebat,
1067 1847 1167 1878 stella
1180 1846 1303 1878 crinita
1315 1855 1376 1886 per
1387 1850 1520 1886 septem
1535 1844 1610 1877 dies

904 1896 1092 1928 *continuos
1113 1895 1224 1934 fulsit,
1249 1895 1405 1926 exoriens
1433 1894 1529 1926 circa
1548 1903 1611 1925 nu-

913 1945 1079 1977 decimam
1115 1945 1234 1975 boram
1245 1954 1256 1975 =
1287 1943 1525 1984 creditumque
1557 1947 1612 1974 est

913 1993 1055 2024 animam
1079 2001 1155 2023 esse
1180 1991 1326 2023 Caesaris
1351 1991 1386 2022 iu
1411 1992 1532 2022 eoelum
1559 2000 1611 2023 re-

912 2042 1027 2082 cepti:
1050 2045 1087 2072 et
1100 2041 1163 2072 hac
1178 2041 1221 2072 de
1235 2050 1336 2072 causa
1347 2041 1526 2072 simulacro
1541 2042 1613 2082 ejus

912 2091 945 2122 in
966 2091 1097 2122 vertice
1114 2090 1253 2122 additur
1277 2089 1402 2121 nella!
1444 2089 1543 2121 Idem
1559 2100 1614 2122 re-

909 2140 1022 2172 fertur
1042 2140 1075 2171 in
1102 2140 1264 2180 Epistolis
1288 2140 1447 2181 Augusti.
1491 2141 1613 2182 Vir-gil.

912 2190 1031 2229 Eclog.
1045 2197 1097 2220 ιι.
1111 2191 1167 2220 47.
1186 2190 1197 2207 ‘
1211 2190 1304 2221 Ecce
1319 2190 1454 2221 Dionaei
1475 2200 1612 2230 proces-

911 2239 956 2270 sit
985 2239 1129 2271 caesaris
1158 2239 1311 2270 astrum!
1351 2230 1442 2270 Vide
1467 2244 1503 2270 et
1530 2240 1612 2270 Plu-

913 2287 1021 2323 tarch.
1039 2287 1142 2318 Dion.
1159 2287 1219 2318 lib.
1236 2296 1320 2318 xcv.
1343 2288 1465 2319 Senec.
1481 2288 1612 2320 Quaest.

914 2337 1072 2369 Natural.
1089 2346 1152 2368 vn.
1166 2340 1219 2368 17.
1234 2338 1325 2369 Plin.
1340 2346 1382 2368 11.
1398 2340 1452 2368 25.
1468 2337 1526 2368 ubi
1542 2336 1612 2368 Au-

914 2386 1004 2426 gusti
1020 2386 1126 2426 ipsius
1144 2385 1187 2416 de
1203 2385 1327 2416 crinito
1342 2386 1399 2415 illo
1414 2385 1527 2416 sidere
1544 2390 1613 2416 tes-

913 2435 1090 2467 timonium
1108 2434 1225 2465 refert.
1268 2435 1378 2469 Porro
1395 2437 1545 2465 cometes
1555 2434 1613 2465 ille
1655 2471 1659 2475 ⁴

915 2483 1239 2515 ChristiServatoris
1249 2483 1355 2513 nostri
1366 2484 1511 2514 natalem
1523 2493 1613 2525 prae-

914 2534 1086 2564 nuntiasse
1101 2533 1208 2562 multo
1221 2532 1339 2562 melius
1355 2533 1517 2565 creditur.

956 2584 999 2612 49
1024 2581 1138 2615 Gentis
1152 2581 1292 2611 humane
1303 2585 1408 2620 pater,
1421 2583 1494 2623 ξω]
1518 2584 1611 2616 Prae-

916 2631 1009 2662 clare
1025 2629 1067 2660 ad
1084 2628 1292 2669 Augustum,
1305 2640 1371 2671 quo
1384 2637 1476 2663 totns
1491 2633 1612 2666 tende-

916 2681 988 2719 bat,
1018 2677 1221 2710 laudandum
1250 2680 1343 2712 venit
1370 2682 1519 2723 tandem,
1550 2694 1611 2724 per
1667 2672 1674 2678 ¹

909 2729 1144 2770 apostrophen
1165 2727 1209 2759 ad
1236 2728 1369 2769 Jovem‚
1393 2731 1447 2762 cui
1469 2731 1611 2764 divisum

910 2788 993 2812 cum
1009 2779 1083 2820 ipso
1097 2777 1282 2820 Imperium
1298 2779 1432 2812 asserit.
